4736 6478
1083 482 1280 539 sumuntur
1298 483 1510 541 EPISTVLAE
1594 515 1595 519 =

1069 901 1142 977 nu
1172 900 1519 978 mnurumuvu.
1578 994 1585 1008 .

1232 1072 1357 1138 XXIII.

1020 1228 1281 1295 SYMMACHVS
1309 1226 1563 1293 MARINIANO.

567 1402 635 1468 Nos
657 1401 710 1467 bic
731 1402 764 1466 in
788 1401 853 1467 otio
875 1400 1067 1466 rusticamur
1089 1406 1121 1466 et
1143 1400 1339 1466 multimodis
1362 1400 1575 1467 autumnitate
1597 1399 1785 1466 defruimur.
1831 1419 1907 1464 nam
1936 1405 2105 1483 postquam

480 1505 576 1571 doliIs
598 1526 682 1571 nova
704 1505 780 1571 vina
801 1505 1027 1584 commisimus,
1054 1525 1138 1588 quae
1161 1505 1249 1570 calce
1272 1511 1304 1570 et
1325 1506 1415 1590 prelo
1437 1505 1572 1570 subacta
1585 1503 1755 1583 fluxerunt,
1781 1503 1946 1587 trapetis
1968 1501 2107 1568 teritur
2127 1518 2141 1557 ⁵

480 1609 573 1674 baca
596 1608 790 1694 Sicyonia,
817 1615 852 1674 ut
873 1629 1012 1693 praecox
1034 1609 1108 1674 olea
1130 1608 1162 1672 in
1185 1628 1279 1673 usum
1302 1607 1378 1673 olivi
1397 1609 1509 1674 viridis
1525 1609 1713 1693 mulceatur.
1752 1607 1877 1673 interea
1890 1606 1952 1672 loci
1966 1606 2108 1672 ferarum

481 1712 595 1777 domus
623 1711 744 1796 indago
773 1712 943 1795 sollicitat,
976 1718 1011 1778 ut
1038 1712 1178 1777 incertus
1206 1711 1349 1795 agricola
1377 1712 1412 1777 in
1434 1711 1541 1778 officia
1564 1712 1694 1778 diversa
1715 1710 1883 1777 discurrat.
1930 1708 1988 1774 alii
2009 1708 2108 1775 scalis

480 1814 523 1880 ad
551 1815 698 1881 arborum
730 1835 856 1880 summa
883 1822 1071 1900 perrepunt:
1106 1815 1250 1900 plerique
1280 1815 1409 1880 condita
1437 1823 1545 1882 musta
1570 1814 1756 1893 defaecant;
1790 1813 1934 1879 nonnulli
1957 1832 2107 1897 aprorum

440 1917 583 1985 todbra
610 1919 750 2002 vestigia
776 1939 891 1985 canum
921 1919 1100 2003 sagacitate
1128 1918 1318 2000 disquirunt.
1365 1918 1424 1985 sed
1454 1919 1535 1984 baec
1563 1918 1688 1998 omnia,
1726 1918 1754 1982 si
1782 1916 1947 1982 nobiscum
1976 1935 2104 1999 ageres,

481 2022 556 2107 plus
584 2022 758 2108 placerent.
807 2029 894 2089 tenet
923 2030 955 2088 te
985 2022 1121 2089 eruditio
1145 2021 1387 2103 Scaevolarum,
1422 2022 1497 2088 dum
1521 2022 1665 2088 forenses
1687 2021 1814 2087 rabulas
1837 2020 1974 2105 pervigil
1997 2020 2109 2085 doctor
2131 2034 2159 2074 ¹⁰

479 2125 634 2191 instituis.
672 2145 771 2208 quare
793 2145 922 2192 accurre
945 2126 1125 2211 perniciter,
1152 2132 1188 2192 ut
1209 2125 1362 2191 feriarum
1385 2126 1541 2209 reliquiae
1560 2125 1680 2192 laboris
1695 2124 1858 2191 fastidium
1875 2129 2032 2207 tergeant,
2057 2127 2108 2188 vel

482 2236 578 2311 certe,
606 2228 636 2294 si
658 2228 717 2295 tibi
741 2228 896 2314 ergastuli
918 2229 1011 2296 istius
1034 2249 1123 2294 amor
1137 2236 1246 2295 tantus
1262 2235 1320 2307 est,
1347 2229 1460 2295 adesto
1479 2228 1614 2315 inpiger,
1641 2237 1676 2294 ut
1690 2228 1734 2295 ad
1748 2227 1920 2295 dicendum
1935 2226 2111 2313 promptior

478 2332 660 2398 revertaris.
706 2333 790 2398 vale.

1219 2660 1359 2728 XXIIII.

1021 2816 1281 2884 SYMMAchs
1303 2816 1560 2884 MARINIANO.
2129 2829 2158 2869 ¹⁵

563 2989 656 3068 Quod
678 2989 825 3056 icaunae
847 2997 922 3055 tuae
945 2988 1173 3073 pollucibiliter
1195 2990 1385 3073 floruerunt,
1412 3010 1516 3055 meum
1540 2989 1623 3057 duco
1645 2988 1874 3074 conpendium,
1907 2987 2038 3072 quando
2060 2987 2108 3054 ita

477 3093 638 3159 animatus
660 3112 748 3174 sum,
781 3099 817 3158 ut
845 3092 1018 3157 amicorum
1047 3111 1202 3177 prospera
1233 3093 1313 3159 meis
1340 3092 1618 3159 commoditatibus
1640 3100 1774 3159 externa
1795 3112 1857 3157 non
1878 3091 2026 3157 arbitrer.
2073 3098 2108 3157 et

477 3216 512 3262 re
541 3217 617 3262 vera
646 3206 760 3279 quotus
784 3195 920 3280 quisque
942 3194 1063 3261 bomini
1086 3195 1157 3262 dies
1180 3197 1284 3262 laetus
1307 3202 1357 3263 est
1380 3217 1439 3263 sua
1461 3203 1583 3263 tantum
1607 3198 1751 3264 secunda
1772 3195 1974 3261 numeranti?
2009 3194 2107 3260 latius

477 3298 614 3384 gaudet,
647 3299 703 3384 qui
731 3305 764 3366 et
792 3299 925 3366 alterius
953 3300 1047 3365 bonis
1077 3300 1229 3384 pascitur.
1277 3322 1342 3385 qua
1369 3321 1421 3367 me
1449 3301 1548 3384 igitur
1575 3300 1790 3385 gratulatione
1812 3298 1974 3365 adiectum
1998 3303 2103 3383 putas,

478 3422 550 3467 cum
580 3402 638 3468 tibi
667 3402 807 3486 comperi
835 3402 962 3485 iugales
993 3401 1071 3468 deos
1101 3410 1235 3469 matrem
1266 3404 1406 3469 familias
1435 3405 1604 3489 copulasse
1627 3412 1723 3488 atque
1746 3424 1786 3469 ex
1809 3423 1849 3470 ea
1871 3402 2004 3468 filiolam
2025 3407 2107 3467 tenu·
2128 3413 2160 3455 ²⁰

436 3505 604 3591 2pestivo
626 3505 756 3571 dedisse
778 3512 956 3591 proventui
992 3525 1084 3587 nam,
1118 3512 1153 3571 ut
1179 3507 1260 3590 scis,
1293 3507 1463 3573 intervallo
1485 3508 1585 3573 maris
1607 3516 1703 3592 atque
1726 3514 1896 3587 terrarum,
1930 3525 1992 3587 quo
2014 3503 2107 3570 disti-

479 3629 609 3691 nemur,
640 3629 708 3674 non
733 3609 821 3693 prius
851 3609 1019 3693 coniugem
1047 3609 1106 3674 tibi
1135 3630 1231 3694 quam
1255 3611 1399 3677 subolem
1421 3611 1598 3677 accessisse
1619 3611 1765 3696 cognovi.
1812 3610 1934 3695 quippe
1957 3607 2031 3673 unis
2052 3607 2106 3672 lit-

479 3712 556 3779 teris
579 3719 612 3779 et
633 3712 778 3778 nuntium
800 3711 920 3778 filiolae
943 3731 1056 3778 recens
1079 3713 1187 3780 editae
1210 3721 1243 3780 et
1263 3714 1441 3799 nuptialem
1463 3714 1639 3799 sportulam
1663 3713 1818 3781 detulisti.
1864 3733 1949 3797 quae
1975 3711 2106 3795 quidem

477 3816 562 3881 bona
588 3815 646 3882 tibi
673 3815 841 3902 dispertita
869 3815 1067 3901 temporibus
1097 3816 1301 3899 acciderunt,
1334 3818 1394 3883 sed
1422 3838 1528 3884 meum
1558 3823 1671 3902 pectus
1699 3817 1820 3903 pariter
1846 3816 1995 3901 ingressa
2016 3820 2102 3880 sunt.

477 3918 593 3985 cedant
620 3920 741 4004 gaudia
768 3918 875 3985 divisa
903 3918 1096 3999 coniunctis;
1130 3919 1310 3987 uberiorem
1339 3921 1418 3986 mibi
1447 3921 1582 3986 fructum
1613 3920 1774 4007 praestitit
1802 3940 1901 3985 mora.
1949 3918 2013 3984 iam
2042 3937 2105 3982 non
2126 3932 2157 3973 ²⁵

476 4044 607 4108 queror,
641 4022 727 4107 quod
756 4022 917 4107 epistulae
948 4030 1023 4088 tuae
1045 4041 1137 4089 serae
1160 4031 1250 4090 suut:
1285 4023 1426 4090 iucunda
1448 4024 1561 4092 dilatio
1584 4031 1651 4107 est,
1683 4044 1766 4108 quae
1788 4023 1884 4088 simul
1907 4022 1992 4088 bona
2012 4022 2107 4107 plura

477 4125 640 4192 restituit..
674 4127 759 4192 vale.

562 4351 684 4419 averg.
703 4348 738 4405 G.
758 4349 786 4404 11
805 4351 864 4403 519.

477 4562 864 4570 ——-———-—--—-—.....

562 4714 573 4765 1
601 4717 706 4778 explicit
723 4716 754 4764 ad
772 4717 925 4780 graegorium
944 4717 1035 4778 incipit
1052 4718 1083 4765 ad
1102 4718 1268 4766 marinianum
1288 4720 1318 4782 P,
1343 4734 1392 4769 om.
1417 4721 1459 4768 VF
1594 4722 1677 4771 (tom.
1702 4720 1744 4768 Vli
1881 4719 1974 4768 marino
1995 4717 2016 4765 P
2034 4722 2046 4766 1
2066 4735 2101 4767 m.

473 4802 596 4852 tmolus
614 4804 735 4851 modist*
852 4803 961 4851 fruimur
979 4803 1002 4849 F
1120 4803 1247 4866 5tapetis
1265 4805 1312 4853 PV
1430 4806 1446 4856 6
1464 4821 1525 4855 uaca
1543 4808 1566 4855 P
1579 4811 1590 4855 i
1604 4824 1638 4856 m.
1657 4805 1745 4871 111111)
1863 4805 1957 4865 sycioul
1975 4810 2020 4853 aut
2036 4805 2106 4852 PVF

474 4888 489 4936 'i
508 4890 592 4938 domos
611 4891 634 4937 F
750 4890 766 4940 8
785 4891 896 4939 arborem
915 4889 961 4937 Pr
975 4904 1010 4939 m.
1134 4890 1150 4940 9
1167 4890 1198 4938 ad
1216 4904 1257 4940 ora
1280 4892 1300 4937 V
1411 4894 1557 4956 disquirunt
1573 4908 1622 4942 orn.
1637 4893 1661 4941 P
1782 4892 1813 4942 io
1831 4893 1986 4942 scedularum
2004 4890 2072 4938 PVF

473 4979 584 5026 temutes
602 4976 648 5025 Pi
663 4992 697 5024 m.
716 4977 736 5022 V
855 4971 965 5041 rabulas]
983 4976 1107 5037 Sebottas,
1127 4977 1222 5026 mucias
1241 4977 1376 5041 Puerile)
1501 4980 1530 5030 li
1550 4976 1658 5045 reliquls
1677 4981 1701 5029 P
1819 4975 1963 5045 fastidium]
1982 4979 2009 5037 F,
2029 4977 2102 5026 iuti·

472 5063 541 5122 glum
560 5062 608 5110 PV
709 5068 824 5124 tergeant
842 5064 883 5110 uel
901 5059 980 5128 cene]
998 5076 1051 5122 apo,
1071 5068 1197 5122 tergeatur
1213 5070 1281 5113 corte
1300 5065 1352 5127 ΡΥ,
1374 5071 1488 5127 tergeant
1506 5068 1616 5129 denique
1637 5069 1659 5114 F
1762 5067 1792 5117 12
1811 5065 1870 5127 sort.
1890 5065 2027 5114 docendum

561 5147 592 5197 15
609 5162 658 5196 eru.
678 5149 720 5197 Vl*
824 5147 855 5198 it
874 5149 1045 5211 pollicibiliter
1062 5148 1093 5208 P,
1112 5151 1178 5197 bene
1197 5150 1220 5196 Ρ
1332 5150 1432 5201 11-19
1450 5158 1476 5201 et
1493 5168 1519 5202 re
1537 5168 1597 5202 uara
1613 5179 1649 5191 -
1666 5155 1777 5215 pascitur
1793 5170 1844 5204 om.
1858 5155 1882 5202 F
1995 5153 2025 5205 ts
2042 5169 2104 5217 quo·

473 5232 527 5302 tus]
545 5236 651 5297 iuretur,
671 5235 737 5298 quod
755 5241 785 5284 ut
803 5233 916 5296 Prilio]
1023 5236 1156 5301 secundam
1175 5235 1199 5283 P
1302 5236 1334 5288 is
1352 5243 1426 5299 putas
1444 5240 1603 5291 csu.P1m.
1709 5241 1742 5291 20
1760 5243 1810 5290 tillo
1828 5243 1878 5291 iarn
1897 5242 1943 5291 Pl
1957 5258 2002 5302 m.,
2022 5242 2102 5290 tilium

472 5323 522 5370 iarn
541 5322 635 5370 Pam.
743 5319 885 5384 telpestiuo
904 5321 927 5369 P
1028 5320 1058 5371 11
1080 5323 1286 5385 quodastiuemur
1305 5324 1351 5373 Pl
1366 5340 1400 5374 m.
1419 5324 1473 5388 (Γ),
1493 5327 1557 5389 quod
1576 5333 1618 5377 est
1634 5330 1763 5378 intuemur
1785 5329 1813 5392 V,
1833 5342 1883 5391 quo
1901 5329 2065 5377 destituimur
2085 5329 2107 5375 F

474 5407 507 5457 tt
526 5408 682 5471 temporibus
700 5408 832 5471 dispertita
850 5409 990 5458 acciderant
1009 5410 1032 5455 F
1134 5408 1167 5459 16
1185 5410 1277 5459 delatio
1296 5409 1390 5460 Plau.
1497 5415 1561 5464 bona
1577 5429 1626 5465 om,
1642 5417 1664 5464 F
1764 5413 1797 5464 27
1817 5415 1873 5463 eale
1890 5429 1939 5463 om.
1958 5416 1979 5462 V
