4686 6472
851 484 903 539 DE
921 483 1118 548 simulem
1136 482 1242 540 VITA.
1785 486 1860 551 LXI

225 732 288 773 mas
311 712 433 774 Fundos
453 715 636 793 praeterire,
663 715 693 775 si
715 731 766 775 cos
790 713 928 774 Formias
950 713 1115 775 accessisse
1137 712 1329 787 didicissem
1350 720 1510 794 postquam
1532 714 1624 774 aliter
1646 715 1753 790 evenit,
1776 733 1856 795 par·

225 834 277 895 tiri
298 834 356 894 iter
375 833 496 913 placuit
518 832 565 894 acl
587 832 839 895 minuendum
866 831 1051 895 laborem.
1099 835 1159 895 erit
1180 833 1277 914 iqilur
1300 833 1331 893 in
1354 831 1483 894 arbitrio
1506 835 1659 894 Fortunae
1680 841 1784 896 ratum
1802 833 1857 915 sa·

225 972 298 1031 cere,
324 961 360 1015 nt
381 973 413 1015 a.
439 953 470 1016 (1.
502 952 605 1017 Viral.
631 950 710 1036 Auq.
739 954 902 1015 Formiana
924 953 993 1015 sede
1015 952 1316 1033 recreemar²⁶³).
1364 950 1579 1035 Symmachus
1607 948 1707 1034 igitur
1728 953 1854 1019 551515-

225 1072 329 1138 dinem
351 1071 533 1155 gruriorem
555 1091 729 1158 perpessus
750 1090 862 1137 mense
884 1071 966 1137 Iulio
989 1076 1127 1137 exeunte
1150 1069 1193 1135 ad
1216 1070 1321 1137 sinum
1344 1071 1550 1138 Formianum
1572 1071 1792 1157 proficiscitur,
1821 1080 1856 1138 ut

227 1193 309 1258 vires
332 1192 487 1258 refoveat.
533 1192 636 1259 morbi
657 1200 786 1278 tempus
809 1192 935 1259 (155155
958 1190 1199 1259 evocationibus
1222 1191 1446 1257 consularibus
1470 1191 1635 1258 delinitur:
1671 1192 1712 1260 de
1739 1194 1851 1276 altere,

224 1332 316 1396 quam
346 1312 390 1378 ud
411 1312 573 1379 'l'beodori
594 1313 795 1380 consulatum
818 1319 1001 1398 acceperat,
1036 1312 1146 1379 scribit
1168 1318 1275 1378 amtor
1297 1313 1356 1378 snb
1379 1310 1475 1378 linem
1498 1311 1575 1377 anni
1599 1314 1678 1378 398;
1716 1317 1786 1395 155,
1814 1316 1855 1378 26

225 1435 297 1497 mibi
324 1436 478 1517 quiescere
506 1442 534 1498 ct
561 1436 643 1497 domi
671 1455 796 1498 manere
825 1437 973 1499 sententia
1003 1442 1047 1497 est
1065 1442 1135 1516 post
1156 1436 1233 1497 anni
1255 1435 1492 1516 superioris
1515 1434 1668 1510 taborem;
1698 1433 1732 1499 in
1754 1433 1858 1499 ultera

225 1572 338 1619 musas
361 1552 578 1619 excusationis
600 1553 661 1620 hoc
682 1553 776 1620 modo
798 1553 945 1639 exponit:
983 1557 1052 1635 154,
1081 1555 1121 1618 28
1144 1574 1217 1616 555
1236 1555 1374 1637 fractam
1397 1555 1603 1617 5515151555
1626 1548 1852 1635 meam'nostis,

225 1685 252 1738 et
278 1678 363 1738 unici
389 1677 449 1738 mei
477 1676 668 1738 solitudinem
696 1677 957 1757 contemplamini,
993 1683 1021 1738 ct
1049 1677 1223 1757 eruptiones
1247 1676 1410 1757 (luminum
1431 1694 1528 1757 usqne
1551 1677 1593 1739 acl
1616 1684 1726 1738 melum
1748 1678 1859 1739 diluuii

225 1799 428 1878 comperistis,
460 1799 597 1877 pontium
624 1817 740 1880 quoque
767 1800 878 1860 ruinas
908 1804 936 1859 ct
956 1798 1102 1859 montium
1125 1797 1207 1859 labes
1230 1797 1315 1878 apud
1337 1815 1409 1878 aas,
1443 1805 1477 1860 ut
1498 1796 1656 1877 arbitror,
1686 1797 1775 1879 sama
1796 1817 1857 1860 noa

225 1919 328 1980 luant.
376 1914 418 1981 (15
440 1915 660 1982 consulatibus
682 1915 808 2001 Olybrii
830 1922 863 1982 51
884 1914 1013 1982 Probini
1035 1934 1066 1979 5.
1094 1916 1218 1999 395111)
1245 1922 1341 1999 51555
1363 1914 1461 1982 Attici
1483 1936 1514 1980 5.
1543 1919 1604 1981 397
1615 1916 1688 1999 ²⁶⁶),
1716 1915 1771 1999 qui
1792 1917 1857 1981 115

225 2055 294 2101 mne
317 2034 424 2101 luscos
447 2041 666 2120 sumpserunt,
700 2056 805 2102 sermo
828 2055 901 2102 5555
922 2035 975 2101 115
997 2055 1062 2101 555
1084 2042 1207 2121 551551,
1240 2056 1345 2119 55555
1368 2035 1410 2102 (15
1433 2035 1619 2102 8611515515
1642 2056 1672 2100 5.
1700 2040 1779 2117 400,
1813 2035 1857 2102 od

225 2176 318 2238 quem
340 2156 556 2240 Symmachus
585 2154 748 2240 profectus
778 2163 843 2236 est;
876 2175 981 2221 55555
1004 2158 1064 2219 401
1097 2175 1135 2221 eo
1165 2156 1363 2235 excluditur,
1397 2156 1484 2239 qnod
1513 2155 1649 2222 oratoris
1678 2154 1765 2222 filius
1787 2163 1855 2222 tnm

223 2282 406 2361 praeturam
429 2276 540 2360 gessit,
567 2295 651 2358 5555
674 2296 747 2342 cum
768 2277 852 2345 inter
874 2275 1026 2343 manendi
1048 2295 1165 2342 canses
1187 2278 1240 2344 551
1263 2277 1401 2363 primum
1417 2278 1521 2343 locum
1536 2276 1679 2344 obtinere
1695 2275 1853 2359 debuerit,

225 2396 275 2461 bio
296 2401 439 2473 tanetum
465 2396 616 2481 epistula,
642 2417 707 2481 555
729 2397 907 2463 5555511551
929 2396 1092 2464 Theodori
1115 2398 1257 2464 consulis
1279 2419 1311 2464 5.
1329 2400 1393 2462 399
1416 2396 1590 2483 respondit,
1616 2398 1723 2464 adhuc
1742 2416 1857 2483 snper·

224 2517 412 2601 5511115),
447 2515 505 2582 sed
533 2536 637 2600 55555
667 2517 709 2583 (15
731 2517 917 2602 Symmachi
946 2518 1050 2584 fracta
1079 2518 1266 2585 valetudine
1294 2538 1400 2602 55555
1430 2518 1621 2585 delibaris
1647 2517 1857 2585 inundatione

224 2635 355 2702 verbnm
383 2636 419 2700 15
448 2655 488 2701 55
518 2636 680 2722 reperiam
714 2637 840 2703 initium
869 2637 1245 2704 5551402Μ511515511
1275 2637 1432 2704 celebrari
1453 2628 1609 2723 nequivit.
1619 2645 1749 2724 propter
1769 2639 1857 2724 peri-

224 2756 328 2821 culum
358 2755 551 2823 incursionis
581 2756 749 2823 Gothicae.
795 2764 919 2824 restant
946 2758 1079 2824 Honorii
1109 2758 1294 2824 consulatus
1325 2758 1438 2824 tertius
1468 2766 1501 2825 51
1532 2766 1666 2842 quartus
1699 2779 1855 2825 annorum

225 2878 285 2941 396
308 2884 342 2943 51
365 2880 443 2957 398,
470 2876 554 2943 inter
575 2898 655 2961 5555
678 2878 792 2945 5155115
814 2878 903 2944 1551
925 2878 1069 2946 difficilis
1092 2885 1157 2961 551,
1191 2899 1265 2945 cum
1287 2878 1399 2944 urbem
1422 2878 1519 2963 55515
1540 2885 1616 2945 5515
1637 2879 1759 2946 bellum
1783 2878 1856 2945 Oil-

223 2996 371 3063 donicnm
402 2997 485 3083 1397)
521 2999 670 3066 eluvione
698 2999 892 3084 gravissima
921 3007 1071 3067 vexatam
1103 3018 1177 3067 esse
1206 3001 1405 3084 ccnstet²⁶⁶).
1452 3019 1529 3082 ergo
1558 2999 1620 3065 iter
1649 2999 1854 3066 Formianum

222 3116 390 3201 utriusque
420 3118 579 3204 epistulae
606 3120 788 3187 testimonio
817 3141 902 3186 anno
925 3124 986 3185 391
1017 3119 1255 3205 adsignandum
1286 3126 1345 3186 est.
1393 3119 1530 3185 reditum
1556 3125 1664 3184 antem
1686 3119 1720 3185 in
1743 3120 1854 3185 urbem

222 3244 329 3303 orator
351 3245 460 3305 noster
480 3239 589 3306 idibus
605 3239 796 3307 Octobribus
817 3241 944 3325 ingredi
967 3240 1143 3308 (1551155511
1151 3243 1205 3324 ²⁵⁷)
1231 3260 1336 3325 55555
1351 3239 1526 3322 quidquam
1542 3241 1657 3322 515151,
1685 3240 1856 3325 quominus

222 3377 293 3423 eum
317 3358 352 3423 in
374 3359 537 3444 proposito
560 3361 718 3428 mansisse
741 3361 922 3428 credamus.

306 3481 336 3559 3)
364 3479 534 3545 sermm.
564 3481 695 3548 Ovnsn.
726 3482 889 3547 Pvnnom.
919 3482 1039 3546 Bnnnn.
1073 3482 1193 3548 stm.
1228 3482 1414 3548 Nessonis.
1448 3482 1576 3548 Osnvn.
1627 3485 1697 3564 151,
1724 3485 1857 3545 6155-

221 3603 379 3663 mianum
402 3602 474 3665 lilus
497 3605 690 3667 accessimus.
729 3604 799 3667 binc
820 3606 986 3667 Puteolos
1009 3624 1084 3668 555
1103 3613 1250 3686 petemus.
1290 3612 1451 3686 55555551
1473 3607 1553 3665 enim
1575 3603 1631 3666 sub
1654 3603 1783 3666 auribus
1806 3606 1856 3666 iu-

220 3722 296 3784 dicis
311 3723 491 3784 Baiarum
506 3724 709 3805 adpetentiam
723 3728 869 3806 confiteri.
900 3723 942 3789 cf.
965 3727 1035 3805 196,
1055 3726 1108 3788 20.
1153 3726 1225 3805 221,
1246 3726 1287 3788 20
1307 3725 1494 3806 principium
1511 3724 1700 3805 voluptatum
1714 3725 1751 3785 (15
1768 3726 1856 3785 For-

222 3845 353 3904 miano
375 3843 448 3905 sinn
469 3848 620 3907 nascitur.
645 3880 689 3890 -
715 3845 884 3927 adsumant
901 3848 1036 3930 piqnora
1058 3865 1141 3922 mea,
1175 3864 1303 3926 quorum
1326 3848 1450 3927 capiens
1473 3853 1582 3907 nostra
1603 3844 1679 3906 urbe
1699 3863 1858 3926 processe-

222 3982 303 4024 ram.
329 3997 372 4007 -
402 3963 526 4025 illorum
548 3964 655 4027 debinc
677 3964 834 4028 arbitratu
857 3966 917 4048 leqi
937 3984 1042 4045 oram,
1075 3985 1154 4048 quae
1178 3967 1357 4028 Formias
1380 3972 1408 4027 et
1431 3967 1643 4027 Cumanum
1666 3966 1739 4028 litus
1762 3966 1859 4026 inler-

222 4085 308 4145 iacet.
349 4103 430 4145 nunc
452 4087 565 4147 mutuis
589 4085 817 4149 incitationibus
841 4095 895 4148 aut
917 4088 948 4148 in
965 4087 1113 4148 Baulos
1137 4094 1193 4149 551
1215 4088 1247 4149 in
1263 4086 1439 4148 Nicomachi
1454 4087 1651 4147 Gaurana
1674 4086 1855 4167 miqramus.

224 4203 295 4282 183,
323 4205 364 4266 26
395 4205 437 4266 acl
458 4207 773 4287 Neapolitanam
801 4214 962 4288 prouectus
992 4226 1079 4269 oram
1110 4207 1228 4270 litteras
1258 4209 1390 4289 sumpsi,
1424 4206 1534 4289 quibas
1563 4223 1619 4267 nos
1643 4207 1674 4267 in
1696 4205 1859 4267 aduentum

220 4331 303 4386 laum
326 4327 423 4388 Bais
445 4326 582 4388 residere
604 4327 734 4389 iussisti.
770 4325 812 4390 ai.
843 4327 912 4407 186,
941 4328 993 4391 26.
1041 4328 1115 4407 269,
1147 4330 1185 4391 18
1208 4350 1239 4390 5.
1265 4329 1296 4390 (1.
1328 4330 1368 4389 Vl
1386 4326 1448 4390 151.
1474 4329 1551 4389 Ν55.
1576 4328 1770 4408 quaestoriae
1793 4325 1858 4387 edi·

220 4447 309 4507 tionis
339 4446 480 4509 eaorcliis
509 4449 655 4509 interesse
683 4466 729 4508 me
754 4450 921 4529 praecipis.
978 4447 1069 4510 baius
1099 4450 1280 4511 evocationis
1311 4450 1429 4511 litteras
1460 4454 1532 4510 ante
1561 4446 1686 4508 biduum
1716 4448 1858 4526 temporis

216 4567 394 4644 praestituti
421 4567 505 4629 circa
534 4569 737 4649 Neapolim
766 4569 894 4649 sucepsi.
947 4568 1026 4648 223,
1059 4570 1096 4631 16
1127 4573 1353 4650 quamprimum
1383 4569 1591 4650 Neapolim
1617 4568 1714 4649 petitu
1744 4566 1857 4628 civium

219 4704 344 4746 saorrcm
375 4687 477 4749 visere
505 4686 622 4750 studeo.
670 4687 732 4750 illic
761 4688 870 4749 honori
898 4687 985 4750 urbis
1019 4688 1687 4773 55115155551515555115511515115551515.
1735 4686 1852 4764 debinc,
1936 4691 1938 4694 ’

307 5012 365 5076 253)
387 5014 428 5063 01.
452 5011 507 5073 115,
530 5010 578 5074 205
604 5011 661 5077 181,
681 5012 729 5077 2’1;
752 5014 811 5078 182,
830 5015 861 5077 ⁴13
885 5015 942 5078 185,
966 5015 1011 5079 l'l;
1033 5015 1092 5081 211,
1113 5016 1157 5067 22.

306 5096 366 5161 251)
388 5098 478 5147 Oland.
499 5100 531 5147 de
549 5112 618 5148 cons.
638 5099 677 5149 01.
698 5105 725 5149 51
741 5100 813 5151 Prab.
834 5100 885 5151 226
898 5116 952 5164 sqq.

306 5183 367 5245 255)
389 5185 437 5234 Vll
456 5183 489 5234 30
514 5183 676 5247 spamam
695 5187 793 5235 Attico:
820 5188 863 5236 Est
881 5188 978 5251 quidem
995 5189 1056 5237 mlii
1072 5193 1138 5238 ruris
1156 5193 1237 5240 cllum
1254 5191 1395 5251 voluptati,
1414 5188 1456 5237 sai
1475 5191 1638 5251 antiquiorem
1656 5190 1694 5235 lui
1712 5184 1793 5234 iudica
1810 5199 1854 5233 oo-

218 5269 356 5331 lunlalcm5
382 5284 459 5332 quare
476 5270 567 5335 officiis
584 5273 773 5335 consularibus,
802 5276 823 5321 si
840 5275 893 5336 sors
910 5274 1003 5324 115155
1022 5279 1104 5339 luvet,
1130 5281 1291 5337 apostataret
1308 5278 1414 5325 5555155
1430 5288 1482 5323 nan
1498 5275 1578 5324 deero.
1604 5275 1667 5322 aule.
1705 5285 1756 5321 aaa
1773 5272 1854 5319 otium

220 5357 380 5417 prolectloni,
407 5357 452 5405 sed
476 5360 567 5407 rurls
590 5359 669 5406 otturn
692 5359 749 5406 urbi
772 5362 920 5423 opponitur3
948 5375 997 5410 non
1022 5364 1100 5429 igliur
1121 5365 1212 5413 1115555
1230 5364 1356 5424 longlare,
1382 5362 1426 5411 sed
1445 5366 1545 5410 tuntum
1563 5359 1706 5409 reversione
1723 5364 1853 5420 properata

220 5456 282 5504 opus
301 5448 366 5504 esst,
386 5448 416 5491 ut
434 5444 599 5502 Symmachus
617 5446 709 5495 aldelin
727 5448 900 5497 consularibus
918 5450 1042 5498 interesse
1061 5455 1155 5514 posset.

309 5528 370 5590 256)
391 5529 481 5580 Olsud.
502 5531 532 5578 de
551 5531 612 5579 bell.
632 5532 700 5581 Glld.
722 5531 754 5582 39
778 5533 838 5595 quid
861 5535 969 5596 reseram
986 5563 1022 5572 —
1039 5538 1148 5600 partum
1169 5551 1215 5598 per
1237 5540 1300 5586 tecta
1317 5549 1410 5597 onpnm
1426 5536 1575 5595 summumst
1591 5535 1714 5580 minutiem
1731 5531 1854 5579 wlllbut?

219 5615 330 5675 ingentes
347 5618 403 5664 neri
420 5616 546 5665 submersa
563 5619 662 5666 carinas
680 5632 851 5682 remorumque
869 5634 942 5670 sonos
960 5626 983 5669 el
1002 5621 1110 5684 Pprslm
1127 5625 1225 5671 sanata
1242 5625 1317 5672 seme.

306 5700 365 5763 251)
389 5700 449 5764 llll,
468 5701 501 5751 22
526 5703 591 5765 quod
618 5705 640 5752 sl
656 5707 731 5753 cltum
749 5704 841 5754 multus
858 5709 937 5755 nostri
955 5712 1050 5771 ternpus
1068 5711 1205 5775 1555151115,
1232 5708 1266 5756 acl
1283 5708 1338 5761 ldae
1359 5706 1473 5755 Octobres
1490 5705 1567 5765 155555
1585 5706 1644 5771 iter,
1668 5702 1772 5753 5111515
1790 5703 1851 5753 l'or·

217 5789 276 5835 tuna
294 5787 370 5849 adsit,
393 5792 518 5850 aplanus.
