4744 6476
856 512 1132 571 lEPlSTVLARVM
1150 513 1222 570 LIB.
1242 513 1290 575 Χ).
1822 514 1885 577 299

258 703 376 769 fiducia
404 704 455 769 ius
486 703 629 770 creditae
651 704 730 769 mihi
752 703 921 788 potestatis
943 703 1091 788 infregit,
1125 711 1160 770 nt
1180 711 1327 770 auctores
1351 703 1477 769 honoris
1500 705 1563 769 mei
1585 711 1618 770 et
1640 703 1789 789 publicae
1812 702 1885 786 dig·
1911 705 2008 767 ΤΜΓ

258 806 447 905 nitatis-et—
459 807 570 872 iudicii
596 807 646 873 sui
674 808 899 873 contumeliam
929 807 1014 872 iusta
1042 807 1214 874 severitate
1244 806 1430 873 defendant.
1479 829 1523 873 ss.
1548 827 1612 872 1111.
1638 807 1684 872 hl.
1709 807 1794 889 Aug.
1820 807 1886 872 Ae-

258 910 344 977 liano
367 913 459 977 ocah.

712 1187 842 1252 uxum
862 1187 1266 1272 (XXXVII.XXXX1111)
1301 1210 1332 1254 a.
1351 1191 1425 1253 aar.

224 1386 238 1422 s
342 1363 405 1427 Per
433 1363 521 1426 vices
549 1360 707 1427 mensium
736 1360 933 1443 singulorum
964 1359 1007 1425 ad
1036 1359 1245 1444 perennitatis
1275 1367 1403 1427 vestrae
1426 1360 1545 1425 scrinia
1566 1366 1697 1425 senatus
1720 1367 1752 1424 et
1774 1359 1883 1443 populi

256 1472 330 1531 acta
351 1466 529 1545 mittuntur,
556 1486 638 1548 quae
662 1470 810 1550 poterunt
830 1462 984 1543 iudicare,
1011 1462 1089 1546 quid
1111 1463 1160 1527 vir
1181 1464 1368 1548 praecelsae
1390 1472 1423 1529 et
1439 1463 1584 1528 inlustris
1599 1462 1770 1527 memoriae
1786 1463 1884 1543 Prae-

256 1575 397 1634 textatus
425 1569 477 1634 vel
508 1569 551 1633 ad
574 1568 807 1653 amplissimum
830 1567 972 1632 ordinem
995 1567 1048 1632 vel
1070 1566 1113 1631 ad
1136 1566 1286 1632 devotum
1310 1567 1401 1633 vobis
1424 1568 1579 1652 populum
1602 1587 1661 1652 pro
1683 1566 1804 1630 saeculi
1827 1586 1884 1630 re-

257 1671 312 1738 stri
344 1671 618 1737 commendatione
647 1671 832 1755 pertulcrit,
867 1670 946 1736 ddd.
971 1671 1093 1755 imppp.
1118 1671 1345 1736 Valentiniana
1368 1669 1530 1736 Theodosi
1560 1676 1592 1735 et
1622 1669 1741 1734 Arcadi
1769 1669 1883 1752 inclyti

256 1775 392 1840 victores
414 1796 453 1840 ae
474 1775 723 1859 triumphatores
747 1794 874 1859 semper
889 1774 1037 1873 Augusti,
1064 1773 1122 1839 sed
1145 1774 1220 1858 quia
1243 1775 1409 1859 speciatim
1433 1774 1544 1857 saeris
1557 1773 1671 1839 litteris
1685 1772 1879 1857 imperastis,
1906 1783 1925 1841 2

207 1901 236 1940 ro
255 1886 306 1957 ut,
340 1877 368 1942 si
396 1898 460 1961 qua
490 1878 531 1943 ab
561 1900 599 1944 eo
621 1879 742 1943 Romae
771 1877 805 1942 iu
836 1876 888 1941 his
916 1876 1058 1941 coetibus
1086 1883 1181 1959 gesta
1210 1883 1299 1958 sunt,
1334 1878 1444 1959 agenti
1469 1878 1501 1943 in
1523 1878 1621 1942 rebus
1643 1883 1796 1960 excerpta
1816 1882 1867 1941 tra

256 1981 389 2061 dantur,
423 1981 496 2046 misi
525 1981 633 2046 omnia
661 1979 759 2046 iussis
790 1979 983 2045 caelestibus
1012 1979 1201 2062 obsecutus,
1238 2001 1321 2064 quae
1350 1980 1421 2066 ipso
1451 1988 1622 2066 praesente
1650 1978 1882 2057 venerabilium

255 2085 431 2150 orationum
460 2093 637 2151 vestrarum
668 2082 790 2149 sanctio
821 2082 966 2149 definivit
995 2091 1027 2148 et
1055 2090 1181 2168 patrum
1209 2085 1357 2169 probavit
1384 2085 1576 2163 auetoritas3
1610 2090 1778 2168 practerea
1800 2102 1883 2164 quae

255 2188 342 2272 apud
372 2189 498 2273 plebem
532 2189 656 2255 locutus
679 2194 745 2268 est,
780 2194 815 2253 ut
838 2194 967 2253 cunctos
990 2187 1023 2251 in
1045 2207 1186 2253 amorem
1209 2189 1363 2253 bonerum
1385 2196 1564 2274 temporum
1588 2194 1791 2273 provocaret,
1824 2185 1884 2251 ad-

254 2291 356 2356 iunxi.
402 2291 554 2357 iudicium
581 2312 656 2358 vero
678 2291 815 2372 civium,
849 2291 935 2373 quod
957 2311 1106 2375 supremo
1130 2291 1183 2356 die
1206 2291 1247 2356 de
1270 2292 1385 2358 virtute
1407 2298 1504 2375 atque
1524 2290 1708 2356 innocentia
1730 2290 1801 2356 eius
1824 2289 1883 2354 ha·
1905 2301 1924 2359 3

208 2394 403 2475 rabuerunt,
430 2394 596 2479 speciatim
619 2415 649 2459 v.
670 2415 698 2459 e.
725 2402 758 2460 ct
778 2394 907 2460 inlustri
929 2392 1104 2458 officiorum
1126 2395 1280 2478 magistro
1302 2394 1438 2460 subditis
1460 2393 1698 2479 exemplaribus
1720 2400 1881 2476 gestorum

255 2497 417 2579 intimavi,
447 2498 522 2564 lieet
544 2497 692 2563 vehiculo
714 2497 842 2582 publico
865 2517 936 2562 eum
960 2497 1094 2579 ceteris,
1127 2518 1210 2581 quae
1232 2518 1273 2563 ex
1295 2519 1383 2565 more
1405 2499 1587 2579 mittuntur,
1620 2496 1727 2561 omnia
1749 2516 1882 2562 necesse

255 2603 297 2666 sit
318 2619 427 2665 rursus
449 2601 492 2665 ad
514 2600 696 2666 serenitatis
718 2607 847 2666 restrae
869 2599 1015 2665 notitiam
1038 2599 1219 2685 pervenire.

681 2876 775 2941 XXV
800 2875 996 2959 (XXXVIII.
1014 2875 1183 2956 xxxxv)
1218 2898 1250 2941 a.
1269 2877 1452 2942 sss-385.
1489 2976 1497 2996 .

340 3050 409 3114 lam
439 3047 564 3132 pridem
595 3049 782 3134 rescriptum
814 3047 954 3113 numinis
983 3047 1081 3114 vestri
1104 3048 1261 3132 Cyriades
1284 3069 1314 3112 v.
1341 3070 1370 3113 c.
1395 3070 1502 3115 comes
1526 3056 1558 3115 et
1580 3050 1785 3114 mechanicae
1808 3069 1881 3132 pro-

198 3142 236 3214 m
256 3153 358 3217 fcssor
380 3151 535 3234 exhibuit,
562 3151 640 3218 ddd.
666 3153 803 3237 imppp,
830 3172 892 3236 quo
915 3157 1072 3217 statuerat
1093 3152 1267 3217 aeternitas
1289 3159 1406 3235 vestra,
1433 3159 1468 3218 ut
1490 3172 1524 3218 se
1547 3152 1617 3237 ipsc
1639 3174 1660 3217 a
1681 3151 1880 3236 quorundam

255 3254 474 3320 criminatione
496 3260 651 3340 purgaret
672 3275 710 3320 ac
733 3275 842 3321 rursus
866 3262 1016 3339 urgueret
1037 3254 1182 3338 obiectis,
1209 3256 1236 3320 si
1260 3276 1340 3339 quos
1363 3256 1487 3321 fraudis
1509 3256 1693 3321 incesseret.
1732 3255 1787 3338 qui
1810 3276 1881 3320 cum
1905 3264 1924 3323 2

255 3359 449 3424 Auxentium
472 3378 503 3422 v,
530 3378 558 3423 c.
584 3359 644 3423 sub
667 3360 816 3424 examine
839 3359 1018 3425 decessoris
1040 3359 1104 3424 mei
1128 3361 1288 3444 coepisset
1316 3380 1467 3443 arguere,
1502 3365 1670 3444 postquam
1700 3358 1742 3423 ad
1771 3357 1882 3442 cogni-

255 3460 372 3526 tionem
395 3482 499 3526 meam
523 3468 653 3527 ventum
676 3467 736 3539 est,
762 3482 859 3546 super
880 3462 1037 3528 basilicae
1060 3469 1156 3546 atque
1178 3463 1284 3548 pontis
1306 3463 1465 3530 inmodico
1488 3470 1616 3548 sumptu
1632 3462 1784 3528 Auxentii
1800 3484 1832 3526 v.
1850 3483 1878 3528 e.
1959 3542 1961 3545 ι

254 3585 331 3631 voce
360 3565 546 3650 perstrictus
577 3574 640 3645 cst,
676 3585 769 3649 quem
793 3565 951 3650 Cyriades
979 3566 1029 3630 vir
1058 3567 1169 3652 parilis
1199 3565 1365 3650 diguitatis
1388 3574 1498 3631 mutua
1520 3566 1723 3631 accusatione
1746 3565 1882 3631 credidit

205 3689 236 3731 us
254 3668 511 3734 remordendum.
557 3669 662 3734 visum
685 3675 735 3734 est
757 3668 855 3751 igitur
877 3669 1139 3751 adcommodum,
1171 3679 1206 3736 ut
1228 3670 1394 3754 utriusque
1416 3669 1669 3735 aedificationem
1693 3669 1760 3733 fida
1783 3670 1882 3735 aesti-

254 3779 357 3838 maret
382 3771 550 3857 inspectio.
596 3771 669 3837 dedi
700 3772 863 3855 negotium
895 3772 1060 3855 sollicitis,
1092 3781 1255 3856 quantum.
1275 3775 1427 3855 arbitror,
1460 3772 1539 3837 viris
1561 3780 1594 3839 et
1615 3773 1755 3857 Cyriade
1777 3794 1880 3858 paene

254 3882 421 3940 recusante
450 3873 578 3941 decrevi
608 3874 733 3941 fabrilis
761 3875 839 3941 artis
869 3876 1057 3959 magistros,
1090 3898 1172 3960 quos
1195 3876 1382 3943 adversario
1405 3877 1575 3959 aequiores
1597 3878 1746 3961 putabat,
1781 3876 1880 3942 aesti-

254 3978 385 4044 mationi
413 3978 521 4062 operis
550 3977 785 4061 admovendos,
818 3987 967 4045 manente
996 3980 1206 4058 nihilominus
1235 4000 1335 4065 penes
1365 3980 1560 4046 Auxentium
1589 3999 1668 4045 eura
1695 3986 1791 4063 atque
1821 3979 1880 4044 ad-

254 4081 486 4147 ministratione
515 4089 715 4165 eoeptorum,
750 4082 835 4166 quod
861 4081 996 4148 necdum
1019 4083 1193 4149 aeternitas
1216 4090 1324 4149 vestra
1345 4083 1486 4149 officium
1509 4083 1579 4149 eius
1602 4102 1786 4148 successore
1808 4104 1880 4148 mu-

205 4208 235 4247 m
254 4191 366 4250 tasset.
420 4184 529 4268 itaque
560 4185 683 4251 exactis
712 4186 835 4269 aliquot
864 4185 977 4252 diebus
1007 4194 1040 4253 et
1067 4187 1174 4252 adhuc
1203 4187 1365 4272 pendente
1393 4186 1500 4270 operis
1529 4185 1677 4252 examine
1706 4186 1874 4271 apparitio,
1902 4196 1921 4255 3

254 4309 337 4372 quae
359 4287 520 4353 Auxentio
543 4288 648 4354 fuerat
670 4288 841 4374 deputata,
875 4311 934 4374 per
954 4290 1108 4355 notoriam
1132 4290 1211 4355 mihi
1233 4290 1310 4356 fecit
1330 4290 1501 4367 iudicium,
1534 4289 1714 4355 deseruisse
1738 4289 1879 4354 clarissi-

253 4413 339 4456 mum
363 4390 465 4456 virum
489 4399 709 4476 susceptorum
734 4412 841 4458 euram
865 4394 1005 4458 locorum
1029 4400 1061 4459 et
1083 4394 1142 4459 sub
1164 4395 1235 4479 ipso
1257 4393 1390 4460 aestatis
1412 4393 1559 4473 exordio,
1593 4414 1655 4475 qno
1678 4399 1784 4477 posse
1806 4414 1880 4477 pro-

253 4502 364 4560 vectus
386 4494 619 4561 aedificationis
641 4494 833 4581 adsurgere,
859 4496 995 4562 nihilum
1018 4497 1212 4582 promoveri;
1244 4499 1302 4564 sed
1324 4498 1401 4582 quia
1423 4498 1580 4564 senatoris
1603 4497 1682 4581 fuga
1703 4517 1766 4561 non
1789 4496 1879 4562 vide-

343 4790 352 4839 l
374 4792 435 4839 mihi
455 4791 549 4840 credite
566 4792 628 4839 mlhi
648 4790 677 4838 M
778 4793 794 4842 2
812 4793 1015 4853 subscriptionem
1031 4807 1079 4842 om.
1101 4793 1128 4843 Γ

341 4878 404 4928 Η).
421 4878 559 4926 Theodosio
571 4892 669 4939 semper
682 4879 745 4937 Aug.
762 4878 926 4938 Symmachus
938 4881 1016 4950 preat.
1030 4881 1085 4927 urb.
1102 4878 1129 4928 Γ
1229 4877 1366 4946 hscrirriu]
1384 4878 1516 4942 scriptul'
1615 4876 1723 4945 burrid]
1741 4881 1845 4941 quodT

253 4965 410 5025 illustrisque
429 4962 455 5011 Γ
567 4962 643 5010 'lurel
661 4964 778 5011 adsuetum
798 4964 824 5011 M
937 4964 1106 5028 8protrrlcrit
1124 4965 1260 5015 Mommsen
1364 4962 1422 5017 ddd
1439 4967 1526 5028 ἰωῇ)
1544 4967 1589 5014 usl
1606 4966 1716 5014 theodosi
1736 4973 1762 5013 et
1780 4966 1879 5013 archadi

254 5051 339 5098 inclltl
350 5077 385 5087 —
397 5052 496 5109 augustl
513 5051 543 5109 Τ,
563 5045 620 5100 dud
638 5050 704 5109 impr
720 5040 847 5098 ”theodosi
863 5040 1053 5100 ''umentirriarre
1065 5060 1091 5099 et
1103 5052 1203 5099 archadi
1214 5052 1295 5098 incliti
1308 5078 1342 5087 —
1354 5053 1403 5113 sup}
1417 5051 1450 5111 M,
1471 5054 1502 5100 D.
1517 5054 1652 5114 Imperator
1664 5049 1690 5099 Γ
1790 5051 1822 5099 10
1839 5067 1879 5098 sr-

254 5137 325 5198 gentl
346 5136 374 5199 T,
394 5150 442 5186 cm.
458 5134 484 5184 Γ
586 5135 614 5184 ll
635 5137 689 5198 ipso
707 5137 865 5198 praesidente
884 5136 973 5200 Meyer,
992 5139 1047 5200 lpso
1065 5140 1194 5201 praefante
1215 5137 1349 5187 Mommsen
1456 5137 1485 5186 12
1505 5140 1629 5186 rstlonum
1645 5135 1673 5185 Γ
1775 5137 1805 5187 15
1824 5141 1879 5187 niro

255 5224 377 5272 consulsrl
396 5221 422 5270 Γ
521 5228 647 5283 gestorum
665 5224 850 5285 exemplaribus
868 5221 895 5271 Γ

343 5310 373 5362 18
393 5310 423 5361 D.
446 5309 583 5357 Theodosio
601 5323 700 5371 semper
717 5310 783 5370 Aug.
804 5309 966 5368 Symmachus
984 5312 1063 5373 praei.
1084 5313 1139 5360 urb.
1159 5309 1186 5359 Γ
1306 5309 1337 5360 19
1355 5313 1404 5359 lum
1423 5313 1528 5373 quidem
1547 5309 1573 5359 Γ
1690 5312 1833 5359 mehsnlcse
1853 5314 1881 5360 Μ

256 5398 288 5446 '20
307 5398 339 5446 D.
360 5398 497 5458 Imperator
514 5393 545 5457 Γ,
566 5396 601 5456 es.
619 5410 646 5456 p.
662 5395 751 5455 utut
856 5394 917 5463 quo]
934 5399 1000 5459 quod
1021 5396 1072 5444 ΤΜ
1172 5403 1202 5445 ut
1221 5411 1281 5458 sepo
1298 5413 1312 5445 s
1331 5396 1359 5445 Μ
1460 5396 1490 5446 21
1513 5398 1611 5447 fraudes
1633 5397 1682 5444 TM
1785 5397 1819 5447 22
1837 5401 1878 5447 ul·

257 5498 312 5531 rum
332 5483 486 5532 consularem
506 5480 532 5531 Γ
632 5480 664 5530 23
684 5484 883 5544 superentque
902 5482 929 5531 Γ
1028 5485 1132 5532 auxenti
1155 5483 1181 5530 M
1285 5485 1333 5531 uirl
1352 5482 1527 5533 consularius
1625 5482 1659 5532 24
1677 5486 1844 5546 perstrlrrctns
1860 5486 1880 5532 t·

255 5569 288 5619 26
306 5570 417 5618 sollltltls
431 5567 465 5629 M,
486 5568 545 5629 sort.
561 5569 703 5618 sollertibus
809 5568 840 5616 27
859 5569 890 5616 sd
905 5568 1060 5617 aduersioM
1164 5568 1197 5617 28
1215 5571 1282 5632 operi
1298 5569 1325 5616 M
1427 5567 1606 5636 admouendus]
1620 5569 1649 5629 F,
1671 5569 1832 5617 admouentes
1848 5569 1877 5630 T,

254 5656 378 5704 adnantes
396 5668 458 5702 ross.
480 5657 508 5701 in
524 5655 687 5703 admouentes
707 5655 734 5701 M
835 5656 922 5716 paenis
943 5654 993 5702 ΓΜ
1104 5654 1137 5703 29
1155 5653 1352 5702 successionel
1456 5655 1489 5703 30
1507 5656 1609 5718 appario
1629 5655 1655 5701 M
1758 5654 1788 5702 ³1
1809 5660 1880 5702 uoto-

255 5738 697 5808 rrum]1uretm,n0trrrumutu1’
796 5743 857 5790 ieclt
874 5741 936 5790 mihi
950 5741 978 5789 M
1080 5739 1363 5803 abrumperemus
1464 5743 1554 5790 aetatis
1570 5741 1619 5788 TM
1721 5737 1816 5807 posset]
1829 5741 1880 5789 aa·

254 5825 528 5891 tinus,possltTM1'
625 5828 750 5889 proiectus
769 5824 796 5874 Γ

1622 5930 1676 5981 38⁸
