4744 6476
483 504 545 564 3¹24
1079 500 1274 556 SYMMAOHI
1294 499 1509 553 ORATIONES

482 691 613 755 Rhenus
636 691 765 771 meruit,
793 710 887 772 quem
910 692 1004 755 limes
1026 691 1161 775 aceepit.
1181 689 1193 773 ii
1209 697 1348 753 beneficia
1366 702 1415 751 tua
1433 698 1612 753 devotionern
1631 698 1725 752 vicere
1743 698 1784 751 rei
1804 696 1949 764 publicae:
1969 712 2043 766 quae
2061 712 2107 750 su·

481 803 544 863 uris,
564 818 656 856 auuua
673 808 747 866 suut,
768 818 840 872 quae
859 802 966 865 condis,
986 793 1130 878 aeternali

439 899 458 957 2
567 895 733 977 Novimus,
758 896 877 962 invicte
900 895 1086 976 moderator,
1114 896 1212 962 tantis
1234 895 1373 979 negotiis
1396 915 1507 980 parem
1529 916 1592 961 non
1615 914 1689 960 esse
1710 894 1908 971 mercedem3
1936 894 2024 959 idem
2047 894 2105 958 tibi

482 997 660 1083 praemium
682 999 870 1083 plerumque
893 998 1084 1081 decernitur,
1111 1019 1184 1064 cum
1205 1020 1226 1063 a
1247 1006 1280 1065 te
1296 999 1427 1065 diversa
1442 1005 1653 1083 praestentur.
1688 998 1715 1063 si
1730 1018 1793 1063 non
1810 997 1956 1080 congruit
1970 996 2101 1075 meritis,

481 1100 567 1184 quod
591 1101 728 1167 solutum
751 1109 811 1182 est,
841 1103 942 1167 bonor
963 1102 1099 1168 vincitur
1121 1123 1183 1167 uon
1207 1102 1366 1169 voluntas.
1413 1101 1587 1186 namquid
1611 1101 1669 1166 tibi
1691 1100 1792 1167 adicit
1813 1100 2007 1179 consulatus,
2034 1119 2103 1164 oum
2127 1118 2141 1157 ε

482 1204 590 1270 felices
619 1224 719 1270 annos
751 1205 876 1289 imperii
903 1205 950 1270 tui
973 1204 1015 1270 de
1037 1205 1197 1271 aetatibus
1219 1226 1371 1270 novarum
1395 1206 1520 1271 urbium
1544 1206 1759 1271 calculemusl
1802 1203 1939 1269 aliorum
1961 1211 2104 1287 tempora

482 1309 576 1373 lastis
599 1314 767 1372 numerata
790 1316 874 1388 srrnt,
900 1316 1009 1374 vestra
1030 1308 1183 1374 victoriis.
1230 1309 1291 1374 hoo
1313 1330 1410 1375 uuum
1431 1317 1539 1375 tamen
1562 1309 1622 1374 rite
1644 1307 1835 1387 curavimus,
1867 1314 1902 1372 ut
1922 1307 1955 1372 in
1978 1307 2104 1392 oppidis

306 1428 378 1467 aroer·
394 1440 415 1478 r·
429 1430 467 1469 ‘tet
481 1432 583 1494 nuper
608 1413 723 1477 erectis
745 1410 883 1493 primum
905 1411 1066 1476 discerent
1088 1412 1252 1477 consulem
1275 1411 1487 1493 conditorem,
1517 1410 1522 1498 l
1550 1411 1819 1493 inaugurareotur
1839 1409 1970 1474 inclutis
1992 1408 2106 1474 trium-

481 1514 562 1579 falia
584 1520 691 1579 castra
712 1512 905 1578 nominibus.
944 1514 1006 1579 fuit
1027 1513 1160 1579 evidens
1183 1533 1293 1595 causa,
1319 1534 1384 1597 qua
1405 1514 1511 1580 fasces
1534 1533 1659 1579 sumere
1675 1511 1767 1578 tertio
1783 1512 1960 1595 cogereris:
1986 1511 2106 1576 etenim

479 1638 521 1683 ne
544 1616 751 1699 magistratus
774 1616 935 1680 Romanos
957 1614 1100 1699 proxime
1123 1615 1276 1681 adiuncta
1298 1622 1385 1682 terra
1407 1623 1582 1701 respueret,
1609 1616 1650 1680 ab
1673 1635 1711 1680 eo
1734 1623 1894 1699 sumptum
1918 1621 1967 1680 est
1985 1614 2106 1697 priuci—
2126 1633 2156 1673 ro

438 1722 457 1782 3
480 1721 578 1805 pium,
604 1720 659 1803 qui
680 1719 819 1784 timetur.
851 1718 930 1783 nibil
953 1724 1028 1782 aute
1044 1718 1056 1802 ll
1073 1727 1215 1797 prioribus
1231 1720 1243 1802 {l
1259 1718 1372 1801 gestis,
1398 1719 1556 1802 Auguste,
1583 1718 1795 1802 decerpimus,
1822 1717 1850 1781 si
1872 1716 2016 1782 recentia
2038 1718 2108 1781 sola

482 1830 674 1909 repetamus.
723 1828 836 1908 stupeo
859 1843 922 1886 uon
944 1821 1050 1887 minus
1073 1821 1132 1886 illa
1154 1840 1245 1901 strue,
1281 1842 1364 1904 quae
1388 1822 1535 1906 conperi,
1568 1823 1626 1888 sed
1648 1823 1730 1887 baec
1752 1821 1856 1904 magis
1878 1821 1997 1904 diligo,
2023 1841 2107 1903 quae

480 1927 623 2011 probavi.
663 1926 769 2008 adque
791 1926 914 2015 utinam
937 1925 1097 1991 modicum
1121 1924 1244 2007 ingenii
1267 1926 1331 1990 mei
1354 1927 1469 1991 saltem
1490 1934 1567 1992 uota
1590 1924 1812 1992 commendent!
1853 1925 2006 2008 adempta
2027 1924 2107 1989 mibi

438 2036 456 2093 4
481 2037 531 2095 θεῖ
551 2030 688 2094 honesta
709 2028 870 2094 defensio:
897 2048 981 2111 quae
1003 2028 1074 2112 ipse
1096 2047 1160 2093 non
1175 2027 1331 2107 videram,
1358 2028 1454 2096 venia
1469 2028 1589 2094 maiore
1604 2028 1788 2093 laudabam.
1828 2026 1973 2110 quisquis
1988 2047 2108 2091 areana

479 2138 613 2197 naturae
637 2130 772 2197 scrutari
795 2130 945 2215 postulat,
971 2136 1004 2195 te
1027 2136 1193 2213 sequatur:
1221 2150 1285 2195 non
1306 2129 1472 2196 fluminum
1495 2131 1672 2211 meatibus,
1703 2150 1765 2195 uon
1788 2130 1914 2196 obiectu
1936 2129 2104 2209 montium,
2128 2149 2157 2189 rr

453 2255 542 2299 -uou
572 2233 722 2300 itinerum
749 2253 855 2299 errore
881 2233 1070 2299 tardabitur.
1118 2233 1225 2297 omnia
1247 2232 1419 2299 adversum
1443 2234 1598 2300 barbaros
1621 2240 1747 2318 patent,
1782 2253 1865 2316 quae
1888 2240 1963 2298 suut
1986 2232 2108 2298 munita

480 2358 537 2422 pro
566 2336 669 2402 nobis.
717 2337 778 2401 scit
806 2336 943 2401 bicornis
973 2336 1035 2402 iste
1058 2336 1183 2402 vicinus
1211 2336 1479 2402 succumbendum
1503 2356 1576 2402 esse
1597 2337 1757 2419 rostratis,
1791 2357 1833 2401 ne
1855 2335 1887 2402 ei
1909 2356 2043 2402 necesse
2066 2335 2109 2401 sit

480 2442 564 2506 viam
587 2440 741 2525 praebere
764 2439 928 2522 vestigiis;
963 2440 1014 2505 oui
1036 2439 1191 2524 possibile
1214 2447 1264 2505 est
1285 2440 1407 2506 fluenta
1428 2446 1613 2523 contegere,
1643 2440 1739 2506 ludus
1762 2446 1811 2505 θεῖ
1833 2439 2001 2521 navigare.
2049 2459 2108 2504 neo

480 2544 591 2621 arduis
621 2544 763 2608 locorum
789 2543 933 2609 obicibus
955 2543 1154 2628 inpedimur:
1188 2544 1281 2610 testis
1311 2552 1361 2609 est
1382 2545 1463 2609 baec
1485 2545 1558 2628 ipsa
1579 2544 1650 2629 ripa
1671 2544 1858 2624 barbariae,
1890 2542 1940 2607 cui
1970 2541 2108 2607 altitudo

479 2667 593 2711 nomen
622 2644 780 2730 inposuit,
819 2646 892 2711 imis
922 2666 1048 2712 summa
1078 2647 1234 2721 cessisse;
1274 2646 1501 2712 ascendentem
1540 2648 1652 2730 fugere
1688 2666 1790 2730 nuper
1819 2645 2012 2721 exereitum,
2052 2646 2108 2727 qui
2127 2660 2156 2701 te

479 2768 644 2814 occurrere
667 2749 846 2833 perplana
868 2756 1069 2814 conruerunt.
1116 2755 1149 2815 et
1170 2756 1204 2815 tu
1226 2750 1356 2832 quidem
1378 2749 1465 2815 bello
1488 2751 1616 2816 vincere
1640 2749 1827 2829 maluisses,
1854 2748 1913 2813 sed
1936 2747 2107 2832 gloriosius

480 2851 599 2917 factum
622 2856 683 2931 est,
710 2857 745 2916 ut
766 2850 856 2916 ferox
878 2852 965 2917 natio
987 2851 1112 2917 rideret
1133 2851 1394 2936 Alemauuolruru
1420 2902 1484 2917 ...

1120 3081 1209 3139 Deest
1227 3078 1338 3160 solium
1360 3099 1467 3140 rrarrrrr.

303 3195 370 3236 ‘m‘
391 3208 413 3246 μ
427 3195 466 3311 ²3⁹
568 3296 690 3310 .....
717 3251 826 3311 tenere
855 3253 1024 3311 secretum.
1071 3247 1180 3331 itaque
1211 3249 1349 3313 Crassus
1384 3248 1582 3332 percontanti
1612 3249 1694 3330 filio,
1737 3249 1815 3330 quid
1849 3250 1951 3319 noctis
1987 3250 2108 3315 moveri

480 3356 586 3415 eastra
614 3348 777 3414 iussisset:
814 3349 976 3433 ‘vereris’,
1008 3349 1127 3431 inquit,
1166 3356 1223 3416 ‘ne
1245 3357 1319 3417 tuas
1341 3371 1436 3416 aures
1459 3351 1540 3416 forte
1562 3372 1625 3417 nou
1648 3359 1794 3436 penetret
1816 3353 1993 3418 occentotio
2016 3352 2107 3418 buci·
2127 3366 2156 3407 ²⁵

480 3454 629 3517 narumi’
673 3451 766 3516 uobis
796 3452 877 3515 satis
906 3457 956 3516 θεῖ
985 3472 1096 3518 curare
1125 3454 1326 3537 praesentia,
1366 3454 1489 3519 futuros
1519 3455 1624 3520 exitus
1654 3462 1758 3520 tecum
1786 3456 1914 3522 fortuna
1943 3455 2105 3539 disponat.

479 3576 555 3620 uum
578 3554 763 3638 ambiguum
787 3561 846 3635 est,
873 3574 1000 3639 semper
1021 3556 1176 3621 barbaros
1199 3557 1374 3641 suspicari,
1400 3578 1483 3640 quae
1506 3578 1603 3642 saepe
1626 3560 1772 3643 perpessi
1795 3567 1889 3625 suut?
1932 3558 1991 3625 scd
2013 3560 2107 3625 inex-

429 3712 439 3733 ,
480 3660 605 3744 plorata
627 3658 745 3724 veritas
768 3658 873 3742 magis
894 3658 1009 3724 anxios
1032 3658 1147 3741 elficit,
1180 3680 1276 3743 quam
1299 3667 1441 3744 paratos.
1490 3663 1611 3744 sciunt,
1637 3662 1716 3745 quid
1741 3711 1951 3727 ........
1977 3683 2104 3728 cavere.

479 3760 615 3827 altitudo
637 3761 792 3846 principis
815 3767 983 3845 utrumque
1005 3762 1160 3847 providit,
1194 3771 1229 3827 ut
1252 3770 1284 3828 et
1305 3764 1434 3828 illorum
1457 3765 1697 3850 circumspectio
1719 3766 1902 3845 falleretur,
1936 3766 1991 3848 qui
2014 3787 2108 3831 uum-

479 3886 575 3947 quam
599 3870 704 3929 ruente
727 3865 832 3929 securi
854 3870 940 3945 suut,
973 3872 1006 3930 et
1027 3867 1083 3930 tos
1106 3885 1246 3930 errorum
1269 3865 1396 3931 animus
1418 3867 1544 3951 integer
1565 3868 1775 3950 pertransiret,
1802 3869 1855 3950 qui
1879 3875 1954 3933 ante
1977 3869 2158 3933 sollicitior

479 3988 544 4033 non
566 3965 704 4031 fuerunt.
2006 3959 2013 3969 ’

437 4077 457 4137 6
566 4067 652 4146 Quid
673 4088 734 4151 ego
756 4068 791 4133 in
813 4075 844 4134 te
867 4069 1015 4153 peritiam
1037 4070 1173 4135 bellicae
1197 4071 1258 4150 rei,
1293 4071 1371 4153 quid
1401 4092 1492 4136 usum
1517 4072 1655 4136 ducendi
1678 4074 1831 4155 agminis,
1867 4074 1943 4156 quid
1966 4076 2106 4139 loeomm

479 4171 623 4236 notitiam
657 4177 835 4255 temporum
869 4171 1109 4255 demensiones,
1146 4173 1287 4239 laborem
1323 4175 1392 4239 sine
1422 4176 1593 4258 iperuicie
1623 4197 1731 4241 euram
1762 4178 1830 4243 sine
1860 4198 2003 4243 maerore
2031 4198 2108 4242 con-

479 4275 630 4340 laudem?
673 4274 738 4339 vidi
761 4274 935 4340 fidissimos
958 4276 1106 4340 comitum
1129 4283 1254 4342 tuorum
1278 4278 1372 4343 solito
1396 4279 1554 4359 laetiores,
1584 4279 1721 4345 eumad
1744 4280 1901 4346 destinata
1923 4282 2103 4366 praemissi,

479 4399 563 4461 quae
586 4379 738 4445 ridebant
766 4398 844 4461 prae
874 4379 988 4444 ceteris
1019 4398 1055 4444 se
1083 4385 1206 4445 tantum
1235 4382 1391 4447 meruisse
1421 4403 1628 4465 cognoscere,
1660 4383 1837 4467 panderent
1865 4405 1937 4450 oum
1960 4385 2107 4450 omuibus
2128 4402 2159 4437 ³⁵

478 4482 575 4548 etiam
606 4502 640 4548 se
663 4487 738 4546 aute
760 4481 914 4547 nescisse.
962 4483 1151 4567 praestitum
1174 4483 1236 4549 sibi
1258 4491 1428 4568 utrumque
1452 4485 1620 4569 dicebaut,
1654 4507 1725 4551 oum
1750 4505 1806 4551 eos
1828 4487 1946 4552 iudicio
1968 4487 2107 4569 eligeres

565 4740 576 4789 1
598 4742 741 4788 reuuseruit
762 4744 774 4788 1
793 4756 840 4803 m.,
859 4755 884 4788 m
902 4740 960 4791 edd.
983 4743 1049 4791 im.
1190 4744 1349 4792 deustionem
1368 4742 1463 4812 uicere]
1487 4744 1593 4808 Meeblp,
1621 4747 1866 4795 deuotionemulcere
1974 4814 1979 4827 ι
2005 4748 2069 4808 reip.

478 4828 601 4876 beneficia
617 4854 652 4863 —
670 4827 685 4876 2
705 4831 805 4875 aeterna
821 4832 875 4888 port
894 4827 909 4875 3
928 4842 984 4876 ease
1003 4829 1141 4877 mercedem
1159 4830 1329 4879 collocandum
1347 4836 1399 4879 eret

564 4914 579 4963 3
598 4914 682 4961 inuiee
704 4917 713 4961 l
734 4928 766 4963 m.
887 4913 1014 4976 busquid
1034 4919 1046 4962 l
1066 4932 1100 4965 m.
1208 4918 1284 4965 abicit
1303 4921 1314 4964 1
1335 4934 1370 4967 m.
1477 4919 1619 4967 consolatus
1735 4920 1751 4967 6
1769 4920 1847 4967 illices
1952 4921 2105 4968 calculemur

478 5013 734 5082 Sinsugurarentur]
751 5031 804 5077 epo,
824 5018 1016 5077 inaugurentur
1120 5021 1225 5072 inclutis
1331 5019 1362 5068 10
1381 5021 1484 5069 ediante
1503 5026 1515 5068 1
1536 5038 1569 5069 m.
1676 4998 1864 5083 abiosumpium

566 5102 593 5150 11
615 5105 780 5152 anterioribus
799 5104 895 5164 Haupt,
916 5106 1042 5163 inprime
1059 5105 1165 5153 editione
1183 5108 1301 5166 aeriptran
1320 5113 1371 5154 eret
1389 5114 1448 5155 arrte
1466 5109 1554 5167 gestis,
1575 5111 1601 5156 ia
1619 5110 1729 5157 semndu
1746 5111 1869 5169 prioribus
1887 5113 1966 5171 gestis
2058 5126 2106 5157 au-

477 5194 565 5248 gusua
642 5192 865 5239 rorentisolslm.
948 5189 980 5239 12
998 5188 1083 5240 minus
1164 5189 1299 5257 sano]epo,
1315 5200 1376 5241 sunt
1457 5192 1605 5252 irroganti
1686 5192 1926 5261 eorrmeudent]c90,
1942 5196 2106 5244 conmendem

565 5273 595 5322 17
617 5273 665 5325 iste
752 5275 971 5323 succunbendusl
986 5279 1302 5336 ar.,mproscorr.9m.
1392 5279 1445 5340 sint
1529 5278 1560 5328 18
1578 5278 1736 5346 eorrtcrrgeire
1824 5280 1853 5331 rt
1875 5280 2104 5349 consuerunt]epo,

478 5367 614 5423 potueruut
683 5363 749 5409 nello
765 5364 820 5409 lm.
902 5359 1018 5411 iiierox
1089 5362 1464 5414 alamarrnevideremiticr'euo
1478 5380 1542 5429 rum,
1558 5367 1844 5429 alamanniaiepitMei,
1859 5369 2108 5429 alamrnrrlesper

564 5446 596 5494 25
616 5448 701 5508 inquid
824 5449 981 5495 occentantio
1103 5447 1134 5496 27
1155 5449 1267 5511 perpessi
1390 5452 1423 5500 28
1442 5454 1537 5500 emulos
1557 5457 1570 5500 l
1590 5469 1623 5502 m.
1751 5456 1998 5516 sciuntquidcauerc,
2018 5457 2106 5516 supple

478 5535 569 5593 sciunt,
590 5534 651 5594 quid
671 5533 811 5581 eruendum
830 5535 872 5591 sit,
893 5534 1011 5581 nesciunt
1028 5547 1118 5581 eeuere
1241 5534 1273 5583 29
1291 5537 1480 5599 circumspectio
1603 5540 1636 5587 30
1653 5541 1700 5588 bos
1718 5538 1838 5607 errorum]
1857 5555 1909 5601 epo,
1931 5547 2070 5591 noseorum

478 5616 645 5684 permaniret]
665 5634 717 5679 epo,
738 5621 882 5680 perueniret

564 5705 596 5753 33
615 5706 727 5765 pernicie
744 5704 810 5765 cod,
830 5706 969 5766 peruicacia
989 5703 1094 5767 modu,
1114 5709 1263 5767 pernicitate
1282 5707 1408 5755 Busirem
1525 5724 1620 5759 merore
1738 5711 1769 5760 :tt
1788 5713 1960 5776 flduelssimoe
2064 5715 2107 5763 di·

479 5788 570 5838 erroro
674 5788 707 5836 35
726 5804 831 5851 garreere
850 5795 907 5838 ante
925 5791 1064 5851 gauderent
1082 5793 1154 5840 inre.
1175 5791 1228 5840 ced.
1336 5792 1369 5840 36
1387 5795 1497 5855 clegeres
