4722 6470
522 431 654 496 CLXVI
1048 428 1313 486 CHROMOLOGIA
1331 429 1619 487 SYMMAOHIANA.

521 661 602 736 rent,
628 654 725 738 paulo
747 660 822 719 ante
840 654 973 718 Romam
996 653 1116 719 reversi
1141 661 1242 719 erant.
1282 654 1495 738 Symmachus
1518 653 1610 719 modo
1633 654 1666 718 in
1688 656 1767 721 urbe
1790 654 1884 720 modo
1906 654 1940 720 in
1956 654 2147 720 suburbanis

521 780 678 840 versatur.
724 794 755 839 v.
781 795 813 859 p.
839 772 943 838 LXX.

609 898 650 959 66
673 894 794 980 scripta
815 894 849 959 in
873 894 1007 980 praedio
1031 893 1184 960 Ostiensi.
1232 894 1445 979 Symmachus
1468 894 1624 961 seditione
1646 893 1752 979 plebis
1775 914 1815 959 ex
1838 895 1917 960 urbe
1940 896 2064 980 pulsus,
2091 895 2147 960 sed

521 1016 620 1100 paulo
644 1022 717 1100 post
738 1020 907 1082 remeatus
929 1020 990 1081 est.
1036 1035 1067 1080 6.
1094 1036 1127 1100 p.
1153 1015 1255 1079 LXX.

608 1136 689 1202 6666
712 1135 883 1221 epistulam
909 1137 950 1199 62
973 1135 1141 1216 scriberet,
1175 1135 1350 1201 adventum
1373 1134 1484 1219 generi
1506 1134 1569 1200 iam
1594 1135 1745 1221 sperabat
1755 1138 1819 1218 ⁸⁴⁰),
1847 1134 1902 1218 qai
1924 1155 1998 1200 mou
2021 1144 2149 1202 secutus

518 1253 594 1333 esse
624 1256 770 1337 ridetur3
802 1256 1043 1340 interrumpitur
1073 1255 1158 1322 enim
1187 1256 1365 1321 litterarum
1395 1251 1500 1322 series
1526 1276 1602 1321 vere
1629 1276 1660 1320 a.
1686 1257 1748 1321 398
1779 1274 1884 1338 neque
1908 1256 2014 1322 denuo
2035 1257 2150 1342 incipit

520 1383 596 1443 ante
625 1385 812 1444 autumnum
841 1377 985 1443 eiusdem
1015 1378 1110 1457 anni,
1145 1374 1302 1442 Flaviano
1332 1375 1365 1440 in
1389 1376 1599 1462 Campaniam
1628 1376 1833 1460 6666666941).
1881 1396 1956 1441 uam
1984 1377 2148 1461 proximae

520 1497 678 1583 epistulae
701 1497 797 1563 certis
819 1504 999 1582 temporum
1022 1497 1105 1562 uotis
1124 1496 1305 1577 distinctae,
1336 1500 1385 1561 16.
1412 1500 1465 1561 36.
1492 1498 1544 1562 35.
1571 1497 1624 1561 36.
1650 1502 1701 1577 66,
1729 1495 1770 1561 66
1786 1496 2026 1563 evocationibus
2042 1496 2149 1562 Theo·

520 1617 590 1682 dori
614 1618 755 1684 consulIs
777 1616 943 1701 designati
965 1618 1147 1699 loquuntur,
1173 1615 1333 1699 quibusda
1355 1615 1468 1681 videas
1490 1638 1523 1701 p.
1549 1616 1608 1681 LX
1631 1624 1664 1682 ct
1686 1616 1804 1681 LXXI.

606 1738 770 1818 Quasnam
792 1738 917 1804 litteras
931 1736 1110 1803 Flavianus
1132 1736 1223 1804 bravi
1245 1743 1396 1822 tempore,
1423 1757 1486 1820 quo
1501 1736 1594 1803 festis
1609 1735 1831 1804 consularibus
1847 1736 2035 1803 Mediolanii
2050 1737 2149 1803 inter-

520 1859 596 1942 fuit,
623 1881 645 1924 a
667 1878 776 1924 socero
798 1859 974 1944 acceperit,
1002 1857 1149 1942 dignosci
1171 1857 1235 1923 iam
1258 1877 1322 1923 nou
1344 1864 1466 1942 potest,
1494 1857 1552 1924 sed
1573 1857 1701 1941 aliquas
1723 1877 1764 1922 ex
1787 1857 2059 1924 commendaticiis
2081 1866 2148 1924 tum

519 1978 721 2063 potissimum
743 1979 881 2063 scrIptas
902 1997 975 2045 esse
998 1977 1200 2060 crediderim,
1227 1998 1298 2043 cum
1320 1978 1355 2043 in
1376 1979 1453 2044 aula
1475 1977 1706 2044 consuetudine
1728 1977 1893 2043 hominum
1912 1977 2148 2063 potentissimo-

521 2119 590 2164 rum
621 2100 781 2165 utebatur.
828 2120 903 2164 nam
933 2099 967 2164 iu
996 2098 1200 2183 praefectura
1228 2098 1333 2181 urbis,
1367 2118 1463 2180 quam
1493 2097 1593 2163 initiis
1623 2097 1952 2183 66618996666611,
1986 2099 2140 2163 6661461

520 2219 670 2304 deposuit
678 2219 753 2302 812),
785 2218 896 2285 nullae
923 2218 1080 2302 epistulae
1103 2216 1306 2302 Symmachi,
1340 2217 1395 2299 qui
1417 2223 1485 2283 tum
1507 2217 1566 2282 filii
1588 2223 1770 2302 praeturam
1792 2218 1955 2284 Instruens
1977 2218 2048 2302 ipse
2069 2238 2148 2302 quo

520 2358 582 2422 que
605 2340 727 2405 Itomae
756 2340 891 2423 agebat,
926 2339 970 2405 ad
991 2358 1064 2403 eum
1087 2337 1184 2404 datae
1207 2356 1280 2404 esse
1303 2345 1439 2423 possunt
1459 2338 1522 2403 uisi
1544 2337 1669 2403 duobus
1692 2337 1759 2403 illle
1780 2344 1837 2404 aut
1857 2337 1961 2403 tribus
1983 2339 2147 2404 mensibus

524 2459 705 2543 (Decembri
728 2480 761 2524 a.
787 2462 849 2523 399
871 2479 973 2542 usque
995 2459 1039 2525 ad
1060 2458 1269 2524 Februarium
1292 2479 1323 2524 a.
1350 2460 1445 2543 466),
1472 2478 1551 2542 quos
1573 2459 1616 2524 ad
1638 2457 1826 2526 Stilichonis
1848 2459 2049 2524 consulatum
2072 2479 2149 2524 666

520 2586 611 2645 catus
633 2580 667 2645 in
688 2579 803 2646 itinere
826 2579 1062 2645 Mediolanensi
1084 2578 1293 2664 consumpsit.
1341 2600 1372 2645 v.
1399 2601 1431 2665 p.
1457 2579 1561 2645 LXII.

605 2700 793 2766 Nicomachi
821 2701 942 2767 Romae
972 2704 1080 2781 erant,
1113 2719 1184 2764 oum
1215 2699 1385 2764 Memmius
1413 2700 1626 2784 Symmachus
1655 2698 1806 2765 kalendis
1836 2698 1997 2765 Ianuariis
2027 2720 2057 2765 a.
2084 2705 2141 2764 461

520 2820 626 2886 fasces
657 2828 828 2905 praeturae
857 2826 1015 2903 sumeret,
1048 2824 1080 2885 et
1108 2825 1276 2904 postquam
1299 2818 1475 2885 Flavianus
1501 2819 1587 2886 vires
1611 2821 1706 2903 longo
1728 2819 2015 2885 administrationis
2038 2820 2148 2886 labore

519 2941 694 3007 exhaustas
722 2941 786 3006 otio
816 2939 899 3005 ruris
929 2940 1087 3025 Campani
1098 2918 1148 3023 l⁴³)
1182 2939 1309 3022 refecit,
1346 2939 1505 3006 adventus
1534 2940 1604 3006 eius
1633 2940 1677 3006 ad
1706 2939 1801 3005 ludos
1831 2940 2008 3024 praetorios
2039 2960 2148 3006 666666

520 3062 709 3144 sperabatur
717 3064 783 3143 ⁸⁴⁴).
834 3080 967 3143 qaorum
996 3068 1125 3144 tempus
1154 3080 1192 3125 eo
1222 3058 1390 3138 definitur,
1422 3060 1508 3144 quod
1538 3059 1638 3125 lilium
1670 3067 1821 3145 praetura
1851 3061 1974 3126 arbaua
2003 3061 2147 3128 functum

519 3201 591 3247 esse
615 3181 829 3266 Symmachus
853 3180 1044 3264 scribit⁸⁴⁶);
1070 3180 1140 3245 ludi
1164 3180 1261 3264 igitur
1283 3180 1324 3245 ab
1347 3200 1385 3246 eo
1407 3180 1585 3246 instruendi
1601 3181 1805 3264 Apollinares
1828 3189 1928 3261 crant,
1955 3183 2010 3265 qui
2033 3183 2147 3248 diebus

520 3301 723 3366 5—131ulii
746 3300 902 3367 celebrari
925 3300 1073 3366 solebant
1082 3303 1147 3385 846).
1195 3300 1307 3383 itaque
1330 3320 1440 3366 omnes
1462 3301 1535 3367 libri
1558 3300 1642 3367 sexti
1665 3300 1841 3385 epistulae,
1868 3321 1951 3385 quae
1973 3311 2147 3387 apparatas

519 3422 669 3507 praetorii
690 3422 883 3488 mentionem
906 3420 1029 3486 faciunt
1054 3422 1117 3504 (33.
1145 3422 1197 3486 34.
1223 3423 1276 3485 68.
1302 3425 1355 3485 46.
1381 3423 1434 3486 42.
1461 3423 1532 3505 46),
1560 3420 1705 3486 Incidunt
1727 3419 1760 3485 in
1784 3441 1840 3486 ver
1861 3422 2061 3506 aestatisque
2083 3423 2147 3487 iui-

463 3566 475 3585 ·
518 3541 597 3607 tium
619 3562 651 3607 a.
677 3546 751 3606 461.

605 3668 646 3728 46
669 3664 723 3727 tibi
745 3667 776 3726 in
799 3665 863 3727 dies
887 3665 1036 3744 sinprrlos,
1063 3664 1153 3724 ricem
1176 3671 1331 3741 nostram,
1359 3664 1440 3726 (lomi
1457 3664 1595 3745 farraque
1614 3664 1703 3744 foma
1723 3663 1881 3743 florentior
1903 3674 1958 3726 est.
2006 3674 2033 3727 ct
2051 3685 2147 3745 proe-

605 3924 665 3986 846)
688 3922 745 3984 111,
767 3923 782 3972 2
806 3925 857 3971 sola
876 3937 921 3971 noe
939 3925 1013 3975 666161
1030 3926 1139 3970 maraci
1156 3922 1284 3983 absentia,
1307 3923 1350 3970 666
1368 3925 1388 3970 61
1407 3926 1434 3971 tn
1452 3928 1605 3984 compeetaan
1623 3929 1736 3972 nostram
1751 3937 1852 3984 propere
1869 3926 1996 3985 canaitis,
2023 3937 2068 3971 noa
2086 3938 2146 3985 qno-

519 4026 565 4072 que
589 4025 716 4059 recurram
737 4015 846 4058 oestrum
873 4013 899 4057 in
922 4009 1085 4070 Campaniam
1110 4022 1166 4055 carn
1190 4010 1317 4069 voluptate
1341 4009 1519 4057 comitabimur.
1559 4016 1645 4071 postea
1662 4010 1817 4072 propositum
1835 4012 1955 4071 mutavit,
1979 4023 2062 4072 neque
2080 4012 2147 4058 eulru

519 4111 542 4144 a.
563 4095 613 4144 398
632 4098 658 4144 in
677 4078 892 4157 6666666161611.1

605 4181 663 4242 841)
688 4180 745 4241 163,
767 4178 799 4228 22
824 4184 915 4228 interea
940 4180 973 4227 66
992 4180 1151 4228 Formianum
1169 4180 1229 4227 lttaa
1247 4182 1293 4227 1166
1308 4193 1438 4241 promeae,
1467 4184 1496 4227 at
1513 4194 1569 4229 eam
1587 4180 1621 4228 66
1638 4185 1660 4227 16
1678 4179 1774 4229 delatae
1791 4182 1885 4229 litterae
1902 4179 2012 4244 fuerint,
2042 4182 2147 4231 Romam

518 4270 733 4317 61116666666666.
1372 4256 1379 4268 ”

605 4352 663 4415 842)
684 4355 798 4402 Flaviani
817 4355 987 4414 magistratum
1006 4353 1073 4401 ultra
1091 4355 1154 4400 lines
1172 4354 1293 4415 temporis
1312 4354 1380 4401 solitl
1399 4359 1534 4401 extensum
1553 4354 1645 4416 fuisse,
1672 4355 1733 4403 dicit
1751 4354 1914 4414 Symmachus
1935 4353 1999 4415 191,
2020 4354 2035 4403 2
2055 4356 2148 4403 interea

518 4455 568 4488 non
590 4443 683 4489 minore
707 4439 806 4488 abundo
829 4440 938 4500 taetitia,
965 4439 1030 4499 qaod
1051 4438 1148 4488 domini
1169 4443 1191 4485 et
1214 4440 1261 4501 tilii
1282 4444 1331 4487 mei
1351 4441 1466 4488 Flauiani
1488 4441 1636 4500 prolixas
1662 4444 1688 4488 in
1713 4441 1847 4490 iudicando
1869 4440 1937 4488 16666
1961 4445 2046 4500 optata
2069 4443 2146 4502 qniett

517 4531 628 4574 motatur
648 4531 698 4587 eat,·
724 4527 825 4574 brevius
848 4526 927 4585 Igitur
951 4526 974 4571 el
997 4529 1097 4586 tempus
1122 4538 1197 4586 qnam
1216 4539 1295 4573 annos
1312 4526 1374 4574 duos
1392 4527 1530 4574 attribuere
1549 4528 1591 4574 rix
1610 4527 1676 4576 11661
1716 4542 1772 4575 cum
1792 4534 1875 4576 autem
1895 4527 2018 4575 Theodori
2036 4528 2147 4588 ausplala

519 4613 659 4660 musularia
677 4628 700 4660 a.
722 4611 772 4660 399
792 4611 935 4659 Mediolanii
959 4611 1137 4673 celebraverit,
1163 4616 1222 4659 ante
1246 4625 1356 4660 mensem
1374 4612 1537 4660 Februarium
1561 4613 1675 4661 eiusdem
1700 4615 1758 4662 anni
1783 4615 1962 4677 praefecturam
1988 4614 2078 4661 iniisse
2097 4627 2146 4661 non

518 4704 616 4761 potest,
637 4713 719 4761 acque
738 4704 793 4762 post
811 4698 835 4747 6.
857 4696 886 4745 21
909 4699 971 4758 Apr.
992 4713 1013 4746 a.
1035 4697 1081 4745 461
1104 4698 1265 4760 deposuisse,
1286 4699 1344 4759 quia
1362 4697 1406 4746 hoc
1424 4699 1464 4746 die
1483 4699 1532 4746 tam
1551 4699 1576 4746 ln
1597 4699 1731 4761 Campania
1749 4704 1802 4747 erat
1823 4698 1891 4760 (164,
1912 4698 1966 4760 23).
2004 4701 2147 4762 praefectus

518 4786 573 4833 urbi
600 4786 776 4848 praescribitur
799 4785 899 4845 legibus
923 4784 976 4831 his:
1005 4784 1029 4831 6.
1051 4783 1141 4833 6166.
1162 4799 1184 4831 a.
1205 4781 1256 4834 399
1280 4783 1338 4833 666.
1359 4784 1451 4832 meod.
1472 4784 1535 4831 XIV
1556 4783 1596 4846 16,
1617 4783 1641 4833 3.
1680 4786 1705 4833 d.
1727 4783 1832 4833 24166.
1852 4800 1876 4834 a.
1897 4784 1947 4833 466
1967 4784 2027 4833 666.
2049 4785 2144 4833 Theod.

518 4872 584 4920 XIII
602 4871 626 4934 6,
648 4871 690 4920 29.
728 4872 752 4920 6.
769 4871 784 4918 6
799 4871 870 4919 Mart.
891 4886 914 4918 a.
934 4869 1063 4919 466666.
1085 4870 1178 4918 Theod.
1200 4869 1298 4919 11131.
1336 4872 1360 4919 6.
1378 4870 1486 4931 sarug.
1509 4886 1532 4919 a.
1548 4870 1598 4919 466
1617 4871 1676 4919 666.
1698 4870 1791 4919 66666.
1811 4871 1849 4919 XI
1868 4871 1910 4929 36,
1930 4870 1973 4920 61.
2012 4871 2037 4920 6.
2053 4871 2143 4919 9666.

518 4975 540 5007 a.
561 4959 612 5008 466
631 4959 691 5008 666.
712 4958 805 5006 Theod.
827 4957 874 5004 XV
892 4956 916 5015 2,
939 4956 963 5003 a.
1001 4957 1031 5004 ad
1054 4958 1210 5005 decessorem
1235 4959 1291 5005 eius
1310 4958 1473 5020 Lampadium
1499 4956 1568 5004 nulla
1592 4958 1650 5020 lex,
1676 4971 1741 5019 qnae
1759 4958 1860 5019 quidem
1880 4958 1909 5005 ad
1929 4971 1973 5006 nos
1990 4959 2144 5019 pervenerit,

518 5046 574 5092 data
592 5050 641 5107 est,
661 5058 788 5093 successor
801 5045 893 5091 linctus
912 5046 1020 5106 primum
1033 5048 1238 5092 commemoratur
1249 5044 1275 5091 ln
1289 5045 1468 5092 constItutIone
1481 5043 1541 5091 666.
1557 5043 1651 5091 I’heod.
1666 5043 1712 5090 Vll
1729 5042 1770 5104 13,
1787 5042 1816 5091 15
1830 5045 1887 5091 data
1900 5044 1924 5090 d.
1940 5042 1956 5091 6
1969 5044 2030 5092 Deo.
2047 5058 2069 5092 a.
2084 5041 2143 5092 462.

604 5132 662 5192 843)
684 5129 846 5179 Nicomachos
864 5134 917 5176 turn
937 5130 963 5177 ln
983 5129 1118 5191 Campania
1136 5131 1227 5191 luisse,
1247 5130 1355 5178 traditur
1374 5128 1432 5192 165,
1455 5127 1495 5178 12.

605 5216 666 5279 844)
688 5216 744 5275 164,
767 5215 782 5262 6
806 5229 860 5263 mea
884 5218 948 5263 circa
969 5218 1103 5276 praetorios
1127 5221 1263 5276 apparator
1286 5230 1348 5263 cara
1372 5216 1506 5263 6666666611.
1546 5214 1610 5276 qaod
1633 5228 1660 5263 eo
1683 5215 1773 5277 666166,
1800 5221 1827 5263 at
1851 5217 1977 5276 inteltepat
1994 5217 2146 5263 unanimitas

517 5309 597 5351 666166
624 5303 769 5351 adminiculi
793 5304 833 5349 rai
851 5305 987 5350 societatem
1004 5300 1146 5350 desiderari.
1183 5315 1228 5349 nec
1245 5315 1301 5348 sam
1320 5304 1463 5362 imperiosam
1482 5305 1591 5362 6666166,
1618 5304 1646 5347 at
1665 5305 1707 5361 qai
1724 5304 1812 5359 ariam,
1840 5284 1993 5350 6666611616
2010 5316 2077 5349 maor
2094 5307 2146 5361 poa

517 5395 626 5439 cestram
644 5390 798 5437 commodam
815 5388 993 5449 conlocandae,
1020 5388 1063 5435 666
1080 5390 1101 5436 ai
1119 5387 1177 5436 bena
1195 5390 1311 5445 aestimo,
1332 5386 1486 5447 mttsfaclent
1502 5388 1571 5434 aobla
1588 5387 1622 5433 ad
1639 5386 1795 5445 rastellonem
1812 5390 1947 5448 6666666116
1963 5390 2053 5435 mensis
2071 5386 2147 5434 inda·

518 5478 575 5524 tiae.
615 5476 673 5536 165,
694 5475 727 5525 22
745 5476 887 5523 crocodillos
905 5475 1020 5523 theatrali
1037 5475 1176 5534 spectaculo
1195 5473 1335 5534 publicatos
1354 5477 1380 5522 in
1395 5477 1563 5534 maerentium
1580 5478 1688 5523 nestram
1705 5488 1801 5522 6666666
1819 5476 2001 5534 temptauimus.
2028 5500 2062 5508 -
2085 5475 2146 5521 dnos

517 5564 590 5610 etiam
608 5576 676 5612 nanc
693 5565 814 5623 spirantes
833 5564 860 5610 in
877 5565 985 5610 vestram
1002 5559 1142 5622 6616666666
1160 5558 1303 5607 aduentam.

604 5646 663 5711 845)
686 5646 745 5710 118,
765 5646 811 5707 21,
833 5646 893 5708 226,
914 5646 961 5709 22;
982 5645 1042 5707 234,
1063 5643 1105 5694 21.
1127 5644 1167 5694 26.

604 5734 663 5795 846)
685 5735 830 5795 Mommsen,
852 5729 1261 5792 1166666666616616666111126.
1284 5734 1350 5787 226,·
1370 5733 1398 5781 6.
1418 5735 1439 5783 1.
1461 5734 1490 5780 L.
1510 5735 1567 5794 lp.
1590 5731 1649 5784 346.
