4722 6470
823 452 879 507 VII
897 455 996 506 ato-tt
1016 452 1071 508 AD
1089 453 1244 508 DEGIVM.
1650 456 1852 522 CLXXXIII

212 677 329 759 banis,
363 698 447 760 quae
469 677 593 743 bellurn
616 677 818 743 Gildonicum
842 683 1104 763 praecesserunt,
1131 678 1252 743 Romae
1274 682 1417 743 retentus
1440 684 1504 758 est,
1539 686 1692 744 autumno
1714 700 1746 744 a.
1773 682 1833 744 397
1840 729 1847 743 .

213 818 245 859 v.
273 819 309 882 p.
335 798 450 863 LXIV.

308 923 361 982 40.
387 923 425 982 41
452 939 484 982 v.
509 918 552 984 ad
575 918 670 1002 epist.
697 922 748 983 38.

305 1038 357 1103 Ad
378 1037 516 1104 eundem
532 1038 667 1104 Decium
685 1038 842 1124 epistulas
857 1058 984 1122 quoque
998 1038 1060 1104 VII
1077 1040 1205 1101 tta-52
1221 1037 1407 1104 referendas
1423 1032 1505 1120 esse,
1533 1039 1638 1104 statim
1655 1038 1847 1105 videbimus.

878 1266 1187 1273 ψ-

766 1485 836 1568 vll
862 1485 1003 1568 cta-59
1030 1484 1301 1568 insulula.

305 1675 396 1740 Folia
425 1674 544 1740 codicis
573 1675 757 1760 archetypi,
792 1696 877 1758 quae
897 1675 931 1739 in
955 1673 1046 1739 libris
1069 1673 1296 1757 superstitibus
1319 1676 1400 1741 calci
1423 1675 1520 1741 totius
1543 1677 1755 1761 epistularum
1779 1697 1848 1742 cor-

215 1795 307 1878 poris
335 1794 464 1860 adnexa
493 1803 583 1861 erant
609 1802 643 1861 et
670 1818 691 1860 a
719 1795 812 1861 nobis
835 1795 916 1861 libro
939 1815 1023 1861 nono
1045 1794 1166 1859 inserta
1188 1801 1263 1860 sunt
1289 1797 1373 1877 (269,
1403 1800 1435 1858 11
1457 1802 1561 1880 sqq),
1596 1797 1850 1881 complectuntur

215 1915 250 1979 in
274 1915 415 1980 editione
437 1921 547 1981 nostra
569 1935 681 1981 versus
707 1918 829 2001 ¹17¹f23
863 1915 1022 2000 epistulae
1045 1921 1169 1997 antem,
1203 1934 1286 1997 quae
1308 1915 1341 1979 in
1364 1915 1446 1981 libro
1470 1916 1608 2001 septimo
1631 1938 1689 2002 pro
1711 1918 1849 2003 inscrip-

215 2034 358 2100 tionibus
380 2036 487 2120 spatia
509 2055 613 2101 vacua
635 2036 837 2121 praeferunt,
864 2035 1079 2103 extenduntur
1100 2056 1157 2120 per
1179 2054 1292 2102 versus
1318 2039 1394 2117 tta,
1423 2036 1451 2101 si
1474 2036 1716 2121 inscriptionum
1740 2038 1847 2122 spatia

215 2176 275 2239 pro
303 2153 451 2221 versibus
474 2155 616 2221 dimidiis
639 2164 856 2224 numerentur.
903 2157 985 2222 haec
1005 2176 1208 2221 numerorum
1232 2155 1409 2221 similitudo
1431 2157 1587 2239 ostendit,
1621 2158 1747 2233 litteras
1768 2179 1848 2225 ano-

216 2295 332 2359 nymas
354 2275 388 2340 iu
412 2275 521 2341 codice
543 2277 717 2362 archetypo
740 2276 949 2361 quaternione
972 2297 1035 2342 uno
1057 2276 1305 2361 comprehensas
1329 2275 1442 2359 fuisse,
1469 2297 1533 2361 qua
1555 2298 1589 2343 re
1604 2278 1847 2364 inscriptionum

215 2395 346 2461 omissio
368 2395 524 2462 facillime
548 2397 735 2481 explicatur.
780 2396 935 2462 videlicet
956 2416 1028 2460 cum
1051 2402 1202 2462 contextu
1225 2417 1245 2462 a
1268 2396 1397 2461 librario
1421 2397 1597 2482 perscripto
1620 2399 1848 2481 quaterniones

216 2515 359 2580 noudum
381 2516 587 2600 bibliopegae
610 2537 719 2583 curam
743 2516 867 2602 experti
889 2515 1076 2582 rubricatori
1101 2516 1381 2599 committerentur,
1408 2537 1491 2583 unus
1514 2539 1622 2583 eorum
1646 2525 1703 2584 aut
1725 2520 1848 2586 latebat

215 2641 273 2700 aut
293 2636 358 2701 alio
381 2636 525 2717 quolibet
546 2657 622 2703 casu
644 2637 837 2723 praeteritus
860 2644 920 2703 est.
970 2637 1120 2720 quoniam
1143 2636 1242 2719 igitur
1264 2637 1325 2702 hae
1348 2637 1506 2722 epistulae
1528 2640 1620 2704 nulla
1640 2659 1676 2703 re
1698 2657 1802 2723 neque
1824 2661 1845 2705 a

216 2755 485 2840 praecedentibus
514 2777 618 2841 neque
646 2778 667 2823 a
696 2758 967 2841 subsequentibus
995 2756 1197 2838 dividuntur,
1230 2757 1351 2841 primas
1379 2778 1451 2823 curn
1480 2759 1590 2841 aliqua
1618 2758 1846 2844 probabilitate

216 2875 260 2942 ad
281 2876 431 2957 Decium,
464 2877 519 2959 qui
548 2897 605 2943 eas
635 2878 817 2962 praecedit,
850 2885 1029 2962 postremas
1055 2877 1097 2942 ad
1120 2877 1308 2958 Patricium,
1344 2879 1398 2962 qui
1421 2879 1582 2960 sequitur,
1614 2878 1733 2945 referre
1756 2880 1842 2962 licet,

216 2997 278 3061 nisi
301 2997 383 3063 forte
408 2996 606 3082 sumpseris,
639 2997 858 3082 quaternionis
880 2998 962 3065 fines
984 3017 1061 3064 casu
1084 2997 1192 3080 aliquo
1214 2998 1425 3064 sollemnibus
1446 2997 1513 3063 illis
1537 2998 1643 3064 verbis
1667 3003 1793 3081 eapticr't
1814 3007 1847 3066 et

218 3121 322 3201 incipit
345 3118 531 3184 terminatos
554 3117 665 3200 fuisse,
692 3117 779 3203 quod
800 3118 886 3184 omui
908 3119 976 3184 veri
999 3116 1209 3184 similitudine
1231 3124 1329 3184 caret.

301 3238 452 3324 Epistula
474 3242 515 3304 50
538 3240 584 3322 ei,
618 3239 669 3304 cui
697 3239 798 3304 missa
828 3246 894 3322 est,
927 3239 1121 3323 gratulatur,
1156 3237 1242 3321 quod
1263 3238 1420 3304 Flaviano
1442 3238 1476 3303 iu
1497 3239 1701 3323 praefectura
1723 3241 1846 3307 urbana

216 3359 417 3424 successerit.
464 3379 560 3442 quem
588 3360 810 3443 magistratum
841 3358 1027 3445 Symmachi
1055 3378 1155 3442 gener
1181 3357 1330 3443 deposuit
1359 3380 1443 3424 anno
1466 3364 1525 3422 401
1560 3359 1709 3443 ineunte,
1743 3362 1846 3444 gessit

216 3477 334 3544 Decius
356 3479 389 3544 d.
415 3483 434 3542 6
457 3479 537 3545 Dec.
561 3501 592 3546 a.
619 3484 699 3561 402,
734 3501 837 3564 neque
860 3479 1045 3564 quisquam,
1080 3479 1135 3560 qui
1156 3478 1451 3545 administrationes
1473 3500 1582 3546 eorum
1605 3480 1775 3563 distineat,
1810 3482 1844 3547 in

215 3598 325 3665 codice
346 3598 571 3666 Theodosiano
600 3602 940 3681 commemoraturus).
986 3597 1127 3679 accedit,
1161 3598 1247 3682 quod
1269 3598 1321 3663 hic
1343 3599 1408 3663 iam
1430 3606 1506 3666 ante
1527 3619 1672 3666 mensem
1694 3601 1843 3667 Martium

216 3738 246 3782 a.
272 3722 335 3783 403
365 3738 584 3786 successorem
614 3720 754 3806 accepit,
788 3720 836 3786 ita
858 3727 893 3786 ut
913 3721 1148 3806 praefecturam
1171 3719 1242 3785 eius
1265 3725 1322 3784 ant
1343 3719 1437 3784 solito
1459 3720 1639 3786 breviorem
1663 3721 1765 3787 fuisse
1787 3729 1844 3787 aut

182 3878 193 3891 ‚
216 3839 326 3905 eodem
357 3860 441 3905 anno
464 3841 574 3905 initam
598 3859 670 3907 esse
693 3847 816 3926 pateat,
852 3862 915 3925 quo
937 3840 1114 3907 Flavianus
1137 3839 1326 3922 magistratu
1349 3839 1543 3906 decesserat.
1591 3839 1620 3905 si
1641 3846 1750 3906 autem
1772 3842 1842 3925 epi·

216 3959 317 4024 stulae
341 3963 383 4024 50
406 3960 497 4025 Decii
527 3981 642 4027 nomen
669 3960 929 4046 praeponendum
959 3967 1025 4042 est,
1057 3980 1237 4044 anonymae
1260 3979 1388 4042 omnes,
1422 3980 1505 4043 quae
1528 3960 1611 4026 hanc
1632 3960 1839 4046 praecedunt,

215 4079 390 4145 secuudum
412 4101 484 4147 eam
507 4082 623 4166 legem,
649 4102 745 4164 quarn
761 4081 929 4146 Memmius
945 4081 1157 4165 Symmachus
1179 4079 1213 4145 in
1235 4080 1383 4164 epistulis
1406 4079 1508 4164 patris
1530 4079 1741 4164 disponendis
1764 4102 1840 4166 sep-

215 4204 277 4264 tcrn
299 4199 412 4283 primis
433 4202 574 4286 corporis
596 4201 686 4267 libris
708 4201 864 4283 adhibuit,
891 4199 934 4267 ad
956 4199 1093 4267 eundem
1117 4201 1250 4266 Decium
1273 4200 1385 4266 referri
1409 4200 1536 4266 debent.

300 4632 576 4715 summaquense
604 4637 729 4695 cessatio
760 4643 804 4696 est
832 4641 861 4695 ct
888 4635 920 4694 ia
943 4634 1057 4713 affatus
1080 4640 1200 4694 mutatos
1222 4652 1301 4694 caru
1322 4633 1485 4693 tendenda.
1532 4631 1638 4715 prima
1658 4651 1735 4713 ergo
1759 4631 1839 4698 haec

213 4750 352 4834 epistula
373 4757 433 4832 est,
460 4771 558 4834 quarn·
578 4751 792 4835 Symmachus
814 4751 857 4817 ad
874 4750 1009 4818 Decium
1032 4750 1172 4830 dederit3
1198 4750 1308 4834 itaque
1329 4756 1404 4817 ante
1426 4750 1487 4815 VH
1503 4754 1555 4833 36,
1581 4771 1665 4833 quae
1687 4758 1839 4817 autumno

213 4889 242 4933 a.
271 4871 333 4934 306
355 4870 476 4955 scripta
498 4876 558 4954 cst,
585 4871 735 4937 collocari
757 4871 863 4938 debet.

300 4993 339 5052 43
362 4990 575 5075 Symmachus
597 4990 663 5056 ruri
684 5011 786 5075 agens
808 4990 900 5078 pedis
922 4990 1032 5057 dolore
1053 4991 1187 5072 laborat,
1214 5012 1256 5055 m.
1283 4990 1413 5056 Octobri
1436 4997 1493 5056 aut
1515 4990 1688 5056 Novembri
1709 5013 1741 5056 a.
1761 4993 1834 5056 397.

212 5131 242 5175 v.
268 5132 300 5196 p.
327 5111 445 5175 LXIX.
493 5111 612 5178 Decius
635 5132 673 5177 ec
694 5119 838 5196 tempore
860 5111 1071 5196 Campaniam
1094 5111 1263 5197 proconsul
1285 5110 1431 5194 regebat.

298 5236 351 5294 45.
377 5234 419 5295 46
446 5230 647 5298 Gaudentius
676 5239 708 5298 et
735 5232 926 5299 Desiderius
948 5231 1048 5298 Decio
1076 5240 1108 5298 et
1130 5231 1285 5298 Minervio
1313 5231 1367 5312 [IV
1390 5235 1442 5296 38.
1469 5233 1519 5313 40)
1554 5231 1833 5311 commendantur,

212 5356 278 5416 tum
305 5351 405 5435 igitur
432 5357 565 5435 uterque
594 5350 628 5416 in
656 5353 734 5418 aula
762 5352 869 5418 officio
897 5352 1005 5435 aliquo
1032 5351 1129 5418 simul
1158 5351 1364 5438 fungebatur.
1410 5350 1587 5416 Minervius
1612 5349 1689 5417 inde
1711 5351 1753 5416 ab
1775 5372 1836 5417 au-

298 5661 358 5725 930)
378 5663 593 5726 Andromachum,
621 5665 663 5727 qul
688 5665 737 5726 legl
755 5664 816 5714 (lod.
837 5665 929 5714 Theud.
950 5663 1048 5724 X128‚
1069 5664 1084 5712 3
1102 5664 1175 5712 datae
1194 5664 1218 5712 d.
1239 5663 1390 5712 1511111.
1411 5660 1459 5712 tut
1479 5660 1620 5722 praefectus
1639 5660 1694 5707 urbi
1712 5663 1836 5722 praesert-

211 5751 290 5811 bitur,
310 5763 336 5797 ra
355 5762 413 5797 vera
430 5750 584 5811 praelectum
601 5752 722 5812 praeturio
740 5750 876 5800 Galliarum
895 5752 974 5800 fuisse
991 5751 1171 5799 demonstrauit
1189 5749 1361 5797 Gothofredus.
