4746 6472
893 499 1011 557 EPIST.
1031 501 1073 557 tx
1093 502 1202 557 lit-41.

802 862 851 945 u
878 862 1016 977 m-m
1052 861 1178 945 luno
1206 864 1291 946 roo.

323 1052 373 1117 En
395 1051 447 1117 his
469 1071 596 1135 quoquo
619 1051 768 1137 epistulis
791 1054 918 1117 23-25
942 1057 976 1117 et
990 1054 1030 1114 27
1053 1057 1236 1137 praeturam
1258 1051 1317 1115 tilii
1339 1050 1524 1136 respiciunt,
1549 1050 1608 1116 sed
1629 1050 1753 1134 aliquot
1774 1072 1865 1118 men-

232 1171 324 1238 sibus
345 1178 419 1258 post
442 1172 557 1238 semem
573 1171 819 1257 praecedentem
835 1172 974 1257 scriptae
989 1180 1080 1249 sunt;
1106 1192 1181 1237 nam
1197 1174 1238 1237 23
1254 1178 1287 1236 et
1302 1174 1342 1234 24
1359 1170 1401 1236 ad
1416 1171 1604 1237 Marcellum
1621 1171 1711 1237 etad
1726 1149 1863 1238 Bassum

233 1291 278 1358 de
301 1292 450 1377 epistulis
477 1297 513 1357 ll
539 1300 572 1359 ot
595 1296 635 1358 29
658 1293 758 1360 atad
780 1293 912 1359 eosdem
935 1291 999 1357 iam
1023 1300 1098 1358 ante
1121 1291 1229 1358 missis
1251 1292 1440 1374 loquuntur,
1468 1298 1502 1358 et
1524 1294 1564 1355 25
1587 1291 1821 1376 praefecturam
1844 1315 1864 1358 a

232 1412 403 1478 Theodoro
426 1432 539 1478 recens
562 1412 740 1499 depositam
764 1418 1001 1479 commemorat.
1034 1413 1156 1496 quoin
1178 1412 1369 1495 magistratu
1391 1411 1515 1497 positus
1538 1411 1684 1478 ultimum
1706 1414 1865 1498 praescri-

232 1533 319 1599 bitur
339 1532 407 1617 legi
429 1532 526 1599 datae
549 1534 582 1600 d.
608 1537 649 1598 25
673 1534 744 1600 Oct.
769 1554 800 1599 a.
827 1536 901 1599 399.
943 1536 984 1617 (v.
1010 1532 1087 1598 adn.
1114 1535 1201 1617 758).
1250 1538 1317 1598 tota
1338 1532 1437 1616 igitur
1459 1532 1560 1598 series
1582 1532 1696 1600 incidit
1717 1533 1751 1599 in
1773 1553 1864 1599 men-

234 1672 301 1719 sem
323 1654 538 1720 Nouembrem
560 1675 592 1720 a.
619 1657 699 1734 399;
734 1674 772 1720 eo
794 1654 880 1720 enim
903 1660 1062 1740 tempore,
1095 1673 1159 1737 quo
1182 1652 1320 1720 emissae
1343 1660 1432 1735 sunt,
1466 1653 1605 1720 hiemem
1627 1654 1768 1720 nondum
1791 1673 1863 1739 pro

233 1781 359 1841 vectam
381 1773 494 1857 fuisse,
522 1774 615 1842 docet
637 1776 710 1857 242,
732 1777 769 1838 21
795 1796 907 1860 quaeso
929 1785 966 1857 te,
993 1784 1027 1839 ut
1049 1776 1078 1837 si
1096 1774 1177 1856 forte
1199 1794 1345 1857 equorum
1367 1776 1499 1838 reditum
1523 1778 1715 1857 intemperies
1737 1776 1866 1838 bibmaa

237 1896 454 1977 retardaverit,
480 1896 638 1959 stabulari
660 1898 691 1959 iu
713 1900 799 1981 apris
822 1899 882 1960 tuis
904 1915 994 1981 equos
1008 1905 1128 1959 uestros
1139 1900 1249 1978 paucis
1264 1895 1417 1959 mensibus
1432 1896 1546 1976 iubeas,
1573 1894 1658 1979 quod
1679 1895 1774 1961 modo
1791 1914 1868 1961 con-

238 2014 384 2080 ditionali
414 2014 509 2080 scribi
539 2034 602 2080 non
632 2016 805 2101 potuisset,
839 2016 867 2082 si
896 2022 963 2081 tum
993 2015 1058 2081 iam
1088 2015 1202 2080 bruma
1226 2013 1354 2080 initium
1377 2015 1529 2101 cepisset.
1577 2017 1617 2078 28
1641 2015 1766 2081 nullum
1788 2015 1866 2080 anni

237 2133 389 2200 indicium
412 2135 563 2217 continet,
590 2135 649 2201 sed
672 2136 821 2218 quoniam
843 2139 979 2201 bibernis
1002 2137 1154 2200 mensibus
1178 2135 1298 2220 scripta
1320 2143 1379 2219 est,
1405 2155 1476 2200 cum
1499 2134 1768 2220 praecedentibus
1790 2156 1867 2201 con-

237 2254 401 2339 iungenda
422 2255 602 2322 videbatur.

806 2670 856 2752 lx
884 2672 946 2753 29-
976 2671 1025 2753 30
1057 2669 1182 2752 ΑΝΝΟ
1210 2670 1296 2752 397.

324 2860 455 2941 Varum,
481 2859 537 2941 qui
559 2866 688 2944 praeter
708 2859 792 2925 alias
814 2859 995 2944 provincias
1010 2860 1149 2946 Apuliae
1164 2880 1290 2944 quoque
1305 2878 1458 2944 praeesse
1473 2857 1506 2923 in
1523 2858 1663 2943 epistula
1679 2860 1720 2921 29
1737 2855 1863 2937 dicitur,

237 2979 393 3044 vicarium
416 2980 504 3045 urbis
520 2980 654 3063 Romae,
679 2979 714 3045 id
736 2986 786 3045 est
800 2980 916 3046 ltaliae
939 2980 1169 3062 meridionalis,
1195 3001 1227 3046 a.
1246 2982 1307 3044 398
1331 2980 1431 3045 fuisse
1454 2985 1578 3045 constat
1588 2981 1666 3061 ¹⁰³⁵).
1709 2977 1768 3043 sed
1790 2977 1867 3061 quia

238 3099 297 3165 hae
321 3099 449 3166 litterae
471 3107 624 3166 autumno
647 3100 785 3185 scriptae
807 3107 898 3183 sunt,
925 3121 996 3165 cum
1019 3108 1087 3166 tota
1107 3101 1204 3166 Italia
1228 3099 1313 3166 same
1335 3099 1496 3165 laboraret
1518 3107 1551 3165 et
1572 3099 1673 3165 nihilo
1696 3096 1802 3163 minus
1824 3118 1865 3163 ex

238 3219 409 3303 provinciis
438 3219 632 3286 frumentum
661 3229 845 3305 cogeretur,
878 3208 908 3287 oi
938 3221 1044 3304 potius
1072 3220 1207 3306 tempori
1237 3240 1295 3286 eas
1316 3219 1470 3301 attribuo,
1504 3240 1566 3303 quo
1588 3220 1675 3286 bello
1698 3218 1866 3284 Gildonico

239 3337 423 3405 imminente
452 3346 648 3406 commeatus
671 3340 816 3407 Africani
842 3342 906 3407 iam
936 3348 1143 3407 cessaverant
1171 3348 1204 3406 et
1233 3341 1321 3406 urbis
1344 3361 1473 3406 annona
1495 3360 1536 3406 ex
1559 3340 1726 3424 Hispaniis
1750 3339 1868 3405 Galliis

238 3459 333 3525 ltalia
362 3459 436 3545 ipsa
465 3461 727 3545 conquirebatur,
762 3482 846 3527 anno
869 3464 930 3526 397
962 3460 1105 3527 exeunti.
1152 3482 1183 3526 v.
1209 3460 1286 3526 adu.
1312 3463 1386 3525 322.
1433 3481 1516 3545 quae
1546 3461 1697 3546 temporis
1724 3459 1867 3525 definitio

239 3579 444 3646 confirmatur
466 3579 559 3666 epist.
587 3583 627 3644 29
642 3581 688 3660 Α;
718 3582 855 3647 Formiis
877 3582 962 3647 enim
986 3581 1063 3647 data
1085 3588 1144 3664 est,
1171 3581 1225 3647 ubi
1248 3580 1461 3666 Symmachus
1484 3602 1504 3647 a
1526 3601 1637 3647 menso
1659 3581 1741 3646 Iulio
1763 3599 1866 3664 usque

238 3699 281 3764 ad
303 3699 475 3766 Octobrem
498 3722 529 3765 a.
555 3703 616 3765 397
641 3703 840 3768 versabatur.
888 3724 918 3769 v.
945 3724 977 3788 p.
1003 3701 1089 3767 LXI.

326 3823 367 3886 39
391 3821 458 3886 litis
481 3842 553 3887 cum
576 3823 684 3888 Leone
706 3823 945 3908 componendae
967 3824 1037 3889 vias
1059 3823 1194 3907 quaerit.
1241 3822 1391 3906 quoniam
1413 3822 1446 3888 in
1469 3823 1564 3908 epist.
1591 3822 1666 3887 Vlll
1693 3827 1730 3886 17
1753 3820 1867 3887 eodem

240 3948 392 4007 autumno
423 3961 494 4006 cnm
524 3943 792 4027 praecedentibus
822 3943 941 4029 scripta
971 3943 1099 4010 domum
1126 3964 1217 4009 suam
1241 3946 1345 4008 multis
1368 3946 1569 4008 circulatrari
1590 3946 1714 4007 im'uriis
1737 3941 1814 4007 dicit
1835 3948 1868 4006 et

241 4061 281 4125 ab
303 4061 461 4127 advocato
476 4062 590 4127 Rufino
613 4063 701 4146 petit,
728 4072 764 4130 ut
786 4084 856 4129 cam
877 4066 1012 4146 [cremis
1037 4067 1207 4128 industriae
1230 4074 1355 4127 tueatur
1378 4067 1482 4148 officio,
1508 4064 1589 4130 haec
1610 4082 1736 4148 qnoque
1758 4084 1789 4127 a.
1805 4065 1865 4126 397

242 4181 358 4265 optime
381 4183 540 4248 convenit.

325 4595 373 4660 IX
398 4598 524 4660 35-38
555 4596 746 4661 sententiam
770 4596 967 4662 simillimam
989 4598 1173 4683 exprimunt
1195 4602 1236 4665 35
1260 4605 1292 4665 et
1314 4603 1367 4664 39.
1414 4598 1521 4665 verbis
1544 4597 1729 4683 conspirant
1752 4601 1791 4661 35
1815 4607 1868 4661 est

241 4719 328 4779 euim
356 4717 431 4780 mut
452 4718 623 4798 familiaris
650 4719 853 4802 clipeusque
875 4722 1047 4801 patrocinio
1070 4729 1130 4783 tuo.
1177 4723 1217 4783 37
1241 4729 1292 4783 est
1320 4722 1412 4783 cuim
1439 4721 1524 4783 rrobis
1547 4722 1810 4783 conciliatissimus
1833 4719 1868 4779 ob

241 4840 338 4900 uitae
367 4840 568 4923 iutegritatem
597 4840 800 4922 dipuusque
828 4858 874 4900 me
896 4848 983 4921 teste,
1017 4843 1070 4923 qui
1091 4848 1153 4907 ete.
1200 4842 1241 4905 38
1264 4841 1336 4903 olim
1358 4841 1433 4903 mibi
1449 4841 1600 4922 probitate
1622 4843 1721 4903 vitae
1743 4842 1870 4921 conpla-

241 4959 318 5019 citus
340 4966 385 5020 est
406 4968 434 5021 ct
455 4958 617 5022 horreatis
640 4980 734 5023 carus
757 4961 873 5041 officiis.
921 4962 961 5024 36
984 4961 1114 5043 mihique
1129 4963 1245 5024 dudum
1258 4961 1418 5044 probatum
1431 4980 1490 5042 per
1512 4960 1662 5024 homesta
1678 4960 1866 5022 documenta.

324 5076 373 5141 IX
397 5080 520 5142 39-41
556 5078 664 5145 verbis
693 5078 878 5164 conspirant
899 5081 941 5143 39
971 5101 1086 5163 quare
1107 5084 1236 5163 optimae
1258 5083 1409 5145 voluntati
1430 5089 1500 5143 tuae
1522 5082 1628 5143 calcar
1651 5081 1793 5142 admoveo
1816 5086 1869 5140 te-

240 5215 303 5278 que
325 5198 465 5280 hortor,
499 5208 537 5262 ut
559 5204 620 5264 etc.
668 5202 706 5262 41
732 5220 848 5283 quare
874 5202 1087 5264 salutationem
1109 5203 1283 5264 litterarum
1306 5201 1361 5265 tibi
1381 5201 1484 5283 defero
1511 5209 1545 5263 et
1569 5201 1712 5277 hortor,
1744 5208 1782 5262 ut
1804 5204 1865 5263 eta.

241 5318 280 5380 39
303 5320 422 5381 adserit
443 5323 522 5382 euim
545 5320 772 5402 probabilem
802 5330 926 5384 meatem
950 5324 1021 5385 talis
1043 5323 1155 5385 electio.
1203 5326 1244 5386 to
1268 5323 1321 5384 sed
1342 5325 1426 5384 cirea
1447 5321 1562 5383 mobiles
1586 5320 1868 5401 probabilesque

237 5456 387 5518 persorms
407 5441 481 5521 plus
503 5441 587 5504 debet
607 5461 672 5505 esse
694 5442 923 5505 moderaminis.

330 5716 403 5779 1035)
425 5717 484 5768 cra.
506 5719 600 5768 Tbeod,
620 5720 658 5767 xt
672 5717 696 5780 1,
712 5718 744 5767 25
761 5723 887 5781 proposita
905 5723 931 5768 im
947 5726 1128 5781 proprammatt
1146 5720 1204 5767 Vari
1222 5721 1268 5767 virt
1286 5719 1427 5778 clarissimi,
1445 5718 1533 5764 vicarii
1550 5715 1618 5764 urbis
1633 5716 1731 5776 Romae,
1754 5716 1864 5765 Honorio

241 5803 272 5851 A.
295 5803 335 5849 tv
352 5808 375 5851 ct
395 5803 547 5866 Eutychidem
565 5819 625 5854 coss.
