4744 6476
498 471 561 532 298
1087 464 1282 519 SYMMACHI
1301 461 1537 521 RELATIONES

382 660 479 721 ΤΜΓ
499 658 681 723 convolavit
702 656 779 722 facti
799 655 914 722 inliciti
935 655 1048 720 volens
1070 661 1236 739 praestare
1258 654 1427 735 rationem,
1454 654 1540 737 quod
1562 654 1624 720 sibi
1646 661 1765 720 metum
1787 653 2057 736 fuisse'dicebat,
2082 675 2123 720 ne

498 758 595 824 officii
618 760 843 824 subornaretur
864 758 1006 843 inpulsu.
1054 758 1265 841 expectatis,
1284 757 1398 837 credo,
1431 756 1652 840 augustissimi
1675 757 1854 841 principes,
1885 764 1920 822 ut
1942 757 2123 842 praefectus

498 868 531 926 et
561 861 673 927 iudicii
700 861 799 927 vestri
829 880 961 926 securus
984 867 1016 925 et
1037 860 1240 925 innocentiae
1263 879 1360 943 snae,
1395 859 1518 943 aliquid
1541 878 1686 925 severum
1710 860 1876 925 censuisse
1898 859 2038 926 dicatur:
2075 860 2123 925 fa-

438 973 476 1029 ll)
500 974 577 1045 teor,
604 985 707 1048 neque
730 965 881 1050 paenitet,
909 965 1049 1029 animum
1072 964 1259 1048 temperavi,
1286 963 1362 1028 dum
1386 971 1506 1030 certam
1528 963 1569 1029 de
1591 963 1683 1029 vobis
1706 982 1800 1047 spero
1823 963 2008 1028 vindictam.
2057 970 2123 1028 sta-

497 1068 562 1149 tui,
589 1075 624 1134 ut
646 1069 738 1133 Felix
761 1068 915 1149 vadibus,
943 1068 998 1150 qui
1020 1067 1193 1151 Fulgentio
1215 1087 1278 1131 non
1302 1074 1411 1132 essent
1432 1066 1570 1149 cogniti,
1597 1065 1786 1131 traderetur.
1834 1066 1912 1150 quid
1934 1066 2042 1132 mitius
2066 1068 2154 1132 ‹ie-s
2362 1068 2363 1157 l

496 1173 595 1255 cerni,
620 1171 700 1255 quid
721 1172 890 1237 remissius
913 1171 1039 1257 potuit?
1070 1178 1146 1236 tunc
1168 1170 1224 1234 ille
1247 1177 1410 1252 tamquam
1434 1189 1583 1234 cessurus
1606 1169 1785 1252 egreditur;
1812 1170 1870 1235 sed
1892 1190 1963 1234 cum
1988 1169 2031 1235 ad
2053 1170 2122 1235 eins

496 1273 595 1340 aedes
618 1276 719 1340 semel
741 1283 838 1358 atque
860 1274 976 1340 iterum
1000 1274 1151 1359 princeps
1174 1273 1272 1338 officii
1295 1280 1505 1339 commeasset
1527 1281 1559 1338 et
1580 1272 1773 1338 obstinatam
1796 1272 1934 1338 bominis
1955 1280 2121 1338 contuma-

496 1378 579 1442 ciam
603 1399 666 1443 non
688 1386 798 1463 posset
819 1375 998 1458 inflectere,
1030 1378 1159 1443 inanem
1183 1376 1401 1461 syngrapham
1424 1376 1614 1462 reportavit,
1649 1396 1713 1458 qua
1735 1375 1980 1441 redhibitionem
2003 1376 2121 1441 Felicis

493 1479 527 1545 in
556 1482 693 1546 alterum
723 1481 808 1546 diem
838 1481 1010 1564 sponsione
1039 1480 1217 1545 distulerat.
1264 1487 1352 1547 tenet
1380 1479 1466 1545 domi
1496 1486 1627 1562 testem,
1661 1499 1756 1560 quem
1786 1478 1827 1544 de
1851 1498 1886 1544 se
1908 1485 2044 1544 noverat
2065 1500 2123 1544 au-

493 1583 663 1659 diendum;
698 1584 793 1649 etiam
825 1583 920 1649 buius
949 1583 1087 1648 iniuriae
1116 1583 1251 1647 adsumo
1282 1582 1481 1666 patientiam.
1529 1582 1676 1667 culpate,
1710 1588 1745 1647 ut
1772 1581 1889 1664 vultis,
1923 1589 1958 1647 ut
1988 1581 2121 1666 dignum
2142 1603 2169 1643 ro

437 1694 467 1751 li
497 1695 563 1752 est:
596 1687 674 1752 scivi
705 1686 868 1751 meliorem
896 1706 968 1751 csse
989 1686 1132 1751 iudicum
1155 1706 1303 1766 causam,
1337 1707 1420 1769 quac
1442 1706 1548 1751 rerum
1571 1685 1708 1750 dominis
1730 1693 1924 1751 reservatur.
1970 1693 2122 1771 expects-

496 1810 584 1870 mus,
618 1797 653 1855 ut
680 1791 782 1855 altero
813 1790 866 1855 die
895 1792 1040 1871 quamuis
1070 1788 1243 1853 instructus
1272 1787 1378 1854 officio
1400 1787 1604 1868 redderetur,
1644 1794 1678 1852 at
1706 1787 1763 1854 ille
1791 1788 1932 1853 crastina
1961 1789 2051 1871 lnce,
2089 1796 2122 1854 ut

494 1901 587 1975 gesta
616 1894 850 1973 monstrabunt,
884 1892 1056 1957 adversum
1086 1892 1245 1957 cautionis
1274 1893 1370 1956 fidem
1401 1891 1541 1957 vicariae
1563 1892 1715 1975 potestati
1737 1891 1915 1958 tradendus
1937 1893 2118 1958 abducitur.

495 1997 555 2061 hoc
584 1997 638 2061 ubi
668 1997 818 2081 princeps
844 1994 942 2060 officii
970 1995 1130 2080 conperit,
1165 1995 1277 2080 paucis
1306 1995 1474 2060 comitatus
1503 1995 1660 2071 excurrit;
1693 1995 1809 2060 retinet
1830 1995 1972 2061 Felicem
2003 1996 2120 2061 celebri

495 2100 582 2164 urbis
613 2100 682 2165 loco
712 2120 772 2165 nec
801 2106 907 2163 amen
937 2099 1047 2182 eripit;
1080 2098 1126 2164 ita
1148 2098 1356 2181 lfulgentius,
1388 2099 1442 2181 qui
1473 2117 1509 2163 se
1539 2098 1670 2162 simulat
1691 2099 1911 2181 verberatum,
1944 2119 2042 2163 manu
2064 2120 2121 2163 va·
2142 2119 2170 2159 ra

493 2202 607 2267 lidiore
630 2202 759 2284 legibus
782 2201 983 2286 repugnavit.
1031 2202 1155 2266 interea
1176 2201 1269 2265 Felix
1292 2224 1313 2266 a
1334 2201 1489 2268 militibus
1512 2200 1653 2265 vicariae
1675 2201 1844 2285 potestatis
1870 2200 2057 2284 abducitur,
2091 2211 2123 2267 et

491 2310 590 2382 †oum
607 2305 757 2389 princeps
772 2305 869 2370 officii
892 2304 956 2369 mei
977 2306 1037 2371 sub
1061 2311 1232 2388 conspectu
1249 2306 1411 2370 Romanae
1434 2304 1538 2389 plebis
1561 2304 1700 2369 auditur.
1747 2303 1868 2387 videro,
1896 2304 1973 2387 quid
1996 2305 2038 2371 de
2061 2305 2121 2371 boc

433 2415 472 2474 12
495 2408 580 2474 facto
608 2409 793 2492 perennitas
821 2415 930 2474 vestra
957 2407 1075 2473 debeat
1101 2406 1260 2487 iudicare,
1294 2427 1354 2491 ego
1383 2408 1526 2473 ordinem
1555 2408 1670 2473 tenebo
1699 2413 1875 2491 gestorum.
1921 2407 2040 2474 fatetur
2062 2409 2120 2474 sub

491 2511 625 2577 alterium
655 2512 827 2595 cognitoris
858 2511 1005 2576 examine
1035 2511 1194 2593 litigator,
1225 2511 1306 2575 nibil
1338 2510 1399 2575 sibi
1421 2511 1463 2575 ab
1485 2510 1720 2594 apparitoribus
1743 2511 1824 2575 meis
1847 2511 2019 2577 adversum
2042 2513 2121 2577 Ful·

490 2615 634 2698 gentium
665 2633 738 2680 esse
767 2614 964 2679 mandatum.
1011 2613 1085 2678 hioc
1115 2613 1203 2678 iussu
1233 2614 1304 2678 eius
1333 2613 1376 2678 ad
1405 2633 1572 2679 commune
1600 2614 1825 2694 secretarium,
1858 2634 1921 2696 quo
1950 2614 2119 2681 faciendae
2138 2634 2167 2677 ao

490 2717 662 2783 oblationis
691 2717 798 2801 gratia
827 2725 1002 2783 summates
1031 2737 1174 2800 quosque
1205 2717 1438 2797 conduxeram,
1472 2738 1492 2780 a
1521 2717 1719 2801 principibus
1741 2718 1839 2783 officii
1861 2718 2026 2801 utriusque
2048 2739 2120 2803 per-

432 2829 470 2889 13
494 2820 636 2900 ducitur3
671 2821 750 2886 nibil
781 2821 865 2886 enim
888 2828 1048 2905 repertum
1071 2820 1193 2900 fuerat,
1224 2820 1310 2902 quod
1332 2820 1566 2905 praefecturam
1589 2828 1700 2905 posset
1720 2820 1897 2886 involvere.
1944 2829 2021 2886 tunc
2042 2823 2120 2887 Ful-

491 2923 621 3004 gentius
651 2924 728 2989 t'acti
755 2925 806 2989 sui
829 2923 1026 2989 conscientia
1047 2924 1205 3008 percitus,
1238 2943 1368 2988 caesum
1391 2944 1426 2988 se
1450 2944 1523 2989 esse
1546 2923 1764 3006 conqueritur,
1799 2924 1857 2990 sed
1879 2945 1953 2990 mox
1976 2925 2118 2991 eiusdem

492 3027 609 3092 Felicis
632 3048 670 3092 ac
693 3027 892 3093 devotissimi
915 3027 975 3091 viri
998 3027 1153 3112 principis
1176 3027 1383 3111 responsione
1405 3047 1481 3111 pars
1502 3027 1567 3091 ista
1589 3034 1728 3110 purgata
1749 3035 1808 3093 est.
1856 3035 2019 3094 ettamen
2041 3049 2120 3111 que-

491 3130 591 3195 rellae
621 3130 691 3196 eius
720 3129 917 3195 audientiam
940 3149 1003 3195 non
1025 3131 1160 3214 negavi,
1195 3130 1373 3195 clarissimo
1396 3139 1428 3195 et
1451 3129 1620 3214 spectabili
1642 3131 1710 3195 viro
1734 3131 1852 3196 vicario
1875 3131 1910 3196 in
1933 3131 2117 3197 societatem
2136 3152 2167 3194 as

490 3233 692 3316 cognitionis,
718 3234 746 3299 si
769 3234 877 3314 vellet,
905 3232 1029 3298 adscito
1055 3282 1234 3297 .......
1261 3239 1368 3299 stuere
1389 3232 1519 3298 nomina
1541 3233 1671 3297 testium
1693 3233 1892 3317 plebeiorum
1915 3232 2024 3299 danda
2045 3254 2118 3318 pro

491 3336 596 3415 misit,
623 3339 734 3416 credo,
766 3343 801 3402 ut
822 3358 880 3422 per
901 3357 1022 3401 moram
1045 3337 1096 3402 vel
1120 3355 1211 3402 meus
1234 3336 1324 3402 dolor
1344 3347 1471 3419 praetor
1493 3336 1745 3401 satisfactionem
1768 3336 1951 3403 mitesceret
1972 3338 2025 3403 vel
2047 3338 2117 3423 ipse

432 3451 469 3508 14
492 3458 602 3504 rursus
624 3440 706 3504 alias
729 3440 892 3506 moliretur
912 3440 1060 3505 insidias.
1107 3441 1178 3523 qui,
1210 3448 1246 3507 ut
1267 3461 1319 3506 res
1340 3440 1479 3521 indicat,
1512 3439 1709 3505 conscientia
1730 3439 1870 3505 bominis
1893 3440 2072 3523 snbomati,
2097 3462 2118 3504 a

490 3562 553 3624 quo
575 3542 714 3608 vicariae
737 3542 888 3628 potestati
912 3543 1042 3608 libellus
1065 3544 1193 3608 oblatus
1215 3551 1281 3624 est,
1308 3543 1484 3608 domestice
1507 3542 1660 3608 confectis
1682 3543 1772 3626 apud
1793 3543 1932 3609 eundem
1954 3544 2035 3610 actis
2057 3566 2117 3610 au-

490 3665 545 3709 sus
567 3654 617 3711 est
639 3647 817 3730 postulare,
852 3667 893 3711 ne
915 3646 1115 3731 apparitores
1139 3647 1225 3727 eius,
1251 3667 1331 3730 quos
1354 3647 1395 3712 ob
1418 3646 1596 3712 discessum
1620 3645 1791 3729 litigatoris
1813 3646 1960 3711 custodia
1982 3648 2116 3713 carceris
2135 3670 2167 3711 so

490 3750 629 3815 iusserat
657 3750 812 3830 adtineri,
846 3748 981 3814 iniuriae
1005 3750 1216 3814 subiacerent.
1264 3750 1440 3833 posthaec
1462 3756 1615 3833 usurpato
1639 3769 1732 3814 cursu
1755 3749 1884 3833 publico
1905 3751 2116 3835 neglectoque

489 3851 607 3917 iudicio
630 3853 766 3918 audacis
789 3854 865 3918 facti
888 3853 1035 3917 conscius
1059 3852 1210 3935 evolavit,
1237 3860 1272 3917 ut
1293 3853 1514 3935 praefecturae
1536 3852 1638 3917 iustas
1663 3851 1880 3934 querimonias
1899 3854 2112 3938 praeveniret,

488 3955 637 4037 ignarus,
673 3964 708 4021 ut
729 3975 781 4020 res
803 3962 867 4037 est,
896 3964 1046 4039 parentes
1068 3955 1198 4039 generis
1220 3955 1351 4020 humani
1374 3955 1479 4037 magis
1501 3955 1626 4021 iustitia
1648 3975 1743 4037 quam
1766 3955 1890 4020 invidia
1912 3958 2113 4021 commoveri.

429 4070 466 4127 15
490 4058 570 4123 baec
600 4060 646 4123 ita
675 4079 746 4125 esse
775 4066 870 4142 gesta
897 4079 956 4124 nec
987 4059 1055 4123 ulla
1077 4067 1145 4124 arta
1168 4059 1285 4142 fucari,
1318 4058 1486 4124 instructio
1508 4058 1653 4124 subiecta
1674 4059 1854 4123 testabitur.
1902 4060 1936 4123 in
1958 4081 2023 4143 qrra
2044 4080 2117 4143 rep-

488 4162 592 4246 periet
613 4164 789 4227 aeternitas
811 4170 933 4242 vestra,
960 4161 1211 4246 praefecturam,
1240 4182 1335 4244 quam
1358 4161 1391 4225 in
1413 4182 1465 4226 me
1487 4181 1566 4245 puro
1588 4159 1709 4225 iudicio
1730 4161 1919 4241 contulistis,
1946 4161 2027 4227 nihil
2050 4163 2117 4227 sal·
2135 4186 2166 4225 aa

488 4273 557 4365 tem
580 4266 623 4329 ad
650 4266 823 4331 vindictam
847 4265 995 4350 publicae
1018 4264 1209 4349 disciplinae
1233 4284 1305 4330 csse
1327 4264 1486 4344 molitam,
1520 4285 1591 4329 cum
1616 4262 1764 4327 omuibus
1786 4263 1913 4330 iniuriis
1936 4265 2112 4347 cederetur,

486 4389 568 4452 quas
597 4368 672 4433 boni
702 4368 821 4450 quique
850 4377 1060 4452 praesumunt
1087 4388 1144 4452 pro
1178 4369 1288 4451 vigore
1321 4368 1442 4433 saecrdi
1476 4366 1700 4433 vindicandas.
1748 4367 1827 4433 baec
1859 4368 1944 4433 enim
1978 4388 2052 4454 spes
2085 4377 2117 4433 et

575 4731 585 4779 i
609 4728 715 4797 inliciti]
733 4733 862 4779 illicltsnit
882 4732 910 4778 M
1054 4731 1069 4780 2
1088 4729 1241 4798 expectatis]
1259 4738 1285 4780 st
1302 4734 1411 4794 peccatis
1432 4733 1453 4779 Τ
1591 4733 1712 4795 principis
1733 4732 1781 4778 TM
1926 4732 2047 4782 besseut
2065 4740 2115 4781 tra·

486 4820 534 4867 diti
553 4819 711 4867 traderentur
731 4818 757 4864 M
913 4818 1064 4867 bremlsius
1085 4820 1106 4865 Τ
1261 4834 1377 4868 cessurus
1395 4835 1424 4868 cs
1442 4833 1564 4867 sensurus
1582 4834 1645 4867 corr.
1667 4819 1702 4879 M,
1723 4833 1858 4867 consutum
1882 4819 1902 4865 T
2057 4820 2116 4867 edes

486 4907 541 4952 aius
563 4905 583 4951 Τ
731 4904 961 4953 transcursam.
983 4904 1012 4952 M
1160 4906 1332 4955 redibitionem
1354 4905 1402 4954 ΤΜ
1552 4905 1583 4953 10
1602 4907 1740 4966 assumptio
1759 4903 1786 4952 M
1936 4907 1974 4953 uti
1995 4906 2075 4954 uultis
2092 4903 2120 4953 Γ

487 4990 513 5039 11
536 4993 656 5040 iuditium
677 4990 705 5037 Μ
826 4998 980 5039 recuruatum
1002 4990 1051 5039 ΤΜ
1189 4992 1220 5041 12
1239 4989 1368 5058 quamuis]
1387 4992 1477 5055 Meyer,
1497 5007 1572 5053 quam
1594 4990 1650 5054 PM,
1671 5006 1720 5040 om.
1742 4991 1768 5039 Γ
1886 4993 1928 5040 ille
1947 4988 2065 5057 crastiua]
2083 4989 2111 5047 1,

484 5078 527 5124 ille
545 5092 626 5125 crassa
647 5078 675 5137 T,
697 5079 740 5124 illa
756 5091 838 5125 orasse
858 5077 886 5124 M
1007 5078 1037 5126 13
1056 5080 1168 5127 cssrtioui
1190 5077 1241 5125 ΤΜ
1342 5080 1434 5141 potasti
1455 5078 1483 5125 Μ
1606 5078 1636 5127 15
1655 5080 1742 5139 itaque
1763 5077 1789 5125 Γ
1910 5077 1939 5126 ll
1959 5079 2020 5138 sort.
2039 5079 2112 5127 scrib.

484 5169 510 5211 et
533 5166 561 5211 ni
585 5166 702 5226 princeps
723 5165 799 5211 oflicii
822 5166 872 5211 mei
897 5167 943 5212 sub
968 5171 1102 5227 conspectu
1127 5166 1250 5213 Romanae
1277 5166 1360 5227 plebis
1386 5166 1506 5213 auellitur
1534 5166 1596 5226 (scit.
1624 5180 1639 5212 u
1663 5166 1754 5224 Felice,
1783 5178 1854 5226 quaem
1874 5163 2076 5225 approbandam)

484 5250 558 5299 uideo
577 5249 598 5297 I
722 5251 751 5298 iti
770 5251 858 5298 debuit
876 5249 902 5298 Γ
1019 5266 1076 5312 ergo
1097 5251 1145 5297 ΤΜ
1268 5250 1298 5300 19
1317 5253 1515 5314 apapsritoribus
1535 5250 1562 5297 Μ
1690 5250 1724 5300 20
1743 5248 1814 5317 binc]
1835 5250 1926 5314 Meyer,
1946 5253 1988 5300 bic
2008 5249 2085 5299 ΤΜΓ

483 5333 544 5403 quo]
562 5352 623 5399 quos
643 5335 671 5383 M
798 5335 828 5385 21
849 5350 949 5398 quoque
969 5337 1020 5383 ΤΜ
1138 5340 1267 5399 princibus
1287 5337 1314 5383 M
1444 5337 1476 5386 22
1495 5338 1616 5399 fulgentii
1638 5337 1664 5383 M
1793 5337 1825 5386 23
1844 5338 1890 5386 fati
1912 5338 1933 5384 T
2055 5352 2114 5385 con·

483 5425 591 5472 scientis
607 5438 656 5471 om.
678 5422 706 5468 M
837 5425 949 5473 eiusdem
968 5425 1017 5471 uiri
1036 5440 1063 5471 ac
1081 5424 1239 5473 deuotissimi
1257 5425 1380 5487 principis
1400 5424 1429 5471 M
1559 5423 1592 5473 26
1611 5426 1634 5471 si
1654 5425 1731 5472 uellet
1749 5426 1927 5474 asscitostusre
1948 5425 1977 5483 T,
1997 5427 2019 5473 si
2038 5426 2115 5473 uellet

483 5516 593 5559 statuere
613 5509 647 5572 M,
667 5512 754 5569 ascito,
775 5511 796 5558 si
817 5511 894 5558 uellet
911 5518 1009 5558 struere
1029 5509 1054 5557 Γ
1163 5511 1194 5559 21
1215 5525 1260 5574 per
1279 5526 1370 5559 moram
1389 5525 1460 5558 meus
1480 5512 1548 5558 dolor
1565 5512 1608 5558 uel
1626 5525 1672 5573 per
1690 5512 1889 5559 satisfactionem
1907 5508 1934 5558 Γ
2044 5526 2115 5573 prse-

483 5592 532 5661 ter]
551 5597 621 5656 Saso,
642 5611 689 5644 orn.
713 5596 762 5642 ΤΜ
865 5598 995 5645 mitescere
1016 5597 1067 5643 ΤΜ
1179 5595 1212 5644 29
1230 5604 1269 5646 est
1286 5612 1335 5647 aar.
1357 5597 1386 5643 M
1488 5598 1616 5645 confectus
1634 5595 1689 5644 ΜΓ
1789 5597 1871 5646 factus
1890 5595 1917 5645 Γ
2025 5596 2054 5645 31
2076 5601 2115 5644 ius

482 5690 537 5730 erat
554 5683 618 5731 Saso
756 5679 843 5748 cursu]
865 5697 964 5731 rursum
983 5681 1009 5731 Γ
1144 5682 1176 5731 33
1199 5684 1311 5746 parentis
1333 5682 1384 5730 ΤΜ
1521 5682 1554 5731 34
1576 5678 1667 5748 fucari]
1686 5680 1782 5744 Meyer,
1813 5685 1895 5745 fugari
1916 5682 1980 5745 TM,
2012 5684 2075 5742 tingi
2093 5681 2119 5732 Γ

485 5766 516 5815 3ῖ
538 5765 609 5833 baec]
628 5783 673 5817 nec
692 5767 718 5816 Γ
