4744 6476
13 2824 16 2833 ,
137 2715 180 2789 a!

823 505 1097 569 (EPISTVLARVll
1116 507 1188 563 LIB.
1207 509 1256 573 X).
1791 509 1853 572 283

229 693 413 760 meliorest
435 695 583 777 servitus,
610 715 694 779 quae
714 694 895 761 bominibus
916 695 1124 781 inpenditur?
1144 715 1211 762 rem
1234 696 1395 782 publicam
1416 696 1586 778 laedimus,
1613 695 1664 762 cui
1679 716 1853 779 numquam
1880 699 1978 760 TMA

230 795 388 881 expediit,
423 804 459 863 ut
485 796 612 881 ingrata
641 796 695 863 sit.
741 817 836 885 nemo
865 818 917 864 me
938 805 1029 883 putet
1050 799 1132 865 tueri
1154 800 1255 865 solam
1278 818 1410 867 causam
1433 799 1644 887 religionum:
1678 819 1719 866 ex
1740 798 1853 864 buius·
1880 803 1916 862 15

230 897 315 964 modi
346 898 543 965 facinoribus
572 907 642 966 orta
672 907 748 966 suut
775 908 891 967 cuncta
912 902 1047 967 Romani
1077 902 1206 986 generis
1228 901 1440 969 incommoda.
1487 903 1700 968 honoraverat
1721 902 1775 969 lex
1797 923 1857 987 pa

230 1007 355 1068 rentum
375 1003 526 1068 Vestales
548 1002 689 1087 virgines
712 1025 751 1070 ac
772 1003 936 1071 ministros
957 1004 1089 1072 deorum
1111 1006 1198 1072 victu
1219 1005 1344 1072 modico
1365 1005 1523 1089 iustisque
1545 1005 1742 1091 privilegiis3
1769 1005 1857 1072 stetit

202 1104 372 1171 smuneris
395 1105 491 1171 huius
511 1105 680 1190 integritas
702 1126 804 1189 usque
826 1107 870 1173 ad
892 1108 1071 1192 degeneres
1092 1109 1275 1195 trapezitas,
1301 1108 1356 1192 qpi
1378 1108 1421 1175 ad
1442 1107 1623 1175 mercedem
1638 1107 1750 1173 vilium
1765 1108 1857 1173 baiu-

232 1209 334 1274 lorum
368 1228 461 1274 sacra
494 1208 653 1275 castitatis
680 1209 835 1275 alimenta
862 1216 1042 1296 verterunt:
1081 1218 1192 1277 secuta
1219 1218 1269 1278 e'st
1295 1212 1358 1277 boc
1385 1210 1506 1278 iactum
1535 1210 1638 1277 iames
1668 1210 1798 1296 publica
1825 1220 1859 1279 et

231 1332 321 1398 spem
343 1312 579 1398 provinciamm
600 1312 741 1378 omnium
764 1313 880 1380 messis
902 1334 1002 1398 aegra
1024 1315 1163 1401 decepit.
1203 1335 1266 1381 nou
1289 1321 1364 1381 sunt
1385 1315 1466 1381 baec
1488 1314 1568 1381 vitia
1581 1320 1748 1393 terrarum,
1774 1313 1855 1379 nibil
1881 1318 1919 1378 16

232 1415 415 1501 inputemns
444 1414 580 1496 austris,
613 1435 674 1481 nec
695 1416 809 1501 rubigo
832 1416 997 1501 segetibus
1018 1417 1137 1500 obfuit,
1171 1439 1231 1485 nec
1252 1439 1357 1485 avena
1378 1418 1489 1502 fruges
1511 1416 1656 1484 necavit:
1688 1417 1859 1501 sacrilegio

233 1537 338 1584 annus
360 1518 498 1584 exaruit.
544 1538 679 1586 necesse
701 1519 785 1586 enim
807 1520 868 1586 luit
891 1520 996 1606 perire
1018 1521 1177 1604 omnibus,
1203 1522 1289 1607 quod
1310 1521 1521 1606 religionibus
1543 1522 1732 1605 negabatur.
1772 1526 1858 1587 certe

189 1641 217 1683 ιο
236 1621 264 1687 si
285 1628 336 1689 est
355 1621 452 1687 buius
474 1622 551 1688 mali
573 1622 705 1705 aliquod
729 1624 922 1708 exemplum,
947 1623 1131 1709 inputemus
1152 1631 1276 1691 tantam
1298 1624 1417 1691 famem
1440 1624 1564 1691 vicibus
1586 1643 1757 1691 annorum:
1783 1644 1860 1708 gra-

232 1725 281 1790 vis
311 1723 394 1791 hanc
424 1724 625 1792 sterilitatem
655 1744 755 1792 causa
785 1726 953 1792 contraxit.
1000 1727 1202 1794 silvestribus
1230 1727 1372 1795 arbustis
1401 1728 1467 1794 vita
1488 1726 1675 1813 producitur
1696 1733 1729 1791 et
1749 1745 1858 1793 rursus

232 1827 274 1894 ad
304 1827 499 1894 Dodonaeas
528 1828 659 1895 arbores
689 1828 794 1912 plebis
823 1829 961 1896 rusticae
989 1828 1101 1914 inopia
1130 1830 1322 1897 convolavit.
1369 1830 1447 1915 quid
1474 1832 1542 1897 tale
1572 1829 1755 1916 provinciae
1783 1849 1858 1914 per·
1882 1836 1920 1895 17

233 1933 383 2013 tulerunt,
407 1929 412 2017 1
432 1951 504 1997 cum
526 1931 717 2016 religionum
738 1932 900 1998 ministros
922 1933 1022 1999 bonor
1043 1933 1192 2019 publicus
1206 1940 1373 2020 pasceret‘.l
1394 1933 1522 2017 qnando
1536 1934 1571 1999 in
1586 1951 1679 1998 usum
1694 1933 1858 1999 bominum
1885 1937 1996 1999 ΤΜΑ1

233 2053 388 2101 concussa
414 2053 565 2119 quercus,
601 2034 730 2116 quaudo
760 2036 873 2103 vulsae
903 2042 978 2102 sunt
1006 2037 1176 2103 herbarum
1203 2036 1345 2118 radices,
1380 2036 1509 2121 quuu'do
1530 2037 1672 2103 alternos
1694 2036 1864 2128 regionum,

190 2159 217 2197 rr
235 2138 379 2204 deiectus
408 2136 552 2203 deseruit
580 2137 762 2204 fecunditas
791 2145 917 2222 mutua,
952 2158 1023 2206 cum
1054 2140 1173 2225 populo
1200 2146 1233 2206 et
1253 2139 1432 2224 virginibus
1454 2138 1554 2205 sacris
1576 2138 1752 2204 communis
1775 2144 1863 2205 esset

234 2246 383 2307 annonai
412 2239 658 2337 commendabat
680 2241 764 2306 eninr
787 2248 941 2307 terrarum
964 2250 1154 2326 proventum
1176 2242 1280 2309 victus
1303 2242 1481 2309 antistitum
1504 2251 1536 2308 et
1557 2242 1733 2308 remedium
1755 2241 1860 2326 magis

234 2365 328 2430 quam
348 2343 485 2427 largitas
507 2350 586 2410 erat.
633 2364 675 2408 an
705 2344 838 2410 dubium
869 2352 936 2427 est,
969 2364 1098 2431 semper
1126 2365 1183 2435 ppo
1211 2346 1305 2433 copia
1332 2345 1473 2412 omnium
1502 2344 1628 2427 datum,
1663 2344 1748 2429 quod
1776 2365 1862 2410 nuuc

233 2447 342 2531 inopia
369 2447 510 2513 omnium
540 2446 736 2513 vindicavit?
772 2446 859 2514 dicet
885 2447 1005 2532 aliquis
1034 2456 1196 2534 sumptum
1225 2449 1387 2534 publicum
1415 2448 1610 2533 denegatum
1632 2448 1761 2515 alienae
1783 2448 1860 2513 reli·
1885 2455 1923 2515 18

234 2549 339 2635 gionis
361 2549 536 2634 inpendiis.
583 2549 670 2643 absit
696 2571 717 2616 a
745 2550 838 2617 bouis
861 2550 1146 2636 principibus‘ista
1168 2552 1343 2633 sententia,
1376 2558 1412 2618 ut
1431 2551 1519 2636 quod
1541 2549 1616 2616 olim
1640 2550 1681 2616 de
1704 2551 1862 2615 communi

189 2670 217 2712 ro
235 2652 428 2736 quibusdam
450 2652 604 2719 tributum
627 2658 686 2733 est,
711 2654 746 2719 in
767 2654 837 2720 iure
859 2654 928 2720 fisci
951 2673 1023 2721 esse
1046 2654 1203 2721 videatur.
1242 2675 1318 2720 uam
1340 2674 1412 2720 cum
1434 2674 1486 2720 res
1509 2653 1638 2739 publica
1659 2652 1701 2718 de
1724 2652 1861 2736 siugulis

235 2763 373 2838 constet,
400 2755 486 2841 quod
508 2756 549 2823 ab
572 2777 612 2823 ea
634 2757 858 2841 proficiscitur,
884 2756 921 2822 iit
942 2777 1052 2823 rursus
1074 2738 1237 2843 proprium
1253 2749 1471 2841 singulorum.
1517 2755 1625 2822 omnia
1646 2755 1776 2842 regitis,
1803 2756 1862 2822 sed

236 2879 327 2925 suum
357 2859 473 2944 cuique
502 2858 657 2942 servatis,
689 2859 826 2945 plusqu‘e
848 2859 936 2945 apud
959 2880 1016 2926 vos
1038 2860 1160 2926 institia
1182 2881 1277 2944 quam
1300 2860 1433 2927 licentia
1454 2861 1552 2926 valet.
1598 2859 1754 2925 consulite
1776 2866 1862 2924 certe

235 2961 486 3028 munificentiam
513 2969 670 3042 vestram,
703 2983 746 3028 an
768 2962 875 3029 adbuc
895 2962 1027 3049 publica
1048 2962 1127 3029 velit
1148 2962 1342 3046 existimari,
1374 2983 1458 3047 quae
1479 2963 1513 3029 in
1534 2962 1617 3028 alios
1638 2961 1858 3028 transtulistis.

237 3066 336 3132 semel
365 3064 477 3131 honori
506 3064 595 3131 urbis
624 3065 735 3132 delata
764 3066 944 3152 conpendia
962 3066 1124 3153 ,desinunt
1149 3085 1223 3132 esse
1244 3065 1469 3150 tribuentium,
1502 3073 1536 3132 et
1556 3065 1642 3149 qnod
1664 3086 1685 3130 a
1706 3064 1862 3150 principio

190 3184 219 3229 ua
236 3167 426 3236 beneficium
456 3168 534 3251 iuit,
567 3188 629 3235 usu
658 3176 754 3253 atque
784 3168 890 3236 a‘etate
918 3168 955 3236 iit
981 3169 1135 3237 debitum.
1184 3170 1314 3236 inanem
1341 3169 1440 3255 igitur
1466 3174 1586 3236 metum
1615 3167 1725 3234 divino
1754 3168 1861 3234 animo
1887 3175 1924 3236 ro

236 3278 342 3339 vestro
371 3278 508 3357 temptat
535 3271 696 3355 incutere,
730 3273 758 3339 si
788 3274 861 3358 quis
883 3273 1022 3356 adserit,
1055 3272 1283 3339 conscientiam
1305 3293 1363 3339 vos
1385 3273 1506 3340 babere
1527 3272 1766 3358 praebentium,
1799 3271 1864 3337 nisi

237 3375 471 3443 detrahentium
500 3375 663 3442 subieritis
691 3376 860 3444 invidiam.
914 3376 1048 3443 faveant
1076 3375 1266 3443 clementiae
1293 3382 1421 3444 vestrae
1450 3381 1613 3443 sectarum
1640 3374 1781 3441 omnium
1810 3395 1864 3440 ar-

238 3499 319 3545 cana
347 3477 513 3564 praesidia
541 3486 575 3544 et
602 3479 684 3545 bae'c
712 3480 867 3562 maxime,
901 3501 987 3567 quae
1015 3479 1153 3545 maiores
1174 3485 1299 3546 vestros
1320 3478 1496 3563 aliquando
1518 3478 1678 3544 iuverunt.
1725 3496 1783 3542 vos
1805 3476 1865 3543 de-

239 3582 382 3663 fendant,
408 3602 430 3647 a
450 3582 543 3648 nobis
566 3584 723 3649 colantur.
770 3603 843 3649 eum
866 3583 1059 3666 religionum
1081 3589 1201 3648 statum
1222 3582 1374 3668 petimus,
1403 3581 1459 3667 qui
1481 3580 1556 3647 divo
1577 3580 1704 3666 parenti
1725 3579 1864 3646 numinis

194 3702 222 3742 ³⁰
241 3685 339 3751 vcstn‘
368 3684 509 3751 servavit
537 3684 725 3771 imperium,
749 3685 814 3769 2qui
843 3686 1004 3752 fortunato
1032 3684 1169 3772 principi
1198 3685 1360 3769 legitimos
1389 3683 1516 3751 suffecit
1543 3683 1691 3750 heredes.
1738 3688 1864 3768 spectat
1886 3692 1927 3753 211
2046 3700 2048 3703 ’

241 3788 349 3855 senior
369 3788 426 3854 iile
448 3787 543 3853 divus
565 3808 606 3853 ex
628 3808 703 3855 arce
724 3788 853 3856 siderea
875 3789 1025 3855 lacrimas
1048 3788 1251 3856 sacerdotum
1273 3795 1306 3855 et
1328 3808 1363 3855 se
1386 3788 1548 3873 culpatum
1570 3793 1664 3872 putat
1685 3803 1772 3852 more
1794 3786 1865 3851 vio-
1967 3792 1968 3795 ’

238 3892 323 3973 lato,
356 3911 452 3974 quem
482 3891 621 3957 libenter
648 3892 720 3977 ipse
749 3892 902 3959 samarit.
948 3899 1111 3978 praestate
1140 3892 1237 3959 etiam
1269 3890 1342 3957 divo
1372 3890 1463 3957 fratri
1490 3897 1597 3956 vestro
1619 3889 1718 3956 alieni
1740 3888 1866 3956 consilii

240 3994 484 4065 correctionem:
512 3994 612 4079 tegite
634 3994 765 4075 iactum,
791 3994 877 4079 quod
899 3996 1026 4061 senatui
1048 3993 1257 4079 displicuisse
1279 3985 1424 4061 nescivit.
1465 3992 1624 4077 siquidem
1648 3998 1773 4058 constat
1792 3991 1866 4057 ideo

240 4098 404 4169 exclusam
433 4097 646 4182 legationem,
680 4118 722 4165 ne
749 4098 793 4164 ad
823 4117 896 4164 eum
925 4096 1079 4163 iudicium
1108 4097 1271 4182 publicum
1303 4097 1497 4182 perveniret.
1542 4116 1600 4181 pro
1631 4095 1866 4162 existimatione

192 4217 221 4259 ³⁵
241 4208 291 4267 est
317 4209 496 4287 temporum
525 4200 743 4287 superiorum,
775 4208 812 4267 ut
840 4221 904 4266 uon
926 4199 1082 4267 dubitetis
1103 4200 1253 4282 abolere,
1285 4199 1370 4284 quod
1391 4198 1590 4285 probandum
1614 4205 1679 4280 est,
1712 4196 1867 4284 principis

238 4325 303 4371 uon
323 4303 438 4371 fuisse.

329 4583 341 4633 1
362 4584 450 4632 melior
468 4579 520 4650 ert]
539 4582 666 4631 meliorem
687 4581 715 4630 Μ
835 4578 972 4645 impeditur
990 4580 1025 4631 A²
1145 4596 1183 4645 rp.
1206 4581 1259 4629 ΤΜ
1377 4579 1393 4630 2
1412 4581 1516 4644 expedit
1534 4581 1557 4628 A
1679 4595 1719 4629 rna
1737 4581 1816 4644 pudet
1835 4582 1867 4643 T,

241 4676 316 4732 putet
333 4684 374 4720 ma
394 4668 422 4717 Μ
524 4670 592 4719 tucri
607 4673 663 4730 port
681 4668 832 4729 religionum
849 4670 936 4721 ediec.
956 4670 979 4717 A
1093 4668 1108 4717 3
1127 4668 1293 4718 bonerauerat
1312 4667 1333 4715 Τ
1445 4665 1462 4715 A
1481 4666 1579 4716 uictum
1595 4668 1691 4717 modico
1709 4663 1752 4731 Ai,
1772 4668 1870 4718 modico

240 4756 312 4806 uictu
332 4754 361 4802 Μ
463 4755 633 4818 idageucras
650 4751 686 4802 A²
788 4760 925 4817 unpezatas
944 4755 972 4803 Μ
1082 4754 1201 4805 iissem
1219 4754 1242 4801 A
1346 4754 1420 4803 tamis
1439 4750 1474 4801 A²
1580 4753 1797 4814 'iprouiutiarum
1814 4767 1869 4802 om-

242 4846 313 4893 niurn
331 4843 386 4904 Ar,
409 4845 522 4891 omnium
539 4842 724 4904 prouinciarum
742 4841 772 4891 Μ
792 4828 801 4891 ‚⁴
921 4839 937 4891 8
955 4842 1102 4902 inputamus
1121 4841 1196 4888 utris
1214 4839 1244 4900 A,
1265 4840 1359 4888 ausula
1377 4840 1532 4903 imputemur
1551 4838 1580 4885 Μ
1716 4841 1795 4888 abana
1815 4839 1836 4885 2·

243 4931 345 4991 negauit
363 4931 384 4976 A
498 4928 676 4978 ilbomiuibus
696 4927 793 4977 mmm
912 4927 943 4977 10
961 4928 1020 4976 mall
1037 4928 1114 4976 buius
1134 4925 1163 4972 Μ
1263 4930 1335 4975 unta
1353 4924 1386 4972 A¹
1491 4926 1583 4974 tamam
1602 4923 1637 4973 ΑΞ
1742 4923 1771 4973 11
1792 4931 1871 4974 sterc-

242 5018 337 5065 litntem
351 5012 386 5063 Α2
482 5029 543 5063 aura
555 5016 578 5062 A
675 5015 827 5063 constrinxit
839 5013 873 5062 A¹
969 5014 1065 5063 arbutis
1078 5013 1134 5063 Em.
1148 5012 1281 5073 Hosmcsm
1385 5010 1417 5060 12
1435 5012 1561 5060 εάᾱοηοιε
1573 5007 1617 5073 A2,
1639 5012 1772 5061 adidoncas
1787 5011 1838 5059 ΤΜ

242 5102 373 5151 conualuit
392 5101 421 5163 T,
447 5102 554 5150 contulit
572 5099 599 5147 M
737 5100 878 5162 prouintiaa
899 5096 983 5147 ΤΜΑ2
1121 5099 1283 5160 pertulerunt
1300 5099 1386 5160 explic
1404 5094 1438 5145 Α1
1596 5097 1627 5148 111
1646 5102 1783 5159 prouentus
1801 5096 1835 5145 A¹

245 5187 275 5239 18
293 5189 407 5248 eligense
428 5187 458 5247 T,
479 5187 619 5247 alienigene
638 5185 667 5233 M
782 5184 813 5235 19
832 5186 892 5235 olim
908 5192 962 5235 emi
979 5185 1013 5233 Λ1
1130 5185 1163 5234 20
1181 5186 1234 5234 dsci
1252 5187 1309 5235 lure
1327 5183 1356 5232 Μ
1458 5199 1497 5246 rp.
1519 5183 1571 5230 ΤΜ
1673 5182 1704 5232 21
1725 5178 1765 5247 nt]
1784 5183 1819 5230 sit
1836 5182 1869 5231 A¹

243 5273 276 5322 22
295 5275 364 5322 uniat
380 5288 429 5323 orn.
450 5273 476 5320 Μ
603 5272 636 5323 23
655 5270 748 5340 adbuc]
765 5272 826 5323 baec
845 5272 878 5320 Αἱ
1006 5270 1040 5322 it
1057 5285 1156 5321 mecum
1176 5272 1197 5318 Τ
1319 5269 1352 5321 26
1370 5271 1542 5334 pausantium
1560 5269 1594 5317 A¹
1717 5267 1749 5316 27
1767 5269 1870 5317 traben-

243 5363 309 5409 tium
329 5359 378 5407 ΤΜ
491 5361 597 5409 archana
617 5357 701 5407 ΤΜΛ1
822 5357 855 5407 29
873 5358 982 5406 nominis
1001 5357 1036 5419 Μ,
1056 5358 1175 5407 culminis
1193 5357 1227 5406 Α1
1349 5357 1383 5407 311
1400 5356 1513 5405 seruabit
1531 5354 1584 5402 l'li
1691 5349 1808 5420 heredes]
1825 5354 1871 5402 iro·

242 5460 315 5497 noret
335 5445 363 5493 Μ
491 5445 522 5495 31
543 5459 611 5495 more
627 5445 721 5494 uiciate
739 5451 812 5507 putat
830 5444 859 5492 Μ
985 5442 1018 5493 32
1036 5444 1149 5493 seruabit
1168 5444 1189 5491 Τ
1309 5434 1412 5505 prestab
1434 5440 1463 5489 Μ
1591 5440 1624 5491 33
1642 5441 1824 5503 correptionem
1845 5439 1872 5486 Μ

242 5532 275 5582 34
294 5530 349 5600 pro]
368 5532 453 5596 peri·
581 5532 614 5580 35
631 5546 682 5581 non
699 5544 748 5583 om.
770 5529 804 5578 A¹
924 5536 965 5581 ert
980 5544 1031 5580 orn.
1052 5528 1081 5576 Μ
1205 5529 1238 5579 36
1257 5531 1346 5579 luisse.
1367 5529 1472 5592 explicit
1489 5528 1578 5578 ralatio
1596 5526 1734 5588 symmachi
1751 5527 1801 5574 uiri
1818 5527 1871 5575 cla·

241 5620 336 5668 nsum
354 5620 416 5681 prou
435 5620 505 5668 uren
522 5617 558 5666 11¹
712 5602 714 5607 ’
