4736 6478
1100 474 1296 531 SYMMAOHI
1314 472 1525 531 EPISTVLAE

1227 836 1400 902 xxxxu.

382 978 484 1067 Pus
1160 975 1219 1040 An
1242 973 1464 1039 ernnmvu.

585 1154 699 1219 Denuo
721 1152 829 1234 obligo
852 1152 961 1216 fenore
982 1149 1159 1214 litterarum
1182 1148 1286 1213 bonae
1309 1146 1385 1212 fidei
1413 1145 1599 1212 debitorem.
1648 1151 1777 1228 recepta
1806 1144 1891 1210 enim
1921 1144 2126 1210 salutationis

498 1258 585 1340 viee,
619 1277 715 1340 quam
737 1254 816 1320 mibi
839 1254 982 1339 proxime
1005 1250 1190 1333 reddidisti,
1222 1270 1307 1315 nexu
1337 1248 1431 1315 istius
1461 1249 1604 1315 muneris
1625 1256 1658 1314 te
1680 1267 1797 1314 vacare
1820 1268 1882 1314 non
1904 1247 2019 1333 patior.
2066 1247 2127 1313 hoc

498 1367 606 1443 autem
637 1359 716 1425 mibi
745 1360 848 1425 solum
879 1356 1058 1443 praestabit
1084 1356 1147 1421 iste
1176 1360 1373 1437 contractus,
1405 1361 1441 1420 nt
1468 1351 1589 1419 iudicia
1617 1372 1857 1438 prosperorum,
1892 1371 1975 1435 qnae
2005 1350 2047 1418 de
2075 1370 2160 1417 meo

498 1463 648 1550 accipies,
676 1469 799 1529 tuorum
823 1463 977 1527 bonorum
999 1459 1161 1542 veluptate
1184 1476 1372 1541 conpenses.

1132 1785 1204 1859 AD
1232 1706 1492 1860 SIbVRIVM.

1145 1955 1325 2022 XXXXHI
1354 1977 1384 2021 a.
1404 1958 1478 2021 376.

1079 2094 1340 2162 SYMMAOHVS
1362 2094 1543 2161 SIBVRIO.

584 2272 744 2335 Fortunae
766 2276 842 2335 tuae
864 2256 984 2353 gaudia
1006 2269 1038 2333 iu
1061 2289 1132 2334 meo
1154 2288 1230 2334 aere
1252 2268 1334 2333 duco
1357 2273 1453 2351 atque
1476 2266 1572 2333 buius
1600 2267 1779 2332 sententiae
1807 2272 1839 2333 te
1868 2267 1960 2334 nobis
1987 2252 2127 2351 iudicem
2151 2284 2177 2325 ro

499 2374 601 2459 capio,
628 2373 682 2458 qui
705 2372 846 2438 animum
869 2393 975 2438 meum
999 2378 1177 2457 spectatum
1200 2372 1312 2454 babes,
1340 2390 1411 2436 cum
1434 2376 1522 2436 tuum
1545 2370 1697 2435 consulis.
1737 2369 1916 2436 debebatur
1929 2371 1990 2436 hoc
2008 2369 2128 2436 teneris

498 2486 677 2562 temporum
704 2477 814 2558 bonis,
848 2481 883 2540 ut
913 2475 1046 2541 oonsilio
1075 2475 1204 2563 publico
1233 2475 1283 2541 vir
1311 2473 1462 2545 laudatus
1490 2473 1673 2539 accederes.
1721 2494 1798 2557 ergo
1820 2474 1896 2558 quia
1916 2493 1969 2540 res
1991 2493 2064 2540 sese
2087 2493 2127 2540 ex

498 2586 571 2646 voto
593 2580 731 2645 omnium
756 2578 856 2661 dedit,
881 2599 1002 2662 perage
1024 2598 1155 2662 operam
1177 2577 1296 2644 iudicio
1318 2576 1399 2643 tanti
1421 2577 1576 2663 principis
1598 2583 1838 2660 congruentem.
1878 2583 1995 2660 urguet
2015 2581 2048 2643 te
2069 2598 2126 2643 ex-

498 2682 638 2769 pectatio
659 2681 751 2748 bonis
774 2701 902 2766 semper
924 2700 1070 2747 onerosa.
1117 2701 1190 2744 naor
1212 2681 1272 2746 etsi
1294 2680 1411 2764 dignos
1432 2680 1578 2765 respicit,
1604 2680 1746 2765 periculo
1767 2686 1874 2745 tamen
1897 2680 2042 2765 proxima
2064 2686 2123 2758 est,

458 2787 477 2847 2
500 2787 578 2857 dum
600 2785 661 2877 sibi
684 2784 824 2870 amplius
845 2784 1025 2871 pollicetur.
1072 2784 1173 2849 babes
1196 2785 1361 2850 saeculum
1383 2784 1492 2850 virtuti
1515 2783 1669 2866 amicum,
1703 2804 1767 2867 qno
1794 2783 1857 2849 nisi
1878 2783 2018 2868 optimus
2039 2782 2128 2867 qnis-
2149 2802 2178 2842 rr

497 2910 560 2975 que
581 2889 718 2973 gloriam
741 2896 851 2973 parat,
886 2886 1026 2953 hominis
1049 2894 1099 2953 est
1122 2887 1217 2972 culpa
1239 2909 1304 2953 non
1327 2887 1489 2972 temporis.
1536 2887 1629 2953 vides
1658 2893 1763 2954 certe:
1797 2895 1833 2954 ut
1860 2886 1917 2954 ille
1946 2886 2036 2972 ipse,
2070 2886 2126 2970 qni

498 2992 652 3059 Romanis
673 2993 769 3058 rebus
792 2991 940 3073 antistat,
974 2990 1016 3057 ad
1044 2992 1163 3065 bonum
1192 2991 1355 3077 publicum
1386 2999 1482 3056 natus
1505 2997 1571 3073 est,
1603 3010 1668 3056 non
1689 2990 1748 3056 tibi
1769 2990 1904 3057 adverso
1926 3009 2011 3056 nunc
2032 3010 2127 3056 amne

498 3095 665 3163 nitendum
688 3101 753 3175 est3
788 3093 946 3177 secundo,
979 3100 1014 3160 ut
1034 3094 1081 3160 ita
1110 3094 1232 3175 dicam,
1267 3114 1360 3160 eursu
1389 3095 1510 3180 probae
1539 3101 1627 3161 artes
1657 3101 1690 3160 et
1710 3095 1845 3161 vinnm
1866 3094 2021 3161 feruntur.
2069 3094 2128 3161 sed

459 3201 478 3263 3
500 3201 582 3266 baec
604 3199 663 3266 tibi
685 3198 813 3284 plenius
836 3205 910 3264 tuus
932 3198 1058 3263 animus
1081 3219 1178 3280 quam
1200 3197 1293 3264 stilus
1315 3204 1424 3264 noster
1446 3197 1605 3282 expediet.
1644 3217 1705 3282 ego
1727 3197 1822 3264 amici
1844 3198 1972 3264 iunctus
1986 3197 2128 3264 officium

498 3302 700 3369 admonentis
722 3301 830 3387 potius
852 3322 948 3385 quam
972 3300 1117 3368 docentis
1139 3322 1308 3386 personam
1331 3301 1441 3386 recepi
1463 3309 1495 3367 et
1517 3321 1610 3387 spero
1632 3307 1775 3367 actutum
1799 3301 1883 3380 lore,
1918 3308 1953 3367 ut
1975 3309 2128 3386 expecta-
2146 3317 2177 3360 ιι

498 3405 596 3488 tione,
623 3425 707 3488 qnae
729 3405 770 3471 de
792 3412 824 3471 te
847 3426 966 3489 magna
988 3413 1048 3487 est,
1074 3404 1177 3470 maior
1197 3404 1358 3471 habearis.
1399 3424 1459 3470 nec
1477 3425 1538 3488 ego
1553 3404 1735 3470 istiusmodi
1750 3405 1903 3490 seriptum
1918 3404 2123 3490 recepissem,
2239 3458 2243 3465 .

498 3509 560 3574 nisi
583 3507 672 3593 apud
694 3527 745 3574 me
768 3508 920 3591 liqueret,
952 3506 1037 3592 qnod
1067 3506 1237 3572 emendato
1267 3507 1387 3591 pectori
1415 3507 1500 3572 bona
1528 3508 1629 3573 verba
1658 3507 1854 3573 mandarem.
1901 3505 1988 3591 quod
2013 3514 2125 3589 restat,

500 3618 657 3678 memento
680 3614 785 3678 salute
808 3611 978 3678 referenda
1000 3617 1032 3677 et
1054 3616 1145 3676 tuum
1166 3629 1283 3675 munus
1307 3610 1423 3693 exequi
1446 3616 1479 3676 et
1500 3609 1565 3675 mei
1586 3609 1684 3676 oflicii
1713 3609 1916 3694 diligentiam
1938 3630 2124 3695 provocare.

1207 3885 1413 3950 XXXXIIII.

1159 4024 1219 4089 AD
1245 4023 1459 4090 SlBVRIVbl.
2146 4041 2177 4083 ra

582 4199 730 4267 Concedo
751 4198 783 4263 in
807 4198 899 4280 leges
920 4203 993 4262 tuas
1016 4204 1048 4262 et
1070 4192 1240 4283 ἀρχαϊσμὸν
1263 4196 1425 4262 scribendi
1448 4217 1509 4262 non
1539 4197 1659 4263 invitus
1688 4196 1826 4263 adfecto.
1872 4205 1908 4263 tu
1937 4204 2045 4264 tamen
2074 4198 2126 4264 sao

495 4303 697 4383 memineris,
722 4300 804 4367 illud
826 4300 932 4385 potius
954 4300 1091 4384 simplex
1113 4300 1276 4365 nonnullis
1299 4299 1416 4382 videri,
1450 4300 1534 4383 quod
1558 4299 1722 4382 sequentis
1750 4300 1866 4366 aetatis
1888 4320 1967 4365 usus
1990 4301 2121 4385 recepit.

496 4407 563 4489 vis,
595 4413 630 4472 ut
651 4404 799 4490 epistulis
821 4403 940 4468 nostris
961 4422 1048 4469 more
1078 4403 1234 4470 maiorum
1263 4403 1351 4469 nuda
1381 4404 1511 4469 nomina
1538 4404 1781 4489 praeferantur?
1817 4404 1845 4469 si
1874 4404 1933 4469 tibi
1956 4405 2126 4470 vetustatis

495 4516 604 4575 tantus
627 4515 677 4575 est
698 4527 798 4591 amor,
823 4506 894 4592 pari
917 4507 1024 4572 studio
1045 4506 1079 4571 in
1101 4506 1201 4571 verba
1223 4506 1329 4591 prisca
1352 4506 1531 4589 redeamus,
1556 4507 1672 4589 quibus
1694 4508 1768 4574 salii
1792 4515 1909 4573 canunt
1930 4515 1963 4574 et
1984 4500 2125 4591 augures

497 4633 589 4679 avem
613 4612 782 4678 consulunt
804 4617 837 4676 et
858 4609 1031 4675 decemviri
1052 4610 1180 4675 tabulas
1203 4610 1424 4676 condiderunt.
1470 4611 1657 4676 iamdudum
1681 4611 1732 4676 bis
1754 4611 1970 4678 renuntiatum
1993 4618 2060 4693 est,
2091 4617 2126 4678 ut
2145 4630 2174 4669 ιο

457 4718 477 4778 2
500 4715 660 4782 successio
680 4722 859 4800 temporum
884 4713 1005 4801 placita
1026 4712 1135 4799 priora
1155 4713 1301 4780 mutavit.
1346 4734 1388 4779 an
1412 4713 1440 4780 si
1461 4714 1554 4780 nobis
1582 4713 1753 4781 scribenda
1782 4714 1824 4780 sit
1852 4714 1989 4782 lorensis
2011 4715 2122 4797 oratio,

584 4908 615 4960 31
635 4905 716 4962 Serv.
736 4906 773 4960 ad
790 4903 863 4961 Aen.
884 4904 926 4959 XI
945 4906 1005 4958 301.

583 5181 664 5231 bom.
684 5183 728 5231 VF
828 5182 948 5245 sublege
966 5183 1035 5232 PVF
1136 5184 1274 5234 litterarum
1286 5185 1371 5246 oblego
1384 5187 1484 5234 foenore
1501 5186 1529 5245 V,
1548 5186 1687 5234 litterarum
1701 5185 1787 5234 tenore
1799 5184 1886 5244 oblego
1899 5185 1922 5231 F
2022 5186 2125 5236 rnexu

496 5271 573 5320 lstlus
590 5282 651 5319 corr.
672 5284 701 5319 ea
718 5270 862 5319 nextustlus
880 5269 904 5317 F
1022 5284 1091 5318 nexu
1110 5271 1222 5321 muueris
1240 5271 1316 5320 buius
1336 5273 1359 5319 F
1475 5286 1525 5321 uon
1543 5272 1630 5320 om.F
1750 5270 1832 5320 blata
1850 5276 1991 5322 connectas
2008 5287 2056 5323 om.
2073 5272 2096 5319 F

497 5352 601 5423 indicta]
619 5357 649 5419 F,
669 5358 697 5406 in
714 5356 807 5405 ludlcto
825 5356 873 5409 ΡΥ
986 5356 1153 5419 bacclplsP
1254 5356 1396 5426 uoluptate]
1415 5360 1521 5420 Iuratus,
1542 5358 1672 5408 uoluntate
1690 5357 1736 5419 VF,
1758 5359 1913 5409 uoluntatem
1934 5358 1958 5406 F
2059 5374 2126 5409 eorn-

497 5456 588 5507 pensas
612 5443 639 5505 V,
660 5444 816 5507 capessasF
917 5443 973 5492 urle
991 5442 1091 5493 adar
1192 5447 1303 5507 requirar
1321 5448 1348 5493 ιιι
1372 5445 1413 5493 VF
1428 5447 1465 5509 11,
1481 5446 1515 5493 40
1837 5479 1840 5484 -

584 5528 723 5590 'lexpltclt
739 5530 771 5581 ad
787 5530 903 5581 hilarium
922 5531 1012 5591 inctplt
1030 5530 1061 5579 ad
1078 5531 1203 5579 albutium
1222 5529 1251 5591 P,
1272 5544 1321 5580 om.
1336 5533 1359 5579 F
1481 5531 1564 5581 bom.
1579 5532 1603 5579 F
1730 5529 1760 5579 13
1779 5531 1897 5594 perga?
2018 5530 2049 5581 ll
2068 5547 2126 5581 nam

497 5611 557 5681 etsi]
574 5621 662 5663 manet
678 5618 700 5664 sl
718 5615 763 5664 PF
864 5615 895 5666 21
915 5618 1084 5678 concepissem
1102 5630 1145 5677 epo

583 5699 616 5749 25
634 5702 726 5750 ouaF
844 5701 877 5752 28
895 5703 936 5751 ιιιι
953 5704 1046 5752 em.F
1164 5701 1198 5753 29
1217 5702 1356 5753 tanturnP
1475 5704 1520 5753 altl
1538 5703 1672 5753 le.F
1788 5709 1843 5767 pou
1860 5708 1955 5755 eruunt
1973 5706 2127 5768 requiratur

499 5788 521 5845 F
537 5787 590 5859 111,
606 5789 648 5849 51,
668 5788 725 5853 putu
742 5790 862 5855 epistulae
878 5792 934 5857 poet
953 5788 1000 5850 ΙΙΙ,
1016 5791 1050 5843 48
1067 5789 1123 5839 coll.
1143 5795 1178 5841 est
1282 5789 1315 5842 30
1334 5787 1374 5863 ut]
1392 5799 1420 5839 et
1439 5791 1477 5869 F¹
