4744 6476
479 476 542 536 332
1080 467 1277 522 SYMMACHI
1295 466 1506 526 ORATIONES

478 661 638 746 praestitit
659 667 692 726 et
713 659 821 724 adbuc
842 679 918 743 spes
942 659 1035 744 plura
1056 657 1226 742 promittit!
1263 665 1296 724 et
1317 679 1402 739 vere,
1430 659 1458 724 si
1481 658 1532 724 fas
1556 666 1605 724 est
1627 659 1796 744 praesagio
1819 660 1926 728 futura
1948 664 2103 745 conicere,

477 764 667 829 iamdudum
690 784 823 829 aureum
846 763 1011 828 saeculum
1038 768 1169 827 cumunt
1195 761 1269 826 fusa
1290 762 1472 828 Parcarum.
1519 782 1580 828 nec
1602 764 1739 847 poeticis
1761 771 1833 829 utar
1854 765 1998 832 indiciis:
2034 787 2108 833 ecce

478 869 542 933 iam
565 866 696 932 Rhenus
719 887 783 931 nou
805 865 945 949 despicit
974 864 1112 949 imperia
1142 863 1201 929 sed
1230 864 1404 931 intersecat
1432 865 1567 930 castella
1590 867 1749 947 Romana;
1767 869 2108 954 fflffldlpihrrs

303 990 375 1029 ombr-
391 1001 411 1040 o·
426 971 510 1036 oon
541 977 682 1036 nostrum
714 970 781 1035 exit
810 989 977 1059 oceanum.
1025 968 1081 1034 ille
1111 968 1214 1034 libera
1236 968 1401 1051 hucusque
1431 972 1555 1035 cervice
1585 969 1751 1055 repagulis
1780 971 1923 1054 pontium
1953 974 2108 1057 eapltivus

477 1082 620 1159 urgetur.
668 1095 709 1140 en
730 1079 838 1139 noster
859 1072 1016 1151 bicornis,
1044 1092 1119 1136 onoc
1141 1072 1312 1153 aequalem
1334 1079 1366 1137 te
1390 1072 1544 1138 arbitrere
1567 1073 1736 1152 liberino,
1763 1074 1849 1157 quod
1871 1075 1966 1141 ambo
1989 1076 2108 1161 prinei·
2127 1098 2140 1137 ι

478 1198 554 1263 pum
577 1184 782 1244 monumenta
803 1180 954 1260 gestatis:
982 1175 1039 1240 ille
1062 1174 1228 1240 redimitus
1251 1184 1310 1257 est,
1337 1182 1373 1240 tu
1395 1176 1558 1241 subactus.
1606 1197 1670 1243 non
1692 1197 1757 1242 uuo
1778 1178 1892 1244 merito
1914 1199 1995 1264 pons
2021 1186 2109 1246 uter-

477 1300 540 1364 que
563 1288 723 1346 censetur:
750 1280 854 1345 victus
876 1279 1003 1363 accepit
1024 1279 1252 1359 necessarium,
1280 1279 1381 1345 vietor
1403 1286 1587 1359 aetemum;
1613 1280 1782 1365 pretiosior
1803 1282 1914 1348 honori
1935 1284 2030 1349 datus
2046 1290 2103 1365 est

478 1384 573 1450 vilior
596 1384 755 1450 servituti.

418 1494 456 1553 10
565 1487 663 1565 Queri
685 1487 726 1552 de
749 1492 884 1570 paterna
905 1486 1008 1569 gloria
1030 1484 1241 1551 Macedonum
1264 1505 1321 1550 rex
1344 1486 1479 1566 solebat,
1506 1486 1592 1569 quod
1614 1487 1756 1553 subactis
1779 1488 1875 1572 louge
1891 1489 2021 1573 lateque
2036 1510 2109 1574 pro

478 1590 591 1656 vinciis
613 1590 694 1656 nibil
716 1590 759 1655 ad
781 1590 947 1656 victoriam
970 1589 1078 1654 virtuti
1102 1589 1287 1671 reliquisset
1312 1587 1451 1654 heredis.
1499 1590 1586 1655 absit
1615 1610 1636 1654 a
1663 1610 1735 1656 meo
1764 1591 1881 1657 iuvene
1910 1592 1974 1658 ista
2001 1593 2108 1676 queri-
2129 1612 2157 1655 ro

478 1694 599 1759 monia!
630 1694 704 1760 laus
725 1693 829 1759 omnis
850 1696 1016 1759 amborum
1039 1700 1104 1771 est,
1131 1693 1233 1757 lilium
1255 1700 1287 1758 te
1310 1693 1445 1758 exhibes
1469 1693 1658 1773 reverentia,
1686 1693 1802 1761 virtute
1826 1695 1996 1780 collegam.
2046 1718 2109 1762 ana

478 1806 528 1862 est
549 1797 714 1880 utriusque
737 1798 853 1862 militia
875 1803 908 1862 et
927 1797 1096 1881 coniuncta
1117 1796 1276 1862 felicitas:
1302 1803 1337 1862 tu
1353 1796 1477 1879 gaudes
1492 1796 1678 1881 magisterio
1693 1797 1802 1882 patris,
1830 1799 1886 1865 ille
1902 1801 2109 1866 contubernio

478 1901 625 1966 iunioris.
674 1908 760 1967 certa
783 1902 905 1966 ratione
926 1907 1059 1966 naturae
1082 1921 1255 1982 numquam
1278 1899 1414 1981 invidet,
1440 1900 1495 1984 qui
1518 1900 1678 1965 cohaeret.

418 2013 451 2070 ll
566 2003 687 2083 Quodsi
717 2004 876 2069 fortunam
899 2011 1001 2083 tuam,
1038 2003 1192 2069 Gratiaue
1215 2002 1424 2081 venerabilis,
1459 2023 1542 2085 quae
1564 2003 1669 2087 prima
1690 2003 1724 2068 in
1746 2002 1884 2070 ducibus
1906 2007 2106 2092 aestimatur,

479 2127 639 2195 perpensa
661 2105 898 2172 examinatione
920 2107 1089 2186 libremus,
1124 2105 1202 2188 quid
1225 2105 1353 2171 felicius
1376 2106 1522 2191 principe
1545 2106 1604 2171 sub
1630 2107 1816 2191 parentibus
1846 2108 2047 2193 imperante?
2077 2118 2109 2177 te
2130 2132 2158 2171 ιι

478 2212 605 2298 placido
628 2210 700 2276 sinu
723 2217 856 2275 cunctus
886 2209 972 2274 orbis
1002 2209 1221 2295 amplectitur,
1255 2229 1392 2291 cumque
1424 2208 1466 2274 sit
1493 2229 1546 2274 res
1575 2210 1708 2293 publiea
1736 2210 1820 2295 patri
1849 2218 1882 2277 et
1910 2220 2025 2297 patruo
2055 2221 2110 2280 tuo

477 2314 619 2399 quadam
642 2313 750 2398 specie
772 2312 953 2393 distributa,
979 2313 1038 2378 tibi
1062 2312 1117 2378 uni
1138 2319 1247 2378 tamen
1270 2332 1342 2378 curn
1365 2319 1498 2395 utroque
1521 2314 1697 2379 communis
1720 2321 1779 2380 est.
1820 2336 1840 2380 a
1863 2316 2024 2382 cubilibus
2040 2338 2110 2383 sur-

303 2441 375 2481 naar.
390 2454 412 2492 ι.
426 2441 465 2481 ιιι
477 2419 581 2503 gentis
603 2437 738 2483 aurorae
760 2418 804 2482 ad
825 2424 929 2482 metas
958 2417 1035 2482 solis
1064 2416 1189 2482 occidui
1219 2415 1300 2481 nihil
1329 2416 1444 2499 cerinis
1474 2416 1626 2482 alienum.
1674 2417 1757 2484 inter
1787 2426 1940 2502 cognatos
1970 2420 2109 2487 sidemm

477 2523 591 2606 globos
620 2527 772 2604 quantum
802 2520 909 2585 adbuc
938 2521 1091 2586 alterutro
1122 2519 1225 2584 minor
1253 2539 1307 2600 es,
1345 2526 1469 2585 tantum
1500 2520 1637 2603 siugulis
1667 2542 1707 2586 ex
1738 2529 1871 2605 utroque
1901 2524 2106 2590 cumulatior.

419 2634 456 2694 12
479 2625 575 2690 audio
604 2622 794 2708 iampridem
825 2622 973 2689 fatidicos
995 2623 1234 2689 obmurmurare
1256 2624 1401 2706 gentium
1424 2631 1530 2704 vates,
1566 2624 1722 2689 hactenus
1744 2645 1860 2691 nomen
1882 2627 2013 2692 stetisse
2036 2629 2109 2693 bar·
2128 2646 2158 2688 ιι

477 2728 631 2808 barinum,
657 2726 722 2791 iarn
745 2725 889 2809 genitum
912 2745 1000 2807 esse,
1026 2726 1092 2792 iam
1115 2746 1277 2808 crescere,
1305 2727 1355 2791 oui
1379 2746 1513 2792 necesse
1536 2727 1578 2791 sit
1599 2746 1670 2792 cum
1693 2734 1758 2793 toto
1781 2729 1857 2794 orbe
1881 2730 2013 2796 servire.
2059 2731 2110 2796 in-

478 2838 592 2897 cusant
613 2830 668 2895 alii
692 2836 888 2896 senectutem
912 2836 1135 2913 servatumque
1157 2830 1190 2894 in
1213 2836 1359 2915 tempora
1381 2829 1511 2915 captiva
1533 2830 1698 2911 canitiem,
1731 2831 1814 2896 alios
1840 2839 1971 2899 tenerae
1999 2833 2110 2899 taedet

478 2935 610 3015 aemtis,
642 2932 697 3017 qui
719 2940 888 3018 postquam
911 2953 1042 2999 sensum
1065 2933 1224 3000 libertatis
1247 2934 1446 3013 hauserunt,
1474 2942 1560 3000 metu
1583 2934 1747 3001 servitutis
1774 2935 1948 3019 agitantur.
1997 2937 2109 3003 merito

479 3038 619 3121 undique
650 3037 794 3103 certatim
823 3037 986 3122 supplices
1015 3037 1131 3103 misere
1160 3038 1301 3122 legatos:
1337 3038 1464 3122 captivo
1487 3037 1602 3103 similis
1625 3044 1689 3117 est,
1724 3038 1781 3122 qui
1803 3038 1924 3123 primus
1948 3041 2045 3106 ourdt
2066 3040 2108 3105 ad

480 3163 603 3227 paoem.
651 3141 746 3207 credo
768 3140 907 3205 bostium
929 3141 1108 3226 responsis,
1137 3142 1233 3207 credo
1255 3141 1452 3226 praesagiis:
1480 3148 1635 3224 quantum
1658 3141 1780 3225 gloriae
1803 3144 2009 3227 consequeris
2032 3143 2106 3208 olim
2127 3163 2158 3205 ιι

479 3252 571 3329 patre
593 3244 746 3310 incolumi
769 3244 923 3310 ducturus
945 3244 1129 3326 exercitum,
1157 3245 1212 3327 qui
1233 3265 1432 3328 quacumque
1455 3245 1591 3325 duceris,
1617 3245 1682 3310 iam
1706 3249 1846 3329 rogarr'sl

1183 3502 1248 3567 1111
1276 3523 1308 3568 a.
1327 3506 1400 3567 376.

1163 3658 1246 3724 PRO
1269 3658 1420 3723 PATRE.

567 3836 603 3893 Si
624 3835 692 3914 quis
716 3835 857 3907 miratus,
884 3852 940 3894 car
959 3839 1028 3913 post
1047 3833 1149 3912 patria
1172 3834 1231 3892 occi
1251 3830 1472 3914 pravissimum
1494 3835 1660 3894 orationem
1684 3853 1734 3915 eqo
1758 3852 1872 3915 quoquc
1894 3838 2079 3916 srcsceperim
2103 3834 2108 3918 1

305 3953 378 3993 umor.
392 3965 414 4003 ι.
429 3954 467 3994 ιιι
481 3933 610 3999 dicendi
632 3952 749 3999 munus
771 3939 803 3998 et
825 3933 1048 4015 gratulationis
1071 3934 1170 3998 verba
1192 3931 1395 4016 protulerim,
1426 3952 1534 3999 secum
1557 3940 1697 4017 reputet,
1732 3940 1869 4016 quantos
1891 3935 1988 4001 buius
2010 3937 2109 4003 bene-
2130 3958 2160 3999 ιι

481 4036 546 4101 ficii
575 4036 752 4102 babeamus
782 4042 929 4101 auctores
952 4073 995 4083 —
1016 4035 1249 4101 humanitatem
1280 4042 1437 4116 vestram,
1471 4036 1526 4120 qui
1556 4037 1759 4120 postulastis,
1794 4037 1998 4103 clementiam
2021 4038 2111 4123 priu-

481 4140 596 4223 cipum,
623 4139 677 4223 qui
699 4139 921 4204 dederuut-
943 4137 1068 4205 desinet
1089 4139 1231 4224 profecto
1253 4139 1371 4219 mirari,
1397 4160 1460 4205 non
1483 4160 1581 4205 unum
1597 4161 1655 4224 pro
1671 4141 1840 4206 consulatu
1858 4141 1980 4223 gratias
1995 4162 2104 4226 agere,

481 4262 576 4326 quem
598 4248 663 4308 tam
687 4243 804 4308 multos
827 4242 936 4308 rideat
958 4241 1127 4308 detulisse.

439 4354 458 4413 2
567 4347 618 4410 An
640 4345 668 4410 si
690 4365 756 4426 vos,
783 4352 892 4430 patres
915 4345 1100 4431 conscripti,
1128 4352 1295 4431 tantopere
1317 4345 1469 4427 curastis,
1496 4352 1531 4410 ut
1553 4346 1693 4430 optimae
1715 4347 1890 4412 voluntatis
1913 4348 2006 4413 vobis
2027 4349 2109 4414 ratio

483 4454 653 4530 constaret,
680 4455 715 4514 ut
735 4448 875 4513 omnium
897 4469 956 4534 pro
979 4469 1041 4514 uno
1062 4450 1281 4515 testimonium
1304 4448 1504 4515 concordiam
1527 4454 1661 4514 senatus
1683 4455 1716 4515 et
1737 4449 1807 4534 pios
1828 4470 1933 4517 mores
1949 4452 2110 4517 candidati
2129 4474 2162 4515 ιι

482 4553 661 4633 adsereret,
694 4570 800 4616 nonne
827 4551 879 4616 ius
908 4552 1072 4618 bominum
1102 4562 1129 4616 ct
1158 4553 1289 4618 deorum
1318 4559 1383 4632 est,
1418 4550 1543 4634 aliquid
1572 4552 1650 4618 laeti
1679 4553 1800 4637 negotii
1829 4560 1957 4639 praeter
1986 4562 2110 4622 ceteros

568 4827 659 4896 inec]
677 4833 693 4879 9
709 4846 755 4890 m.,
776 4843 808 4879 ne
828 4835 839 4878 l
860 4847 895 4881 m.
1036 4829 1147 4879 liranus
1286 4830 1407 4880 cccrum
1546 4825 1653 4896 besue]
1674 4829 1733 4891 Mai,
1760 4831 1825 4879 catio
1964 4828 2109 4899 aequallem

482 4918 626 4981 bgestates
729 4913 870 4985 redimillus
974 4914 1049 4985 pons]
1068 4918 1084 4964 2
1100 4933 1147 4977 ou,
1168 4925 1225 4980 post
1246 4921 1257 4965 l
1277 4935 1311 4967 m.

568 5004 584 5054 9
602 5007 688 5066 quaeri
819 5003 850 5053 10
868 4988 1005 5053 heredas'l
1026 5020 1061 5053 m.
1193 5001 1268 5069 ablslt
1403 5002 1430 5051 11
1452 4999 1530 5069 ollula
1653 5004 1767 5053 teexlbes
1786 5006 1802 5052 9
1819 5020 1866 5067 ιιι,
1885 5006 1985 5054 texibes
2005 5010 2016 5053 l
2037 5022 2072 5055 m.

482 5086 622 5155 reuersum
727 5087 788 5157 nna]
807 5090 874 5152 Mal,
895 5091 965 5138 Vana
983 5092 999 5138 9
1017 5107 1064 5153 ιιι,
1084 5091 1185 5139 Vanum
1203 5095 1215 5138 1
1235 5106 1283 5153 oa,
1303 5094 1391 5153 incipit
1408 5105 1502 5139 mcum
1518 5096 1592 5152 capnt
1699 5090 1729 5139 13
1747 5086 1869 5157 inlusores
1889 5095 1901 5139 l
1920 5107 1953 5142 m.

570 5175 601 5224 14
620 5177 739 5239 quodue!
753 5192 787 5225 m.
893 5177 1030 5238 gratlmpuc
1137 5176 1167 5225 17
1187 5175 1428 5244 surgueultisilm„
1449 5174 1664 5242 urgueultislm.
1775 5175 1806 5226 13
1824 5190 1912 5226 aurore
2016 5175 2110 5241 cerinis

484 5262 516 5312 19
534 5263 687 5314 cumulatiori
708 5268 719 5310 1
738 5279 784 5326 m.,
805 5265 943 5315 cumuletta
961 5265 977 5310 2
994 5280 1028 5313 m.

568 5348 600 5399 23
619 5351 712 5401 aetatis
816 5347 958 5417 baulllrnnt
1062 5346 1263 5419 moritolfsdtque
1384 5349 1417 5399 24
1435 5346 1642 5417 legatoslcaptluo
1759 5349 1791 5399 26
1810 5348 2075 5416 quacumlqueducerls

481 5449 579 5496 rogares
703 5452 802 5497 novem,
822 5439 864 5499 qui
883 5441 910 5485 ιἰι
925 5440 1021 5499 popina
1039 5443 1171 5499 supersunt
1189 5453 1271 5487 cerato
1288 5453 1357 5486 mac
1375 5440 1449 5485 ononi
1467 5451 1517 5485 csse
1534 5436 1658 5497 videatur,
1679 5436 1721 5485 scd
1740 5438 1800 5486 olim
1817 5439 2001 5498 inocrlptioncm
2017 5442 2040 5485 a
2058 5439 2110 5485 ial-

482 5526 545 5572 clam
562 5525 683 5573 orationis
698 5538 744 5585 pro
760 5528 830 5583 parre
847 5524 944 5573 mbrlcu
961 5527 1051 5585 scriptu
1069 5524 1226 5572 continebant

568 5610 602 5659 30
620 5608 798 5671 matulullouls
954 5607 1113 5676 protulerim]
1130 5624 1184 5672 epo,
1202 5607 1357 5675 perltulerlm
1513 5606 1625 5676 reputet]
1645 5608 1706 5672 Mai,
1735 5617 1852 5673 reputem
2009 5608 2110 5675 beluabi

483 5694 513 5744 31
533 5692 654 5760 acalciam
758 5697 918 5757 posttulastls
1022 5698 1183 5745 clementium
1288 5697 1321 5746 32
1340 5698 1492 5759 consolatum
1597 5696 1630 5746 33
1649 5698 1741 5748 multos

569 5782 602 5833 34
620 5785 714 5847 optime
733 5786 745 5832 l
766 5799 800 5831 m.
907 5781 939 5833 35
958 5780 1071 5849 omnlum
1174 5780 1313 5853 candidati]
1330 5797 1382 5846 epo,
1403 5782 1517 5838 cantatis
1622 5783 1655 5833 36
1673 5777 1711 5851 et]
1728 5779 1751 5849 sl
1856 5786 2057 5846 praetoreeteroc
