4744 6476
1098 482 1292 540 SYMMACHI
1311 481 1548 538 RELATIONES

1097 845 1130 909 11
1150 844 1247 927 (xvi.
1267 843 1391 929 xxm)
1424 865 1456 909 a.
1475 847 1548 909 aar.

396 1001 495 1063 rur
539 997 580 1062 u.
606 999 646 1065 u.
673 998 919 1065 nsueuosro
942 998 1110 1064 seusun
1132 998 1231 1065 nvo.
1258 997 1517 1065 sununouvs
1547 1001 1587 1063 V.
1616 1000 1651 1062 o.
1678 997 1955 1095 rmnsuonvs
1978 999 2115 1066 vanis.

599 1170 682 1237 Olim
713 1191 780 1253 me,
815 1178 850 1236 ut
878 1190 929 1236 res
957 1170 1096 1251 indicat,
1130 1170 1340 1255 cogitationes
1365 1170 1505 1235 numinis
1527 1169 1625 1235 vestri
1649 1171 1790 1236 seeundo
1813 1171 1922 1236 favore
1945 1172 2136 1257 respiciunt:

511 1294 615 1356 neque
644 1274 728 1339 enim
758 1274 853 1340 aliter
881 1274 1125 1358 imperatoribus
1155 1273 1235 1339 nihil
1265 1282 1384 1340 temere
1413 1273 1651 1358 praestantibus
1680 1273 1764 1339 inter
1791 1274 1910 1359 primos
1938 1282 1994 1340 aut
2016 1276 2141 1360 primus

512 1396 720 1443 oeeurrerem.
769 1377 889 1442 dilatus
918 1395 996 1458 ergo
1026 1376 1180 1441 haetenus
1209 1376 1287 1442 mihi
1316 1396 1388 1442 eum
1418 1396 1451 1442 re
1475 1397 1506 1461 p.
1532 1375 1660 1457 videor,
1694 1396 1778 1459 quae
1808 1377 1862 1442 uhi
1892 1377 1925 1442 in
1947 1377 2175 1461 longinquare

512 1479 637 1566 imperii
668 1487 776 1565 partes
805 1478 997 1559 maiestatisv
1015 1485 1142 1544 vestrae
1170 1498 1279 1544 euram
1302 1479 1443 1558 vooavit,
1477 1478 1618 1563 repperit
1639 1477 1728 1562 apud
1749 1498 1806 1571 ros
1828 1479 1985 1546 meditata
2005 1482 2136 1561 iudicia,

471 1583 590 1649 adde.
617 1604 693 1649 uun.
718 1583 940 1667 imperatores.
987 1588 1159 1664 angustum
1188 1589 1238 1648 est
1263 1582 1378 1666 igitur,
1412 1590 1446 1647 ut
1474 1582 1657 1647 aeternitati
1688 1592 1814 1649 vestrae
1837 1605 1894 1669 pro
1916 1586 1984 1650 solo
2006 1586 2138 1667 honore,

513 1707 607 1769 quem
638 1686 726 1771 eepi,
762 1687 884 1768 gratias
913 1705 1024 1768 agam:
1060 1685 1240 1768 praefectos
1269 1704 1367 1771 saepe
1397 1685 1519 1751 fecistis
1546 1692 1579 1749 et
1606 1685 1754 1750 inmensa
1775 1693 1883 1752 aetate
1905 1687 2049 1770 facietis,
2082 1689 2140 1754 sed

513 1809 592 1873 quos
621 1788 803 1854 adsiduitas
833 1796 865 1854 et
895 1808 972 1853 usus
1000 1788 1191 1872 ingesserim
1225 1809 1275 1855 me
1305 1788 1426 1854 dudum
1455 1788 1715 1872 proconsularem
1746 1788 1846 1854 virum
1877 1789 2044 1858 cedentem
2075 1793 2139 1857 iam

514 1893 569 1958 diu
599 1892 775 1976 potentium
806 1891 946 1958 moribus
977 1898 1052 1957 aute
1075 1911 1190 1977 sapere
1212 1892 1434 1974 magistratum
1457 1912 1552 1974 quam
1576 1898 1748 1976 expectare
1770 1892 1929 1958 voluistis.
1976 1915 2062 1960 nune
2084 1915 2140 1960 vos
2161 1911 2190 1951 ¹⁰

513 2016 568 2061 oro
595 2003 691 2079 atque
721 1995 868 2077 obseura,
902 2001 937 2059 ut
966 1994 1074 2059 favore
1096 2002 1250 2079 perpetuo
1273 1994 1393 2060 laetum
1415 2001 1556 2060 vestrum
1578 1994 1705 2060 iuvetis.
1753 1995 1895 2061 amabile
1918 2004 1968 2062 est
1989 2018 2140 2082 praeesse

513 2098 649 2179 eivibus,
676 2097 735 2163 sed
756 2099 885 2183 plaeere
907 2097 1052 2163 difficile.
1100 2099 1234 2163 multum
1258 2098 1343 2163 enim
1367 2097 1428 2163 sibi
1454 2147 1661 2161 ........
1689 2105 1722 2162 et
1743 2097 1827 2163 inter
1849 2099 1992 2182 oognitos
2015 2119 2141 2186 semper

471 2201 595 2265 ttdura
617 2200 795 2267 constantia
817 2207 877 2265 est.
924 2200 1021 2283 quid,
1054 2200 1139 2284 quod
1161 2202 1350 2286 plemmque
1373 2200 1497 2281 evenit,
1530 2207 1565 2266 ut
1589 2250 1796 2264 ........
1823 2201 1922 2285 aliqui
1945 2203 2061 2287 longae
2083 2223 2141 2288 po

513 2305 632 2371 tentiae
655 2324 716 2369 usu
737 2304 801 2369 iam
825 2304 993 2369 neseiaut‘l
1036 2303 1186 2369 honorem
1211 2322 1317 2369 meum
1339 2324 1403 2368 non
1425 2303 1636 2385 deseruerint,
1662 2304 1715 2387 qui
1739 2303 1913 2383 dederunt;
1941 2325 2002 2388 ego
2025 2306 2136 2395 enitar,

513 2414 549 2472 ut
571 2415 700 2492 potero,
733 2426 775 2471 ne
797 2405 1000 2472 elementiam
1023 2413 1162 2472 vestram
1187 2406 1343 2472 fefellisse
1366 2405 1407 2471 de
1429 2427 1481 2471 me
1504 2406 1590 2491 prior
1611 2406 1699 2471 faura
1720 2406 1881 2473 videatur:
1917 2409 2015 2474 vestn'
2038 2411 2140 2475 numi·
2160 2429 2189 2467 ro

513 2512 564 2577 nis
586 2511 647 2577 erit
668 2530 865 2575 communem
888 2528 1019 2575 oausam
1041 2510 1135 2575 tueri.
1175 2515 1248 2574 narn
1272 2509 1305 2574 in
1327 2509 1421 2575 bonis
1443 2510 1685 2593 magistratibus
1708 2510 1860 2576 maiorem
1883 2512 2018 2594 gloriam
2042 2533 2140 2596 quae-

513 2614 555 2680 rit
576 2622 754 2699 temporum
778 2613 865 2678 fama
888 2633 984 2695 quam
1006 2612 1158 2678 iudicum.

1101 2888 1150 2952 ru
1174 2887 1286 2969 (arur.
1306 2887 1390 2971 uxr)
1425 2909 1456 2952 a.
1478 2888 1552 2952 aar.

397 3046 492 3108 rna
712 3044 753 3108 u.
779 3044 821 3109 n.
847 3041 1091 3109 nuuooosro
1114 3042 1282 3107 suusne
1303 3042 1402 3108 Ave.
1429 3041 1688 3108 sununouvs
1713 3044 1750 3108 v.
1777 3041 1814 3110 o.
1840 3045 1874 3108 r.
1902 3045 1940 3109 v.

601 3216 664 3282 Vhi
694 3216 829 3301 primum
858 3222 989 3281 senatus
1019 3213 1238 3299 amplissimus
1268 3233 1457 3299 semperque
1487 3220 1594 3279 vester
1623 3214 1769 3279 subiecta
1797 3216 1925 3299 legibus
1954 3219 2032 3284 vitia
2066 3240 2139 3303 eog-
2159 3236 2187 3279 ιι

516 3321 604 3386 novit
632 3328 665 3386 et
694 3341 715 3385 a
744 3319 942 3404 prineipibus
971 3317 1035 3402 piis
1058 3317 1140 3383 vidit
1161 3317 1292 3402 purgari
1316 3317 1435 3383 famam
1458 3324 1634 3402 temporum
1658 3318 1889 3403 proximorum,
1922 3320 1996 3385 boni
2021 3324 2140 3388 saeculi

516 3423 736 3489 auctoritatem
768 3429 897 3488 secutus
924 3420 1065 3487 evomuit
1086 3421 1140 3486 diu
1164 3440 1310 3506 pressum
1334 3420 1476 3486 dolorem
1498 3428 1594 3504 atque
1616 3421 1730 3487 iterum
1755 3442 1806 3487 me
1828 3423 2044 3505 querellamm
2067 3447 2140 3492 sua-

516 3549 584 3593 mrn
613 3527 707 3592 iussit
734 3545 806 3592 esse
837 3527 990 3609 legatum.
1039 3524 1090 3590 eui
1118 3524 1193 3590 ideo
1216 3524 1283 3589 divi
1306 3524 1458 3609 principis
1481 3523 1642 3607 denegata
1663 3532 1713 3590 est
1734 3525 1776 3589 ah
1798 3525 1941 3610 inprobis
1963 3529 2136 3608 audientia,

475 3633 494 3691 2
517 3631 594 3712 quia
623 3650 686 3695 non
708 3636 778 3695 erat
799 3629 922 3695 iustitia
944 3618 1128 3710 defutura*
1146 3626 1223 3692 ddd.
1249 3649 1326 3693 nnn.
1352 3628 1571 3713 imperatores.
1619 3628 1746 3711 gemino
1768 3628 1867 3712 igitur
1888 3630 2016 3697 functus
2038 3633 2141 3699 allido

517 3741 549 3800 et
579 3741 614 3798 ut
642 3732 824 3818 praefectus
854 3739 961 3799 vester
989 3737 1083 3815 gesta
1112 3731 1241 3815 publiea
1270 3749 1445 3815 prosequor
1475 3737 1507 3796 et
1536 3738 1571 3797 ut
1592 3732 1720 3814 legatus
1742 3731 1859 3796 oivium
1883 3734 2036 3800 mandata
2058 3755 2142 3801 oom-
2160 3753 2189 3794 aa

517 3835 643 3902 mendo.
690 3836 782 3901 nulla
804 3843 853 3902 est
876 3836 929 3901 hio
950 3833 1111 3900 dissensio
1134 3834 1352 3915 voluntatum,
1378 3834 1454 3916 quia
1474 3834 1540 3899 iam
1563 3833 1693 3899 eredere
1717 3833 1861 3900 homines
1884 3836 2059 3919 desierunt,
2085 3860 2142 3903 au-

517 3940 649 4005 lieomm
673 3959 708 4005 se
731 3939 838 4005 studio
861 3944 1036 4023 praestare,
1064 3938 1091 4003 si
1115 3936 1308 4022 discrepent.
1355 3937 1456 4003 aman'
1480 3936 1542 4003 ooli
1565 3936 1657 4020 diligi
1680 3936 1784 4003 maius
1806 3937 1941 4022 imperio
1964 3948 2023 4006 est.
2072 3942 2143 4025 quis

606 4234 617 4282 1
638 4234 669 4282 de
688 4236 828 4297 proiectura
846 4235 893 4283 sibl
912 4233 1035 4284 detaut
1139 4233 1198 4283 ld.
1217 4246 1265 4281 om.
1283 4231 1312 4279 M
1413 4232 1454 4280 dd.
1469 4244 1514 4281 nu.
1530 4232 1668 4282 Theodosio
1680 4239 1707 4281 et
1719 4234 1824 4281 Aroedlo
1837 4247 1935 4295 semper
1947 4237 2029 4297 Augg.
2051 4236 2140 4299 Meyer,

517 4324 579 4368 reete
603 4319 713 4382 pamm,
741 4319 783 4366 sed
807 4322 894 4369 uittam
918 4317 1058 4382 Spumoohi
1081 4332 1132 4369 raon
1156 4318 1250 4367 librarii
1272 4321 1393 4380 corriperes
1526 4318 1676 4367 slmmsohus
1697 4317 1748 4365 l'M
1876 4334 1901 4367 u.
1921 4333 1943 4369 s.
1964 4334 2012 4371 om.
2037 4321 2115 4371 ΤΜΓ

519 4391 590 4469 pras-t
607 4404 636 4452 M
756 4405 899 4455 dasoundo
917 4407 1001 4454 terrore
1019 4418 1068 4454 om.
1089 4404 1117 4452 M
1238 4404 1254 4453 4
1273 4401 1327 4470 aut]
1347 4410 1373 4453 et
1392 4404 1421 4452 M
1541 4404 1715 4453 hoeeurerern
1737 4404 1789 4451 l'M
1908 4403 1979 4473 ergo]
1996 4410 2063 4456 enim
2084 4408 2111 4455 M

518 4493 590 4554 ἰ’ρΤ
637 4504 639 4509 ⁴
729 4492 861 4542 duoeebtt
881 4490 931 4539 TM
1069 4490 1134 4539 71).
1156 4492 1294 4552 Imperator
1312 4488 1342 4549 Γ,
1363 4490 1452 4539 umbe:
1471 4490 1565 4538 domiui
1584 4492 1744 4551 imperatores
1763 4491 1885 4540 Theodosi
1904 4497 1931 4540 et
1948 4493 2037 4541 Arcadi
2057 4494 2141 4553 inelytl

520 4580 627 4626 ulotores
644 4592 673 4626 eo
691 4579 884 4641 triumphatores
902 4590 1001 4640 semper
1019 4577 1127 4638 Augusti
1243 4573 1390 4643 angustum]
1408 4574 1438 4639 Γ,
1459 4577 1509 4637 su&
1529 4575 1581 4623 TM
1693 4576 1859 4626 llluoesserit
1880 4576 1946 4633 Tu,
2053 4578 2084 4628 10
2103 4595 2143 4630 oa·

519 4677 578 4725 pere
595 4678 645 4713 om.
667 4664 696 4712 Μ
815 4678 913 4713 nunuos
934 4664 955 4710 Τ
1088 4661 1114 4712 11
1137 4675 1177 4711 oro
1194 4676 1243 4711 em.
1266 4661 1291 4710 Μ
1421 4659 1554 4728 perpetuo]
1572 4663 1651 4724 prlmo
1670 4661 1697 4709 M
1825 4664 1921 4712 lubetls
1941 4663 1970 4727 Τ,
1991 4667 2100 4714 lubeatis
2119 4666 2145 4713 M

522 4748 552 4800 12
570 4751 613 4798 sed
632 4763 680 4799 om.
699 4750 726 4797 M
828 4753 895 4799 enlm
914 4751 962 4799 slbl
980 4755 1008 4797 et
1027 4748 1084 4810 TM,
1106 4750 1173 4798 eutm
1191 4754 1219 4797 et
1236 4747 1262 4797 Γ
1365 4747 1395 4798 13
1414 4754 1443 4797 ut
1460 4750 1540 4811 aliqui
1560 4746 1640 4809 TMI',
1661 4750 1766 4810 supple:
1785 4750 1891 4798 multum
1910 4752 1978 4799 enlm
1997 4753 2047 4801 slhl
2065 4754 2143 4802 lieen-

520 4837 570 4885 ttae
589 4844 712 4900 usurpent
729 4844 756 4886 et
773 4840 841 4886 luter
858 4838 968 4898 eognitos
987 4849 1087 4897 semper
1104 4836 1166 4885 dure
1182 4836 1323 4885 sonstantle
1341 4841 1388 4884 est.
1426 4835 1500 4897 quid,
1527 4835 1593 4897 quod
1611 4835 1762 4897 plerumque
1779 4838 1881 4897 euenit,
1905 4842 1934 4884 ut
1952 4836 2009 4885 sllls
2027 4838 2143 4900 obsequie

519 4929 645 4985 praestare
662 4924 742 4985 ellqul
760 4923 846 4984 longae
864 4923 991 4985 potentiue
1008 4936 1057 4971 usu
1075 4924 1124 4971 lern
1144 4923 1276 4971 nesolaut‘l
1293 4922 1332 4970 uel
1350 4922 1429 4971 struite
1447 4920 1506 4984 quid
1644 4922 1717 4982 longo
1736 4920 1763 4970 Γ
1897 4920 1926 4971 ll
1946 4926 2066 4973 uesotunt
2085 4924 2113 4971 M

520 5005 655 5075 dederunt]
674 5008 704 5070 Γ,
724 5009 831 5058 deerunt
851 5009 902 5057 TM
1007 5007 1038 5056 15
1057 5010 1166 5057 nominis
1184 5006 1211 5057 Γ
1311 5006 1342 5057 16
1360 5021 1513 5057 communem
1531 5007 1560 5055 M
1664 5007 1694 5056 17
1713 5004 1838 5074 tudlourn]
1857 5007 1891 5068 M,
1911 5009 2035 5058 tndtolunr
2057 5008 2105 5058 l'I'
2216 5000 2221 5008 “

607 5096 627 5141 Α
648 5115 680 5138 =
699 5108 830 5145 muscosos
847 5095 960 5144 codicum
977 5094 1214 5153 Ambrosionorumf
1238 5094 1271 5142 Α1
1290 5114 1323 5139 ι
1342 5094 1394 5145 sod.
1415 5095 1548 5143 Vaticanus
1566 5095 1616 5144 986
1634 5108 1655 5143 s.
1679 5094 1831 5148 ΜΙΙΜ-Χς
1852 5091 1886 5141 Al
1905 5115 1936 5137 =
1955 5095 2010 5144 cod.
2030 5097 2057 5146 S.
2079 5096 2141 5145 Gau.

522 5183 554 5230 94
573 5196 593 5230 s.
621 5182 700 5228 Vim
836 5183 930 5244 tuolptt
953 5182 1042 5230 relatio
1065 5183 1201 5241 symmachi
1230 5182 1368 5242 (simmachi
1387 5180 1431 5242 M)
1458 5181 1580 5241 preelecti
1604 5182 1677 5230 urbis
1700 5194 1781 5230 romae
1803 5182 1839 5243 A,
1867 5181 1898 5229 de
1920 5182 2032 5231 idolatrie
2055 5184 2143 5231 delen·

521 5266 604 5315 dende
624 5266 653 5330 Τ,
673 5281 722 5318 om.
743 5267 772 5315 M
918 5267 949 5318 19
967 5280 1015 5317 om.
1036 5268 1068 5329 A,
1089 5268 1103 5315 d
1122 5280 1168 5317 out.
1192 5267 1227 5329 M,
1248 5268 1307 5316 ddd.
1329 5281 1391 5318 nnn.
1413 5267 1590 5315 Valentiniano
1608 5266 1746 5316 Theodosio
1763 5272 1789 5315 et
1806 5268 1912 5316 Aroedio
1930 5281 2029 5330 semper
2045 5271 2141 5329 nagge.

523 5351 604 5417 Meyer
625 5359 696 5415 recte,
723 5354 765 5403 sed
787 5354 823 5415 es.
843 5370 869 5416 p.
890 5353 948 5415 279,
970 5352 984 5401 ⁷
1119 5352 1152 5402 20
1171 5358 1285 5403 sonetum
1305 5351 1340 5402 Α2
1470 5352 1499 5402 21
1522 5360 1548 5401 et
1566 5354 1727 5415 appuluolhus
1747 5352 1775 5400 M
1895 5353 1927 5402 22
1946 5355 2094 5403 auotoritate
2111 5355 2143 5402 Α1

522 5437 554 5489 23
573 5439 719 5501 deneganda
739 5441 768 5502 Τ,
789 5442 960 5502 denegandam
981 5440 1008 5487 M
1129 5438 1162 5488 ut
1179 5442 1241 5503 qula
1259 5454 1308 5489 uon
1326 5467 1361 5477 -
1378 5441 1493 5488 defutura
1511 5452 1560 5488 om.
1580 5438 1614 5488 Α1
1731 5442 1817 5488 tutore
1836 5438 1864 5486 M
1984 5441 2079 5489 domtnl
2097 5442 2143 5489 lm·

522 5532 646 5588 peratoree
665 5527 838 5577 urleuttniane
856 5528 967 5576 theodosi
986 5533 1014 5575 et
1031 5527 1129 5575 arehedt
1149 5527 1232 5577 lnolltl
1253 5526 1360 5589 (tuollytl
1376 5524 1420 5588 All
1441 5527 1548 5576 uletores
1565 5540 1594 5574 ee
1612 5526 1782 5574 triumtstores
1801 5539 1900 5588 semper
1918 5528 2018 5585 eugnstt
2040 5527 2142 5583 Aescu,

522 5611 564 5660 sed
580 5611 616 5672 es.
634 5628 660 5674 p.
682 5612 741 5675 279,
763 5613 776 5661 7
901 5613 934 5662 ld
952 5609 1064 5679 publiea]
1082 5627 1108 5674 p.
1131 5612 1157 5661 M
1259 5627 1395 5676 prosequar
1413 5612 1447 5675 M,
1468 5625 1604 5674 persequor
1624 5611 1645 5658 Τ
1760 5611 1793 5661 26
1812 5613 1898 5661 uultus
1917 5609 1952 5660 Α1
2056 5614 2144 5675 uolup-

523 5702 603 5747 tatum
623 5699 652 5747 M
770 5700 884 5749 homiues
901 5700 1003 5749 eredere
1022 5698 1057 5762 M,
1078 5699 1177 5749 erodere
1195 5701 1320 5749 hominem
1340 5700 1382 5761 M,
1403 5701 1504 5748 erodere
1524 5695 1558 5746 Al
1682 5698 1714 5746 li
1735 5702 1931 5762 praeperestrare
1951 5697 1972 5745 Τ
2095 5713 2145 5747 ms·

523 5798 570 5832 nus
589 5784 624 5843 M,
645 5788 723 5848 mugls
743 5785 764 5832 Τ
