4722 6470
529 479 715 545 CLXXXII
1061 478 1327 535 CHRONOLOGIA
1345 476 1631 535 SYMMACHIANA.

528 701 713 786 praefectus
743 703 903 789 praetorio
925 703 1041 771 Italiae
1064 703 1192 787 legibus
1214 702 1443 787 praescribitur
1463 702 1539 768 inde
1561 723 1582 767 a
1603 701 1636 768 d.
1662 704 1704 767 26
1726 701 1821 768 Febr.
1847 722 1877 768 a.
1905 705 1967 767 428
1990 722 2096 786 usquc
2120 703 2166 769 ad

528 821 944 908 dumamQ

614 942 691 1009 XVI
713 944 885 1010 Caecinam
901 942 1276 1027 6565561615555111),
1296 943 1447 1027 adquam
1465 942 1650 1028 Symmachi
1665 942 1824 1029 epistulae
1840 943 1900 1008 VH
1916 946 1956 1007 35
1973 962 2043 1028 sqq.
2063 951 2098 1010 et
2112 944 2163 1009 IX

530 1066 589 1126 103
619 1063 757 1148 scriptae
780 1072 871 1144 sunt,
905 1063 1085 1130 Macrobius
1108 1064 1241 1130 alterius
1264 1064 1367 1130 exiis
1389 1063 1531 1143 Albinia,
1566 1082 1645 1147 quos
1667 1063 1864 1129 Praetextati
1889 1063 2034 1131 convivio
2057 1064 2163 1130 inter-

525 1182 625 1249 fuisse
653 1184 760 1268 65511,
794 1184 895 1250 filiam
926 1184 1005 1249 dicit
1031 1183 1117 1268 (adn.
1143 1187 1237 1268 881),
1270 1205 1374 1268 neque
1397 1184 1529 1249 nomina
1550 1184 1621 1250 eius
1643 1182 1790 1249 dubitare
1812 1203 1870 1249 nos
1893 1183 2015 1265 sinunt,
2051 1192 2160 1250 utrum

525 1303 638 1368 Rufius
666 1325 708 1369 an
732 1306 873 1372 Caecina
901 1304 1141 1388 intellegendus
1168 1304 1220 1370 sit.
1268 1305 1416 1387 quamvis
1445 1304 1590 1370 homiues
1616 1324 1735 1388 genere
1758 1305 1919 1370 senatorio
1940 1305 2000 1369 orti
2023 1308 2159 1372 saeculo

524 1430 637 1505 quarto
659 1424 806 1490 militiam
829 1432 985 1491 armatam
1009 1444 1179 1509 capessere
1201 1445 1264 1490 uon
1287 1425 1442 1505 solerent,
1470 1424 1589 1490 Decius
1611 1432 1720 1490 tamen
1742 1427 1797 1487 615
1821 1435 1964 1488 versatas
1988 1429 2020 1488 15
2042 1432 2158 1490 castris

528 1544 612 1627 (187,
642 1547 690 1625 12)
718 1552 802 1625 erat,
836 1565 901 1628 qua
929 1565 964 1611 re
992 1543 1151 1611 adductus
1173 1544 1208 1608 in
1229 1543 1335 1609 officio
1357 1543 1465 1627 aliquo
1487 1544 1575 1609 civili
1596 1544 1788 1610 militantem
1811 1582 1854 1593 —·
1876 1544 1917 1611 dc
1938 1545 2072 1611 notariis
2095 1567 2156 1632 po

521 1663 681 1730 tissimum
712 1664 845 1748 cogitari
874 1670 981 1749 potest
1009 1702 1052 1712 —
1082 1664 1268 1731 Stilichonis
1297 1684 1370 1729 cum
1400 1664 1623 1748 expeditiones
1645 1665 1827 1731 comitatum
1851 1684 1924 1731 esse
1946 1665 2164 1732 crediderim.

523 1790 648 1850 aestate
671 1805 702 1849 a.
729 1787 790 1850 398
815 1785 1012 1869 Campaniae
1034 1784 1344 1850 administrationem
1367 1783 1516 1868 deposuit
1524 1786 1595 1865 ⁹²⁹),
1630 1804 1734 1867 neque
1764 1791 1872 1850 tamen
1894 1805 1981 1851 more
2004 1787 2155 1853 sollemni

522 1904 683 1969 consulari
711 1905 781 1970 iure
811 1905 1009 1989 provinciam
1039 1911 1182 1987 rexerat,
1221 1905 1280 1971 sed
1310 1903 1467 1988 dignitate
1494 1910 1591 1969 aucta
1619 1904 1817 1988 proconsulis
1847 1905 1939 1970 titulo
1969 1924 2048 1971 usus
2079 1927 2153 1973 esse

520 2022 658 2089 videtur.
705 2045 780 2089 narn
811 2045 881 2090 cum
912 2032 1037 2091 aestate
1064 2046 1095 2091 a.
1130 2027 1252 2108 397131)
1287 2023 1321 2089 15
1350 2024 1548 2109 provinciam
1576 2023 1843 2109 proficisceretur,
1882 2025 1931 2090 vir
1960 2027 2152 2111 spectabilis

520 2151 590 2208 erat
616 2147 699 2227 1159,
727 2147 798 2227 33),
835 2151 867 2210 et
889 2145 1004 2210 seriem
1028 2144 1244 2212 consularium
1267 2143 1466 2228 Campaniae
1487 2143 1649 2209 interdum
1671 2144 1915 2228 proconsulibus
1936 2146 2150 2231 interruptam

519 2282 608 2346 csse,
643 2263 774 2330 Anicius
802 2264 988 2331 Auchenins
1016 2267 1137 2330 Bassus
1168 2264 1359 2330 documento
1388 2270 1450 2329 est.
1497 2284 1528 2327 v.
1553 2285 1585 2348 p.
1612 2264 1728 2330 XCIV.
1775 2272 1927 2331 autumno
1956 2273 2014 2331 aut
2043 2266 2149 2333 hicme

518 2404 549 2448 a.
576 2387 638 2448 398
666 2385 818 2450 honorem
850 2385 992 2467 aliquem
1021 2385 1055 2449 in
1077 2385 1155 2450 aula
1176 2366 1302 2470 accepit
1329 2383 1581 2466 (111145-47),
1607 2384 1662 2466 qni
1684 2384 1858 2450 secundum
1882 2384 2051 2467 dignitatis
2073 2407 2149 2470 gra-

516 2503 604 2587 dum,
630 2526 725 2587 quem
747 2513 815 2570 tum
837 2505 902 2570 iam
925 2505 1064 2590 adeptus
1082 2511 1162 2587 erat,
1188 2524 1254 2570 una
1268 2524 1309 2569 ex
1325 2509 1474 2585 quatuor
1489 2503 1646 2569 comitivis
1662 2503 1841 2570 illustribus
1858 2504 1960 2570 fuisse
1976 2504 2147 2589 65651131).

518 2625 645 2690 fuerunt
667 2631 774 2692 autem
798 2646 837 2690 eo
859 2633 1002 2711 tempore
1017 2624 1202 2690 Hadrianus
1221 2623 1377 2707 magister
1391 2623 1642 2706 officiatorum),
1669 2624 1848 2690 Minervius
1863 2644 1970 2691 comcs
1985 2645 2149 2693 sacrarum

518 2744 738 2828 largitionum,
771 2745 933 2810 Firminus
963 2764 1070 2810 comes
1099 2765 1205 2810 rerum
1228 2744 1424 2828 privatarum
1450 2744 1492 2828 (v.
1518 2766 1552 2829 p.
1577 2744 1729 2827 CXLIIJ;
1763 2745 1834 2809 sola
1854 2744 1953 2827 igitur
1974 2753 2149 2826 quaestura

516 2864 599 2929 sacri
630 2865 742 2949 palatii
771 2865 871 2930 Decio
901 2865 1093 2948 relinquitur
1101 2868 1167 2946 133).
1222 2884 1318 2947 quam
1346 2864 1450 2948 gessit
1480 2864 1594 2929 saltem
1626 2884 1727 2947 usque
1757 2863 1801 2929 ad
1830 2885 1861 2928 a.
1889 2867 1951 2928 399
1983 2865 2054 2947 (VII
2077 2868 2143 2948 48),

516 2983 651 3049 fortasse
674 2985 772 3051 etiam
795 3005 898 3068 usquc
920 2986 962 3050 ad
983 2984 1109 3050 initium
1133 3005 1165 3048 a.
1192 2987 1266 3066 461,
1301 3004 1363 3067 quo
1386 2985 1543 3050 Flaviano
1566 2984 1599 3048 in
1621 2983 1825 3069 praefectura
1846 2985 1969 3049 urbana
1991 2986 2148 3052 successit

519 3106 560 3187 (v.
579 3126 612 3190 p.
631 3105 831 3172 CLXXXIII
854 3105 1092 3189 51565842).
1141 3104 1260 3186 quoin
1284 3104 1473 3187 magistratu
1497 3105 1612 3169 Flavio
1633 3104 1795 3170 Macrobio
1819 3104 2019 3187 longiniano
2042 3106 2144 3170 locum

515 3224 605 3291 dedit
625 3226 709 3292 inter
731 3225 763 3291 d.
790 3231 810 3288 6
832 3225 911 3291 Dec.
938 3247 969 3290 a.
995 3226 1119 3307 412131)
1147 3233 1180 3290 et
1203 3243 1346 3290 mensem
1369 3225 1518 3290 Martium
1540 3245 1571 3289 5.
1598 3228 1737 3306 403111).

1174 3452 1480 3459 ——-··-——-.—-—-.-.

599 3628 1037 3738 3515Ρ6555511551515,
1064 3676 1139 3722 vere
1162 3677 1192 3721 a.
1219 3657 1292 3719 397.
1341 3676 1372 3719 v.
1398 3677 1429 3739 p.
1456 3655 1556 3720 LXV.

599 3780 640 3840 36
663 3776 876 3861 Symmachus
898 3776 1067 3860 Neapolim
1091 3776 1239 3842 aditurus
1262 3781 1321 3855 est,
1348 3796 1391 3839 m.
1417 3773 1549 3841 Octobri
1571 3796 1602 3839 a.
1630 3778 1704 3840 396.
1752 3796 1784 3840 v.
1810 3797 1842 3860 p.
1868 3776 1971 3841 LXII.

599 3900 638 3960 37
662 3896 798 3962 Formiis
821 3895 908 3980 data,
934 3918 965 3961 a.
992 3900 1054 3961 394
1078 3899 1219 3962 551396
1242 3897 1395 3961 551397.
1437 3916 1474 3986 έν.
1500 3916 1533 3980 p.
1559 3894 1629 3959 LX.

599 4019 651 4081 38.
678 4022 730 4081 do.
757 4022 794 4080 41
827 4015 919 4083 Decii
941 4016 1062 4083 reditus
1086 4037 1127 4082 ex
1150 4015 1330 4101 Campania
1350 4016 1384 4080 in
1407 4015 1516 4080 urbem
1539 4020 1743 4100 expectatur3
1779 4014 1914 4097 milites,
1949 4016 2005 4099 qui
2027 4016 2138 4082 Gildo

511 4157 584 4202 nem
608 4137 803 4218 devicerant,
830 4138 926 4221 paulo
949 4143 1023 4202 ante
1047 4135 1277 4202 Mediolanium
1300 4136 1421 4201 reversi
1445 4142 1546 4216 erant,
1573 4156 1648 4201 vere
1670 4142 1727 4200 aut
1749 4141 1872 4201 aestate
1895 4155 1926 4200 a.
1953 4140 2027 4201 398.

598 4261 638 4321 39
662 4257 874 4341 Symmachus
904 4256 1101 4323 valetudinis
1131 4276 1230 4321 causa
1252 4257 1404 4321 Etruscos
1429 4275 1566 4342 vapores
1589 4255 1736 4321 aditurus
1759 4262 1843 4337 erat,
1878 4257 1937 4323 sed
1959 4257 2062 4323 turbis
2084 4278 2137 4322 ur-

595 4567 656 4631 927)
674 4570 707 4617 D.
728 4569 761 4619 26
779 4570 854 4618 Febr.
874 4585 897 4619 5.
918 4567 968 4619 428
992 4569 1051 4618 cod.
1072 4568 1165 4618 icod.
1186 4569 1234 4616 Vll
1256 4567 1301 4627 13,
1322 4568 1364 4619 22.
1409 4569 1434 4617 6.
1455 4567 1622 4618 27115655.
1643 4568 1693 4618 129
1718 4568 1778 4619 656.
1800 4569 1894 4617 Theou.
1915 4570 1927 4616 1
1948 4567 1994 4629 16,
2014 4569 2029 4618 8
2050 4570 2135 4631 -)-111

511 4653 534 4715 1,
555 4654 587 4702 35
607 4659 639 4716 -)-
657 4655 752 4715 11116,
772 4653 814 4703 32.
853 4655 878 4704 6.
902 4655 928 4705 11
951 4656 1009 4704 155.
1029 4670 1050 4706 5.
1071 4653 1121 4703 429
1140 4654 1199 4703 (156.
1222 4656 1284 4703 lust.
1304 4655 1316 4701 1
1338 4655 1379 4716 ll,
1399 4654 1414 4701 4
1434 4658 1466 4717 -)-
1485 4656 1522 4703 Xi
1542 4654 1584 4718 71,
1604 4656 1629 4705 6.

594 4737 655 4801 928)
675 4742 712 4789 De
731 4741 874 4789 nominibus
891 4742 947 4788 eius
966 4757 989 4789 r.
1010 4742 1069 4790 565.
1090 4739 1150 4790 882.

594 4825 652 4887 929)
676 4825 734 4890 188,
755 4827 770 4875 3
796 4827 942 4875 iamdudum
965 4830 1052 4875 55515
1073 4827 1216 4889 55611515
1239 4826 1367 4875 absolutas
1390 4828 1494 4888 55155555
1512 4831 1558 4876 1155
1574 4831 1658 4888 551155
1675 4842 1750 4889 puram
1766 4830 1884 4888 5515515115
1902 4829 2042 4876 litteratam
2060 4831 2136 4877 155155

506 4915 643 4961 5551555555
661 4912 784 4961 65665515
802 4912 913 4961 65651511.
951 4929 1011 4962 aum
1029 4918 1050 4962 51
1068 4913 1245 4962 116155151565
1264 4928 1292 4961 55
1310 4916 1429 4961 55515565
1447 4916 1565 4977 suppetit,
1593 4913 1653 4975 5516
1670 4928 1758 4961 555555
1777 4929 1826 4962 esse
1844 4914 1938 4974 615555,
1960 4913 2136 4975 5556615151

510 4999 684 5060 Composito
702 4999 853 5047 6555555151

593 5084 653 5147 930)
675 5086 796 5133 Decessor
819 5088 876 5135 eius
900 5086 1026 5134 Gracchus
1048 5090 1251 5133 commemoratur
1275 5087 1299 5133 6.
1321 5085 1430 5134 241651.
1451 5100 1473 5133 a.
1495 5083 1544 5134 397
1570 5086 1629 5135 Cori.
1650 5085 1744 5133 Theod.
1765 5086 1828 5132 XIV
1848 5087 1872 5146 7,
1896 5087 1918 5135 l.
1955 5089 1987 5136 ci.
2016 5101 2080 5148 quae
2104 5087 2134 5135 56

506 5172 582 5233 epist.
602 5171 638 5219 VI
658 5170 690 5220 23
709 5172 763 5219 dixi
782 5187 807 5234 p.
829 5172 944 5221 CLXIV.

592 5255 652 5318 931)
673 5257 711 5306 61.
736 5255 792 5318 196,
815 5257 829 5305 7
848 5260 889 5306 551
907 5258 997 5305 adierit
1015 5257 1112 5306 6555515
1130 5259 1167 5305 151
1185 5256 1286 5319 crudas,
1307 5263 1336 5305 51
1354 5272 1416 5319 quae
1432 5272 1478 5318 555
1495 5271 1523 5305 eo
1540 5259 1601 5305 55115
1619 5256 1697 5320 65655,
1715 5271 1786 5319 porse
1804 5263 1827 5306 15
1844 5272 1896 5307 555
1913 5272 1994 5319 55555.

591 5342 650 5404 932)
672 5344 730 5392 Cod.
753 5344 845 5392 Theod.
868 5343 963 5407 11126,
987 5344 1015 5393 11
1036 5344 1093 5391 6515
1110 5344 1135 5392 6.
1157 5344 1240 5391 5151.
1263 5358 1286 5392 a.
1307 5344 1371 5403 397,
1394 5346 1453 5392 856.
1475 5344 1570 5394 Γ16556.
1592 5342 1689 5405 11127,
1712 5342 1739 5392 11
1761 5343 1860 5391 datad.
1886 5343 1916 5392 16
1934 5345 2007 5394 61551.
2028 5361 2050 5395 5.
2073 5344 2131 5393 399.

590 5428 647 5491 933)
671 5430 709 5478 Cf.
732 5429 790 5492 196,
811 5429 843 5479 22
861 5434 952 5489 5555111
970 5435 1054 5478 cotem
1071 5444 1149 5490 55555
1167 5429 1197 5477 65
1214 5429 1367 5478 humanitate
1385 5432 1478 5479 saccali
1496 5435 1618 5491 exspectnt
1636 5432 1769 5490 55511155,
1788 5433 1860 5477 55155
1878 5433 1987 5492 quadam
2003 5432 2134 5479 obtutibus

504 5519 554 5564 1515
570 5530 701 5575 precam
718 5517 865 5566 15511555
880 5515 1011 5578 pandetur.
1040 5516 1098 5565 Not.
1120 5517 1194 5575 Dign.
1217 5516 1258 5564 Or.
1278 5516 1349 5576 Xll;
1369 5516 1413 5565 Oc.
1433 5517 1457 5563 X
1475 5517 1520 5564 556
1539 5516 1698 5577 615555111555
1715 5519 1763 5563 5151
1781 5518 1884 5564 61551515
1903 5520 2054 5578 sanatoris:
2073 5518 2133 5577 15555

503 5601 643 5662 dictandus,
662 5616 778 5662 555555.

589 5687 648 5749 934)
669 5688 729 5737 Cod.
751 5688 845 5737 Theoti.
868 5688 915 5736 VII
937 5685 977 5748 13,
999 5686 1039 5735 15.

588 5772 648 5834 936)
669 5789 693 5822 v.
713 5775 742 5821 56
762 5775 836 5835 aptat.
859 5775 903 5820 Vll
922 5772 1051 5821 93-161,
