4736 6478
960 505 1073 560 LIBER
1091 504 1139 559 VI.

795 867 937 932 XXVIII
961 867 1139 949 (XXVIIII)
1174 887 1205 931 a.
1226 870 1300 931 397.

691 1022 952 1089 simulacflvs
979 1021 1243 1088 NIOOMACHIS
1267 1022 1403 1087 FILlIS.
1887 1024 1952 1086 PF

320 1198 356 1263 Si
386 1197 464 1280 qnid
495 1196 617 1262 homini
638 1203 740 1262 tutum
764 1203 829 1276 est,
863 1196 897 1259 ln
920 1214 1009 1279 spem
1032 1194 1119 1260 vitae
1142 1193 1263 1260 redisse
1287 1216 1338 1260 me
1361 1195 1471 1261 mundo
1493 1203 1566 1280 post
1588 1195 1784 1261 intemorum
1809 1194 1866 1260 do-

233 1303 345 1382 lorem,
372 1300 426 1383 qui
450 1320 501 1365 me
524 1299 615 1365 vobis
637 1304 769 1384 repente
793 1299 1007 1363 subtraxerat.
1047 1297 1074 1362 si
1097 1297 1175 1381 quid
1198 1298 1297 1381 igitur
1318 1298 1409 1363 vobis
1432 1317 1582 1382 asperum
1605 1297 1712 1364 famae
1736 1298 1867 1364 licentia

202 1425 215 1464 s
234 1402 410 1484 nuntiavit,
441 1403 587 1485 antiquet
609 1401 739 1468 oblivio.
785 1399 958 1487 praecipue
982 1407 1089 1466 autem
1113 1400 1153 1466 de
1177 1402 1267 1467 vobis
1290 1400 1494 1486 impetratum
1518 1403 1607 1483 volo,
1634 1423 1675 1468 ne
1698 1402 1867 1488 inprovida

234 1506 452 1573 sollicitudine
475 1506 661 1587 recurratis;
696 1505 756 1572 sed
778 1504 855 1588 quia
877 1524 929 1570 res
952 1523 1047 1569 versa
1069 1510 1119 1569 est
1141 1505 1183 1570 ad
1207 1505 1362 1586 salutem,
1395 1504 1488 1570 iustis
1510 1504 1634 1570 itineris
1657 1505 1867 1573 dimensioni-

234 1612 294 1677 bus
319 1609 479 1676 communi
501 1607 661 1676 desiderio
685 1608 872 1675 satisfacere
896 1607 1086 1692 dignemini.

817 1884 975 1949 xxvrm
996 1883 1111 1965 (xxx)
1147 1906 1177 1949 a.
1198 1888 1282 1949 aava

693 2040 954 2107 sumuscnvs
980 2039 1246 2106 nrcouacms
1268 2040 1422 2104 smus..
1889 2039 1922 2100 r>

175 2236 214 2289 ,¹⁰
324 2214 490 2280 Dicendae
512 2214 605 2279 vobis
629 2214 744 2279 salutis
766 2211 891 2278 occasio
914 2218 947 2277 et
967 2212 1155 2294 quaerenda
1177 2218 1227 2276 est
1249 2209 1326 2276 mihi
1351 2230 1468 2297 saepe,
1496 2213 1522 2278 si
1547 2213 1647 2291 desit,
1674 2220 1706 2278 et
1727 2215 1869 2298 amplec-

236 2318 346 2399 tenda,
376 2318 404 2383 si
426 2324 554 2402 praesto
578 2316 627 2395 sit,
655 2337 693 2382 eo
716 2315 855 2380 maxime
879 2321 1032 2400 tempore,
1057 2335 1120 2398 quo
1144 2315 1185 2381 de
1207 2314 1294 2379 filiae
1316 2335 1408 2381 meae
1431 2316 1569 2381 sanitate
1589 2315 1751 2396 sollicitor,
1779 2316 1869 2381 cuius

236 2421 457 2487 valetudinem
488 2420 583 2486 credo
614 2420 711 2485 etiam
741 2417 870 2484 ieiuniis
901 2417 1088 2483 sauciatam.
1136 2416 1295 2483 absolvite
1324 2417 1425 2500 igitur
1449 2425 1570 2484 metum
1592 2424 1735 2484 nostrum
1758 2418 1869 2484 nuntio

236 2543 476 2609 prosperorum.
523 2522 604 2588 mihi
632 2523 729 2589 etiam
758 2541 844 2587 nunc
873 2540 1003 2604 gressus
1033 2521 1178 2586 infirmus
1201 2528 1267 2603 est,
1301 2520 1359 2587 sed
1382 2521 1411 2587 si
1433 2528 1542 2607 optata
1564 2521 1604 2587 de
1627 2523 1718 2588 vobis
1740 2530 1868 2588 mutuus

235 2646 341 2693 sermo
365 2627 543 2712 pertulerit,
569 2626 715 2712 protinus
738 2624 877 2709 eorporis
899 2625 963 2690 mei
985 2625 1130 2708 querella
1152 2623 1327 2690 sedabitur.
1367 2646 1431 2691 non
1453 2625 1615 2691 omiserim
1637 2624 1771 2708 iungere
1793 2625 1908 2691 lruic2

188 2752 217 2791 rs
236 2730 395 2816 paginae,
429 2729 516 2813 quod
537 2730 764 2796 Martinianum
795 2728 963 2794 conventio
991 2727 1151 2794 iudicialis
1174 2727 1344 2813 expulerit.
1391 2728 1442 2794 cui
1464 2735 1574 2794 tantus
1596 2734 1697 2794 terror
1717 2727 1867 2794 incussus

234 2841 284 2899 est
312 2835 353 2899 ob
386 2834 537 2899 omIssam
568 2833 625 2899 diu
655 2832 698 2898 ad
720 2832 846 2897 Gallias
875 2830 1119 2916 profectionem,
1154 2838 1189 2897 ut
1217 2830 1247 2896 ei
1271 2850 1404 2897 necesse
1427 2830 1523 2898 fucrit
1544 2831 1732 2916 praevenire
1753 2831 1867 2898 itinere

234 2937 366 3022 privato
384 2936 589 3002 exhibitionis
611 2935 771 3001 iniuriam.
814 2934 855 3001 de
869 2935 1020 3000 Atellano
1042 2934 1121 3016 quid
1142 2934 1212 3000 fieri
1226 2934 1375 3017 velimus,
1402 2933 1505 3001 amico
1520 2934 1752 3001 interveniente
1766 2954 1867 3017 quae-

235 3040 310 3106 sivit
340 3039 476 3105 auditor.
523 3039 674 3124 respondi
703 3046 776 3122 post
806 3037 956 3104 iudicium
986 3037 1163 3103 sacerdotis
1194 3037 1295 3102 solam
1326 3056 1378 3104 me
1400 3042 1571 3123 expectare
1593 3036 1768 3102 vindictam
1791 3057 1867 3103 con-

235 3142 334 3209 flatae
356 3163 459 3227 nuper
480 3141 632 3207 invidiae.
681 3141 889 3207 nihilominus
912 3141 945 3205 in
969 3140 1134 3206 arbitrium
1157 3149 1247 3207 tuum
1269 3141 1442 3208 statuenda
1462 3140 1571 3207 reieci.
1610 3160 1732 3223 quaeso
1753 3141 1863 3224 igitur,
1890 3144 1908 3201 3

188 3253 271 3312 mut
292 3247 376 3311 inter
398 3246 551 3311 feriarum
574 3265 695 3325 moras,
722 3242 800 3328 quid
823 3243 908 3309 facto
932 3264 1013 3328 opus
1036 3244 1092 3325 sit,
1118 3242 1262 3327 digneris
1284 3244 1421 3328 aperire,
1448 3244 1608 3329 simulque
1629 3243 1761 3327 cogites,
1789 3264 1866 3309 con-

235 3357 286 3415 tra
316 3348 528 3414 interventum
560 3355 606 3413 tot
627 3348 807 3413 antistitum
830 3347 908 3431 quid
931 3347 1032 3431 possit
1053 3347 1159 3430 magis
1182 3367 1278 3430 quam
1301 3346 1379 3430 quid
1400 3347 1517 3413 debeat
1538 3347 1713 3433 impetrari.
1760 3367 1865 3430 neque

236 3453 321 3518 enim
352 3451 495 3518 iustitiae
527 3460 559 3518 et
586 3450 788 3516 innocentiae
819 3449 938 3516 deferri
967 3449 1140 3535 plurimum
1162 3457 1281 3534 potest,
1316 3450 1476 3516 cumillis
1499 3450 1866 3535 reverendareligionis

235 3555 415 3641 opponitur.

844 3829 943 3894 xxx
964 3828 1096 3911 (xxxx)
1129 3850 1160 3894 a.
1180 3831 1253 3894 sos.

188 4006 216 4047 a
691 3984 952 4051 sruunsuvs
975 3983 1244 4051 maculosis
1267 3985 1405 4051 vlnus.

320 4159 494 4241 Postquam
524 4156 706 4222 ‹limisImus
736 4177 889 4242 puerum,
922 4157 1042 4222 multus
1071 4176 1178 4221 rumor
1206 4156 1394 4236 increbruit,
1429 4158 1631 4224 sanctitatem
1654 4166 1741 4224 tuam
1763 4159 1864 4225 sacris

235 4261 349 4328 litteris
372 4260 582 4340 evocandam,
607 4260 654 4325 ita
676 4267 711 4326 ut
732 4260 829 4326 etiam
853 4279 969 4324 nomen
993 4259 1140 4325 Gratiani
1161 4259 1340 4331 cuiusdam,
1367 4261 1422 4342 qui
1445 4260 1627 4327 huiusmodi
1649 4261 1769 4347 scripta
1791 4283 1864 4348 per-

234 4364 357 4430 laturus
380 4361 556 4443 adseritur,
583 4363 617 4428 in
639 4363 768 4448 publico
791 4382 845 4429 ore
868 4370 1023 4429 versetur.
1071 4362 1131 4428 hoc
1152 4362 1214 4428 etsi
1237 4362 1343 4428 adhuc
1365 4362 1445 4428 mihi
1467 4363 1623 4429 incertum
1646 4363 1787 4444 videtur,
1812 4372 1863 4431 ta-

235 4467 369 4533 cendum
399 4474 507 4532 tamen
535 4485 699 4532 essenon
727 4466 860 4532 credidi.
908 4466 969 4532 erit
996 4485 1141 4531 summae
1170 4465 1349 4531 divinitatis
1380 4472 1520 4533 statuere
1548 4466 1634 4533 circa
1654 4488 1712 4533 vos
1734 4474 1767 4534 et
1788 4489 1863 4534 con-

188 4592 217 4632 so
236 4569 361 4636 firmare
383 4569 527 4636 ordinem
551 4590 785 4655 prosperorum.

897 4844 1009 4911 xxxr
1028 4844 1195 4929 (xxxm.

691 5000 951 5068 summnouvs
976 4999 1241 5068 moouscms
1262 4999 1403 5064 simus.
1884 5000 1949 5061 mv

320 5175 358 5238 V.
391 5193 419 5239 c.
453 5173 634 5258 Principius
664 5194 782 5256 genere
810 5180 843 5240 et
876 5173 1034 5258 probitate
1067 5174 1260 5256 conspicuus
1293 5173 1601 5238 commendationem
1634 5192 1697 5237 non
1730 5172 1864 5255 requirit

235 5278 392 5359 alienam,
429 5297 500 5342 cum
523 5277 570 5342 tui
593 5297 719 5360 quoque
742 5277 776 5341 in
799 5296 833 5344 se
856 5276 974 5343 amoris
996 5284 1092 5361 atque
1113 5276 1225 5342 iudicii
1248 5275 1430 5342 testimonio
1451 5275 1617 5357 glorietur.
1664 5274 1756 5340 cuius
1778 5275 1862 5340 bona

320 5556 403 5606 tom.
426 5557 448 5602 F
549 5554 737 5616 3reddlssei'
839 5554 1017 5619 laaperuli’

323 5643 352 5690 13
370 5640 566 5692 obtataPtm.
677 5636 974 5708 14m01](11),ser
1078 5640 1109 5690 16
1127 5640 1315 5702 praeueniril'
1414 5640 1445 5690 21
1466 5640 1630 5703 quole.

318 5728 350 5777 25
370 5741 508 5787 symmacus
527 5727 550 5774 P

320 5814 353 5862 32
370 5829 419 5862 om.
439 5813 463 5860 F
564 5813 596 5862 3³
617 5816 658 5862 uir
675 5814 811 5863 consularis
829 5814 979 5876 praecipuus
1000 5814 1021 5860 F

310 5915 336 5966 Q.
351 5914 464 5955 imarus
479 5914 628 5956 Srrrrracrrvs.
1619 5913 1649 5964 21
