4686 6472
489 474 593 538 LXVI
1107 471 1158 527 Du
1176 470 1373 526 SYMMAOHI
1392 468 1496 525 VITA.

574 700 737 765 lhcnrvu.
778 714 888 762 mense
918 695 1093 762 Februario
1122 717 1153 763 a.
1184 698 1259 760 402.
1305 716 1337 760 v.
1369 684 1597 760 Mediolanium
1629 697 1659 757 2.
1705 691 1866 774 integrum
1895 689 1995 773 igitur
2022 687 2119 772 Sym-

487 819 595 885 machi
617 817 816 884 itinerarium
837 817 913 883 inde
936 838 957 882 a
977 816 1127 883 Flaviani
1148 815 1279 882 maioris
1301 822 1402 882 morte
1424 815 1485 881 hoc
1506 814 1582 880 erit:

574 938 721 1021 Formiis,
746 945 899 1005 autumno
920 958 953 1003 a.
979 940 1053 1002 394.

574 1058 736 1141 Laurenti,
762 1066 915 1124 autumno
938 1077 969 1121 0.
996 1060 1070 1122 394.

574 1180 705 1261 Romae,
732 1178 881 1245 ahisme
903 1199 933 1244 a.
961 1181 1022 1243 394
1046 1178 1204 1262 usquein
1226 1185 1414 1244 autumnum
1436 1198 1467 1243 a.
1494 1168 1568 1241 395.

574 1301 613 1365 10
635 1301 819 1366 suburbano
841 1299 960 1382 aliquo,
988 1305 1140 1366 autumno
1162 1321 1194 1365 a.
1220 1302 1292 1364 395.

574 1421 705 1501 Romae,
731 1420 808 1486 inde
830 1440 851 1485 a
872 1421 905 1486 d.
933 1420 1077 1486 131100.
1104 1441 1134 1485 a.
1162 1423 1223 1486 395
1246 1420 1413 1486 0101000
1435 1416 1601 1502 usquead
1623 1435 1767 1482 mensem
1789 1412 1933 1498 Aprilem
1956 1433 1988 1478 a.
2015 1415 2089 1477 396.

575 1539 721 1620 Formiis,
749 1560 824 1605 vers
847 1561 878 1605 0.
904 1543 979 1606 396.

576 1659 697 1743 Cumis,
722 1660 876 1743 Puteolis,
902 1660 990 1745 Bais,
1016 1661 1139 1744 Baulis,
1165 1666 1289 1726 aestate
1312 1668 1345 1727 et
1365 1664 1518 1726 autumno
1541 1680 1572 1723 a.
1599 1659 1673 1721 396.

574 1780 724 1866 Neapoli,
751 1779 783 1845 d.
810 1785 850 1845 25
874 1787 907 1846 et
928 1783 969 1847 26
992 1781 1062 1848 Oct.
1088 1803 1119 1848 a.
1145 1784 1219 1847 396.

576 1903 717 1988 Capuae,
745 1902 874 1967 ultimos
897 1902 1043 1969 Octobris
1066 1903 1137 1969 diss
1159 1924 1191 1969 a.
1216 1907 1291 1968 396.

575 2024 615 2088 In
635 2023 750 2089 itinere
773 2023 886 2107 Oapua
907 2025 1052 2107 Romam,
1079 2044 1222 2090 mensem
1244 2021 1459 2089 Nouembrem
1481 2041 1513 2086 a.
1539 2022 1613 2086 396.

575 2143 706 2225 130000,
732 2143 808 2209 1010
830 2164 851 2208 0
873 2163 983 2209 mense
1006 2144 1176 2210 Decembri
1199 2165 1230 2209 a.
1257 2147 1319 2208 396
1342 2142 1506 2208 0101000
1530 2139 1697 2225 usquead
1720 2139 1927 2205 Februarium
1951 2158 1982 2203 a.
2012 2140 2086 2202 397.

576 2264 761 2346 Praeneste,
787 2283 863 2330 vere
885 2284 917 2329 0.
944 2266 1018 2329 397.

574 2384 705 2466 Tibure,
731 2404 807 2450 vere
830 2404 862 2449 a.
887 2387 961 2450 397.

574 2505 705 2587 Romae,
733 2524 844 2571 mense
866 2505 958 2570 Iunio
980 2525 1011 2570 a.
1038 2508 1111 2570 397.

573 2626 612 2690 10
634 2624 794 2691 Ostiensis
816 2625 890 2691 vias
912 2626 1058 2710 septimo,
1084 2631 1209 2691 aestate
1231 2644 1263 2690 a.
1288 2627 1363 2689 397.
1496 2620 1499 2623 ’

573 2744 706 2826 Fundis,
733 2764 844 2811 mense
866 2745 949 2811 Iulio
971 2764 1001 2810 a.
1028 2748 1102 2809 397.

573 2865 721 2945 Formiis,
746 2865 823 2932 inde
845 2885 866 2930 a
888 2864 921 2930 d.
947 2868 987 2930 28
1011 2865 1086 2931 Iulii
1109 2863 1276 2948 usquead
1299 2863 1331 2929 d.
1361 2869 1399 2928 15
1422 2862 1569 2930 Octobris
1591 2883 1622 2928 a.
1649 2865 1723 2927 397.

574 2985 705 3069 Romae,
732 3005 843 3051 mense
865 2985 995 3052 Octobri
1017 3007 1049 3051 a.
1075 2989 1149 3051 307.

575 3107 738 3188 Laurenti,
764 3126 876 3173 mense
898 3106 1026 3173 Octobri
1048 3113 1082 3172 et
1101 3106 1275 3172 Novembri
1296 3127 1327 3171 a.
1354 3108 1428 3171 397.

574 3228 704 3309 Romae,
730 3226 807 3293 inde
829 3248 850 3292 a
871 3247 981 3293 mense
1003 3227 1177 3293 Novembri
1199 3249 1229 3293 a.
1257 3230 1318 3291 397
1342 3246 1445 3310 usque
1467 3226 1509 3292 ad
1532 3245 1676 3292 mensem
1698 3226 1847 3291 Martium
1869 3244 1900 3289 a.
1926 3227 2002 3289 398.

575 3348 614 3412 10
636 3347 802 3432 Vaticano,
828 3367 939 3414 mense
961 3347 1076 3413 Martio
1098 3368 1129 3413 a.
1155 3350 1230 3413 398.

575 3467 671 3533 Modo
691 3467 812 3533 Romae
835 3468 930 3533 modo
951 3469 985 3532 in
1008 3467 1211 3551 suburbanis,
1237 3487 1348 3534 mense
1370 3467 1474 3553 Aprili
1495 3488 1527 3532 a.
1554 3469 1629 3532 398.

461 3674 464 3679 ⁴
575 3586 613 3651 In
636 3586 789 3671 Ostiensi,
815 3608 891 3654 vere
913 3610 944 3653 a.
971 3589 1044 3654 398.

576 3708 708 3792 Romae,
733 3707 809 3776 inde
831 3729 852 3774 a
874 3729 950 3776 vere
972 3730 1073 3794 usquc
1096 3710 1129 3775 in
1151 3717 1340 3776 autumnum
1363 3731 1395 3775 a.
1421 3713 1494 3774 398.

576 3826 697 3911 Ostiae,
723 3836 876 3896 autumno
898 3850 930 3895 a.
957 3832 1032 3895 398.

574 3948 707 4032 Romae,
733 3957 886 4016 autumno
907 3971 937 4015 a.
965 3952 1039 4015 398.

576 4069 614 4133 10
636 4070 811 4154 Arabiane,
837 4070 944 4137 hieme
967 4091 997 4135 a.
1025 4072 1100 4135 398.

578 4190 708 4271 Romae,
734 4190 853 4256 iudea
876 4191 981 4257 hiems
1004 4211 1035 4255 a.
1062 4193 1124 4256 398
1148 4210 1249 4275 usque
1271 4190 1314 4256 ad
1336 4191 1475 4258 hiemem
1497 4213 1529 4257 a.
1557 4193 1630 4255 399.

490 4334 493 4337 ·
576 4310 773 4394 Mediolanii,
799 4311 876 4378 inde
899 4333 920 4377 a
941 4331 1052 4378 mense
1075 4312 1244 4378 Decembri
1266 4334 1296 4377 a.
1316 4315 1379 4377 399
1401 4333 1503 4397 usque
1525 4311 1567 4378 ad
1590 4331 1732 4377 mensem
1754 4310 1965 4377 Februarium
1987 4332 2019 4376 a.
2039 4316 2113 4376 400.

577 4432 709 4515 Romae,
733 4431 812 4499 inde
833 4454 854 4498 a
876 4452 987 4500 mense
1009 4432 1124 4499 Martio
1146 4453 1176 4499 a.
1203 4438 1265 4498 400
1288 4454 1390 4518 usque
1412 4434 1455 4500 ad
1475 4434 1601 4500 initium
1625 4454 1655 4498 a.
1682 4436 1756 4497 402.

576 4550 692 4634 licini,
718 4571 829 4618 meuse
850 4553 1027 4618 Februario
1050 4574 1080 4618 a.
1107 4556 1181 4618 402.

577 4670 774 4755 Mediolanii,
799 4672 876 4738 inde
898 4694 919 4738 a
942 4673 973 4739 d.
1000 4677 1039 4737 24
1063 4673 1229 4738 Februarii
1251 4694 1281 4738 a.
1307 4676 1382 4738 402.

577 4792 709 4876 Romae,
734 4813 810 4859 vere
832 4813 864 4858 0.
889 4797 964 4858 402.

578 4912 638 4978 Η10
660 4912 815 4998 expositis
837 4934 942 4979 rerum
965 4920 1129 4997 gestarum
1152 4913 1296 4980 ordinem
1319 4935 1557 5000 persequemur.

578 5033 701 5118 Capitis
731 5034 902 5101 discrimen
932 5056 953 5100 a
974 5034 1160 5121 Symmachi
1182 5056 1302 5119 genero
1324 5035 1499 5103 Theodosii
1521 5036 1692 5103 clementia
1714 5042 1889 5118 averterat,
1924 5035 1984 5102 sed
2005 5036 2120 5120 gravia

491 5153 699 5220 nihilominus
729 5154 930 5222 incommoda
958 5157 1178 5223 remanebant.
1225 5156 1374 5238 quoniam
1399 5155 1485 5223 0010
1508 5156 1611 5223 00010
1633 5155 1841 5240 magistratus
1863 5162 1919 5221 aut
1941 5176 1962 5220 0
1982 5162 2119 5240 tyranrm

492 5274 630 5340 collatus
652 5281 709 5341 aut
731 5275 791 5340 sub
813 5282 950 5361 tyranno
972 5283 1094 5359 gestus·
1106 5296 1164 5361 pro
1186 5283 1340 5362 usurpato
1361 5276 1395 5341 10
1418 5275 1565 5343 fraudem
1587 5277 1633 5343 rei
1649 5276 1799 5362 publicae
1814 5275 2003 5356 habebatur,
2031 5296 2120 5342 emo-

493 5395 639 5461 lumenta
667 5395 737 5462 eius
765 5396 893 5462 nomine
923 5403 1059 5482 accepta
1087 5418 1108 5461 a
1137 5396 1215 5463 fisco
1244 5403 1280 5461 ut
1308 5396 1452 5463 indebita
1474 5397 1597 5482 reposci
1621 5398 1783 5479 solebant,
1817 5418 1858 5463 ea
1879 5401 2002 5479 autem,
2036 5416 2120 5479 quae

492 5516 670 5582 Flavianus
697 5516 881 5602 praefectus
907 5518 1066 5604 praetorio
1095 5537 1153 5602 per
1181 5537 1283 5582 annos
1311 5524 1377 5583 tres
1406 5525 1597 5584 consecutus
1626 5525 1711 5600 erat,
1746 5517 1788 5584 ad
1817 5524 1940 5583 tantam
1963 5536 2119 5583 summam

492 5644 707 5719 accreverant,
735 5643 770 5702 ut
791 5638 832 5703 ab
855 5637 1029 5705 heredibus
1052 5637 1128 5703 liliis
1150 5638 1287 5723 repetita
1308 5658 1376 5705 rem
1398 5637 1589 5705 familiarem
1606 5659 1716 5705 eorum
1732 5639 1759 5703 si
1774 5659 1838 5703 non
1853 5645 2007 5721 evertere,
2035 5644 2120 5704 certe

490 5756 683 5840 gravissimo
709 5755 826 5822 damno
849 5758 979 5825 afficere
1001 5757 1167 5825 deberent.
1214 5758 1426 5843 Symmachus
1447 5759 1546 5843 igitur
1568 5759 1609 5825 ds
1631 5780 1672 5825 ea
1693 5779 1729 5825 re
1750 5780 1782 5825 a.
1808 5762 1870 5824 395
1894 5759 1937 5825 ad
1959 5759 2118 5825 Florenti-
