4744 6476
482 438 545 499 330
1080 434 1276 491 SYMMACHI
1294 433 1507 491 ORATIONES

484 625 572 710 cipes
594 625 751 705 militare,
783 625 894 708 plures
920 625 1128 690 necessitates
1150 624 1296 690 laborum
1319 644 1510 709 essequam
1534 631 1728 710 sumptuum.
1776 626 1880 691 felicis
1903 626 2027 692 saeculi
2049 627 2112 692 ista

482 729 690 795 commoditas
720 736 770 795 est
798 728 955 811 obsequia
982 729 1108 812 utrique
1138 728 1247 794 iuncta
1276 729 1430 813 praebere
1457 735 1489 794 et
1510 729 1668 795 beneficia
1691 728 1797 794 divisa
1818 729 1996 814 percipere.
2044 749 2113 795 rue

481 832 628 907 demtum
658 839 725 911 est,
757 831 843 915 quod
870 831 1037 916 penditur,
1070 832 1146 915 quia
1175 832 1269 897 simul
1297 832 1437 915 sumitis,
1468 833 1721 917 amplissimum,
1754 832 1841 916 quod
1862 832 2001 916 geritur,
2037 833 2111 916 quia

418 940 458 1001 32
481 936 625 1001 certatim
656 937 751 1001 ambo
780 940 963 1021 praestatis.
1017 942 1135 1019 quanto
1164 935 1290 1020 parcior
1317 936 1415 1001 vestri
1444 936 1585 1002 numinis
1618 936 1724 1001 cultus
1753 941 1804 1001 est
1830 955 1927 1018 quam
1958 936 2107 1002 deorum!

479 1039 545 1104 illis
569 1039 698 1122 singula
720 1039 842 1124 templa
865 1036 1040 1104 fundantur
1061 1043 1095 1103 et
1116 1057 1176 1102 sua
1198 1037 1313 1120 cuique
1336 1038 1483 1104 locantur
1504 1039 1632 1105 altaria.
1680 1037 1772 1118 iude,
1806 1044 1842 1103 ut
1863 1038 2014 1120 arbitror,
2042 1060 2145 1104 mac

479 1143 608 1208 luerunt
636 1141 783 1226 dispares
813 1142 903 1224 ritus,
936 1161 978 1206 ne
1005 1141 1040 1206 in
1067 1141 1260 1206 consortium
1290 1148 1494 1223 cogerentur:
1529 1141 1610 1206 nulli
1637 1162 1710 1209 cum
1732 1141 1832 1206 altero
1856 1141 1906 1207 fas
1929 1148 1980 1207 est
2001 1141 2109 1208 dicare

478 1245 641 1330 pulvinar3
668 1247 749 1310 bunc
764 1244 926 1330 Phrygius
941 1245 1076 1310 antistes
1092 1245 1208 1330 placat,
1234 1245 1319 1309 bunc
1335 1245 1497 1329 pontife13
1524 1245 1598 1310 illas
1618 1251 1728 1310 castae
1744 1251 1860 1310 matres
1876 1251 2007 1312 tuentur
2021 1267 2106 1323 aras,

478 1346 538 1413 has
567 1347 705 1413 infulata
727 1348 817 1430 virgo
846 1348 1001 1427 custodit3
1036 1354 1241 1433 sumpserunt
1269 1346 1399 1412 nomina
1426 1346 1555 1412 diversa
1580 1353 1626 1413 tut
1647 1347 1825 1440 flamines„
1840 1368 1882 1413 nc
1904 1358 2038 1433 possent
2059 1349 2110 1415 dis

479 1451 624 1536 pluribus
658 1470 730 1516 esse
764 1471 958 1517 communes.
1006 1451 1095 1536 ipsas
1122 1451 1277 1517 nobilium
1307 1450 1446 1517 divisere
1475 1458 1608 1534 gentes:
1647 1451 1794 1517 Pinarius
1821 1452 1978 1518 Hercules
2015 1473 2110 1518 occu-

478 1555 578 1638 pavit,
603 1554 704 1620 idaea
726 1561 829 1620 mater
851 1554 931 1637 legit
952 1554 1095 1639 hospites
1119 1554 1298 1639 Scipiones,
1324 1554 1471 1620 Veneriis
1499 1555 1600 1621 sacris
1623 1555 1780 1621 famulata
1802 1561 1852 1621 est
1874 1556 1988 1621 domus
2010 1557 2105 1622 Iulia.
2130 1578 2159 1618 ro

302 1676 375 1718 suar.
390 1690 412 1728 ρ.
426 1679 465 1721 aco
479 1659 588 1723 orbem
610 1677 715 1743 paene
737 1658 842 1743 ipsum
865 1663 1012 1742 sumptus
1035 1657 1163 1739 defecit,
1190 1658 1266 1741 quia
1288 1656 1404 1744 culltus
1425 1658 1571 1742 inplevit.
1611 1658 1709 1724 vestri
1732 1658 1857 1741 imperii
1872 1659 1984 1726 iuncta
1999 1659 2110 1744 fruga-

476 1760 551 1826 litas
575 1768 641 1842 est,
675 1761 813 1826 discreta
834 1765 1001 1841 mar'estas3
1035 1782 1134 1826 unum
1157 1761 1391 1844 quodammodo
1413 1762 1446 1826 in
1468 1762 1560 1828 vobis
1581 1769 1732 1847 putamus
1754 1782 1845 1844 esse,
1872 1763 1926 1847 qui
1949 1763 2100 1847 regimur,

476 1885 547 1929 cum
571 1864 651 1929 duos
674 1865 822 1945 sentiant,
849 1864 904 1949 qui
926 1865 1090 1931 resistunt.

1028 2140 1077 2204 Ill
1108 2141 1183 2207 hab.
1203 2140 1235 2206 d.
1256 2144 1296 2204 25
1314 2141 1409 2206 Febr.
1427 2162 1459 2206 a.
1479 2144 1551 2206 369.

872 2295 1091 2361 LAVDATIO
1115 2296 1162 2360 IN
1185 2296 1443 2362 GRATIANVM
1465 2296 1710 2361 AVGVSTVM.

1166 2473 1282 2533 Deserat
1300 2491 1413 2552 pauco.

563 2691 569 2706 .
598 2692 604 2704 .
635 2692 642 2706 .
671 2692 677 2704 .
711 2641 920 2706 sollemnibus
949 2642 1116 2726 copulare,
1152 2641 1210 2706 sed
1239 2641 1343 2725 prima
1359 2641 1451 2717 ,mihi
1481 2641 1659 2707 devotionis
1688 2661 1787 2707 causa
1816 2642 2004 2725 peragenda
2033 2650 2103 2709 est:

473 2745 578 2810 libens
600 2764 700 2809 aurea
722 2765 810 2811 sume
832 2745 1033 2825 munuscula,
1060 2744 1114 2827 qui
1137 2744 1217 2809 talia
1239 2751 1385 2828 tempora
1408 2745 1607 2829 praestitisti.

431 2855 450 2915 2
560 2848 658 2914 Salve
680 2847 754 2913 nooi
776 2847 898 2914 saeculi
921 2866 994 2931 spes
1017 2853 1148 2932 sperata
1170 2852 1202 2912 et
1224 2846 1257 2911 in
1280 2848 1402 2932 gremio
1418 2847 1629 2932 reipublicae
1644 2848 1777 2914 nutricis
1792 2849 1953 2929 adolesce,
1979 2848 2105 2914 laetitia

474 2953 701 3038 praesentium,
730 2952 885 3018 securitas
906 2958 1116 3036 posterorum.
1164 2971 1206 3015 an
1227 2971 1290 3035 ego
1313 2971 1436 3033 verear,
1464 2973 1504 3017 ne
1527 2952 1561 3016 in
1583 2952 1825 3019 adulescentem
1848 2945 2009 3036 gratiosus
2035 2953 2105 3017 exi-
2123 2973 2154 3014 ao

473 3057 593 3137 sumar,
621 3057 711 3122 cuius
735 3056 871 3140 primum
893 3060 944 3120 est
966 3054 1161 3139 stipendium
1184 3054 1406 3139 principatus?
1442 3056 1506 3120 tuis
1530 3062 1615 3121 certe
1636 3056 1790 3142 auspiciis
1806 3057 1905 3122 discis
1920 3056 2100 3141 imperium,

297 3178 369 3218 uuor.
384 3190 406 3230 p.
419 3161 477 3242 aar}
501 3166 533 3225 te
556 3160 681 3244 imperii
705 3159 912 3225 candidatum
935 3164 1011 3241 toga
1033 3158 1121 3242 picta
1144 3158 1283 3224 vestivit.
1332 3178 1434 3243 neque
1458 3159 1543 3224 enim
1566 3159 1658 3225 aliud
1680 3168 1851 3245 expectare
1873 3159 1937 3225 iam
1961 3168 2099 3244 poteras,

470 3262 530 3345 qui
547 3284 568 3327 a
588 3262 740 3347 perfectis
762 3261 936 3328 honoribus
957 3261 1145 3327 inchoabas.
1192 3261 1334 3326 vidimus
1356 3261 1389 3327 in
1416 3263 1506 3327 sellis
1537 3262 1701 3328 curulibus
1730 3284 1848 3329 novum
1878 3264 2003 3341 lumen,
2038 3263 2104 3328 cle-

468 3366 609 3431 mentiae
631 3365 782 3450 auspices
802 3367 989 3432 incruentas
1017 3384 1162 3446 secures,
1195 3365 1321 3431 virtutis
1351 3365 1459 3430 omina
1487 3366 1521 3431 in
1549 3365 1690 3431 fascibus
1720 3366 1892 3443 laureatis,
1926 3365 2103 3431 maiestatis

468 3469 636 3553 superium
658 3469 691 3533 iu
713 3468 829 3551 aquilis
851 3468 1040 3553 scipionum.
1082 3475 1157 3534 tunc
1179 3469 1316 3554 primum
1340 3468 1476 3534 forensis
1498 3468 1665 3548 industria,
1693 3469 1766 3553 lege
1788 3470 1949 3554 quondam
1966 3469 2103 3534 silentiis
2121 3488 2152 3529 rs

470 3572 655 3657 subiugata,
689 3572 809 3637 liberos
832 3573 941 3637 oculos
964 3572 1007 3637 ad
1028 3579 1118 3638 tuum
1141 3573 1281 3638 tribunal
1304 3573 1417 3638 erexit.
1466 3591 1538 3637 eum
1561 3571 1596 3636 in
1617 3572 1818 3656 amplissimo
1840 3574 2031 3656 magistratu
2054 3574 2104 3638 in-

471 3674 571 3741 lustre
590 3675 747 3760 'quiddam
771 3681 804 3741 et
825 3674 919 3740 dulce
940 3676 1124 3742 resonantia
1147 3676 1279 3742 decreta
1300 3676 1460 3757 sancires,
1494 3676 1603 3741 statim
1626 3675 1864 3757 intelleximus,
1898 3676 1942 3741 ad
1968 3677 2103 3743 honesta

470 3779 577 3844 officia
600 3778 787 3844 facundiam
810 3797 906 3863 possa
928 3799 1082 3861 remeare,
1110 3799 1206 3864 quam
1229 3779 1419 3847 videbamus
1442 3778 1476 3843 in
1500 3780 1643 3845 consule.

428 3889 446 3949 3
555 3882 616 3948 His
644 3881 687 3948 ad
714 3881 883 3966 imperium
915 3883 1017 3948 lectus
1045 3883 1200 3967 auspiciis
1234 3882 1494 3967 praerogativam
1528 3882 1670 3948 consulis
1702 3881 1746 3947 ad
1779 3882 1909 3949 comitia
1942 3904 2101 3968 purpurae

470 3985 626 4051 detulisti.
674 3991 773 4065 errat,
809 3985 956 4069 quisquis
982 3985 1016 4049 in
1046 3986 1106 4052 deu
1135 3992 1282 4052 recenset
1309 3993 1467 4052 aetatem:
1502 4007 1560 4070 pro
1590 3987 1721 4052 senibus
1750 4007 1831 4070 puer
1858 3986 2009 4068 dimicas,
2044 4007 2101 4072 pro
2119 4006 2149 4046 uc

469 4088 580 4154 liberis
602 4089 718 4154 nostris
741 4108 926 4172 aequaevus
948 4089 1094 4155 insudas.
1141 4097 1176 4155 tu
1198 4110 1313 4174 nempe
1336 4109 1388 4171 eu,
1415 4110 1511 4172 quem
1534 4110 1637 4175 paene
1660 4089 1884 4174 intempestive
1907 4092 2101 4175 putabamus

471 4192 623 4259 electum!

428 4304 447 4362 4
557 4294 742 4360 Omilitum
766 4296 893 4362 sincera
915 4296 1086 4379 suffragia!
1120 4296 1181 4362 scit
1203 4296 1347 4362 iudicare
1370 4295 1514 4361 devotio!
1551 4295 1697 4362 fortunae
1719 4296 1870 4381 publicae
1893 4294 1962 4376 fuit,
1991 4303 2027 4361 ut
2048 4295 2101 4379 qui

470 4405 632 4481 penuerat,
660 4400 805 4482 parciora
827 4399 1034 4483 promitteret,
1060 4400 1116 4483 qui
1138 4400 1276 4466 necdum
1300 4406 1463 4479 noverant,
1491 4399 1617 4464 felicius
1632 4398 1821 4464 iudicarent.
1861 4399 1933 4481 quis
1950 4419 2100 4481 umquam

470 4501 512 4566 de
533 4500 642 4567 indole
663 4502 755 4586 pueri
779 4522 849 4567 cum
873 4510 1006 4586 parente
1029 4503 1258 4569 contenderet?
1287 4510 1448 4569 ettamen
1471 4503 1592 4569 fiducia
1604 4522 1676 4567 ‘non
1699 4510 1812 4588 peccat
1833 4502 2012 4568 exercitus:
2043 4523 2100 4586 spe
2120 4522 2149 4563 ur

470 4604 592 4669 electus
614 4624 660 4686 es,
687 4625 723 4670 re
744 4605 910 4690 probatus.

559 4882 750 4932 lneeessltatis
854 4886 942 4934 felices
1046 4885 1280 4934 2commodltutest
1384 4885 1556 4948 dpraeatrtaa

556 4970 670 5019 luertrl
784 4969 987 5031 'inunctryglus
1100 4973 1184 5034 plagtt
1297 4975 1383 5022 matria
1498 4972 1569 5021 Stet
1587 4973 1688 5021 nomina
1706 4973 1807 5020 diuersa
1825 4969 1949 5019 Baehrens
2054 4971 2100 5018 da·

471 5057 546 5103 miuis
660 5057 690 5105 lu
709 5057 766 5106 idea
880 5057 908 5106 11
929 5071 994 5120 pene
1099 5058 1231 5120 frugalitas
1339 5058 1370 5108 12
1389 5062 1508 5119 magistus
1614 5057 1645 5107 13
1662 5063 1718 5118 post
1735 5071 1819 5106 cerm
1837 5056 1961 5115 tredecim,
1981 5058 2025 5117 qui
2041 5058 2101 5105 otuu

469 5143 567 5190 rubrica
590 5145 675 5204 miptt
697 5144 813 5205 fueraut,
840 5158 908 5194 uuae
932 5150 1015 5192 ccum
1031 5159 1170 5194 vacuorum
1188 5149 1267 5196 tactor
1283 5150 1354 5207 aaut,
1379 5151 1513 5209 commater
1530 5144 1682 5193 laudationis
1700 5147 1727 5193 iu
1748 5144 1898 5192 Gratianum
1913 5145 2011 5206 pomo,
2038 5158 2101 5205 quac

471 5233 611 5288 supeream,
631 5229 704 5278 uerbo

559 5314 590 5366 1⁸
609 5312 729 5382 sumelme

551 5392 590 5451 '19
609 5405 669 5452 nobi
773 5418 831 5466 spes
849 5401 959 5471 sperata]
978 5406 1088 5469 Cramer,
1108 5420 1165 5467 spes
1184 5411 1269 5469 parata
1288 5405 1420 5469 Heindorf,
1443 5410 1588 5469 rpesperata
1693 5419 1753 5467 ·r·p·
1871 5401 1904 5452 ld
1924 5398 2025 5468 uerear]
2043 5416 2096 5465 epo,

471 5501 558 5537 uereor
691 5490 722 5539 21
743 5492 901 5554 stependium
1041 5492 1074 5541 25
1093 5494 1227 5554 augurium
1245 5494 1271 5541 in
1291 5488 1394 5559 aquilla]
1416 5492 1475 5553 Mar,
1497 5490 1746 5555 aumumiualilquilis
1881 5485 2016 5555 industria]
2035 5488 2097 5547 aas,

471 5572 596 5640 inlusltric
700 5576 733 5626 28
751 5578 884 5626 uideamus
901 5592 964 5626 corr.
986 5582 1013 5626 in
1031 5580 1179 5628 uidebamus
1199 5584 1211 5627 l
1230 5595 1264 5630 m.

557 5661 590 5710 30
607 5663 635 5710 ln
654 5662 701 5710 deo
717 5661 844 5731 recenset]
861 5679 913 5725 epo,
934 5666 1077 5713 tdcoceuret
1181 5668 1303 5716 dimicans
1408 5666 1436 5715 ut
1459 5674 1497 5715 est
1601 5660 1806 5728 intempestiluae

557 5746 591 5796 34
609 5746 742 5816 genuerat]
762 5750 823 5811 Mai,
844 5756 962 5800 tenuerat
