<?xml version="1.0" encoding="UTF-8"?>
<!DOCTYPE html PUBLIC "-//W3C//DTD XHTML 1.0 Transitional//EN"
    "http://www.w3.org/TR/xhtml1/DTD/xhtml1-transitional.dtd">
<html xmlns="http://www.w3.org/1999/xhtml" xml:lang="en" lang="en">
 <head>
  <title>
</title>
<meta http-equiv="Content-Type" content="text/html;charset=utf-8" />
  <meta name='ocr-system' content='tesseract 3.04.00' />
  <meta name='ocr-capabilities' content='ocr_page ocr_carea ocr_par ocr_line ocrx_word'/>
</head>
<body>
  <div class='ocr_page' id='page_1' title='image "./qaureliisymmach00seecgoog_0407.png"; bbox 0 0 4716 6476; ppageno 0'>
   <div class='ocr_carea' id='block_1_1' title="bbox 1109 500 1535 575">
    <p class='ocr_par' dir='ltr' id='par_1_1' title="bbox 1109 500 1535 575">
     <span class='ocr_line' id='line_1_1' title="bbox 1109 500 1535 575; baseline 0 -16"><span class='ocrx_word' id='word_1_1' title='bbox 1109 503 1306 559; x_wconf 76' lang='lat' dir='ltr'>SYllblAllHI</span> <span class='ocrx_word' id='word_1_2' title='bbox 1324 500 1535 575; x_wconf 75' lang='lat' dir='ltr'>EPISTVLAE</span> 
     </span>
    </p>
   </div>
   <div class='ocr_carea' id='block_1_2' title="bbox 1110 865 1534 1086">
    <p class='ocr_par' dir='ltr' id='par_1_2' title="bbox 1110 865 1534 1086">
     <span class='ocr_line' id='line_1_2' title="bbox 1250 865 1390 930; baseline -0.007 0"><span class='ocrx_word' id='word_1_3' title='bbox 1250 865 1390 930; x_wconf 85' lang='lat' dir='ltr'>XXXX.</span> 
     </span>
     <span class='ocr_line' id='line_1_3' title="bbox 1110 1018 1534 1086; baseline -0.005 -1"><span class='ocrx_word' id='word_1_4' title='bbox 1110 1018 1370 1086; x_wconf 82' lang='lat' dir='ltr'><strong><em>SYMMACHVS</em></strong></span> <span class='ocrx_word' id='word_1_5' title='bbox 1393 1019 1534 1086; x_wconf 82' lang='lat' dir='ltr'>DEOIO.</span> 
     </span>
    </p>
   </div>
   <div class='ocr_carea' id='block_1_3' title="bbox 506 1191 2165 1796">
    <p class='ocr_par' dir='ltr' id='par_1_3' title="bbox 506 1191 2165 1796">
     <span class='ocr_line' id='line_1_4' title="bbox 592 1191 2132 1279; baseline -0.001 -19"><span class='ocrx_word' id='word_1_6' title='bbox 592 1195 784 1260; x_wconf 82' lang='lat' dir='ltr'>Iamdudum</span> <span class='ocrx_word' id='word_1_7' title='bbox 814 1195 898 1260; x_wconf 89' lang='lat' dir='ltr'>curis</span> <span class='ocrx_word' id='word_1_8' title='bbox 928 1194 1066 1279; x_wconf 90' lang='lat' dir='ltr'>publicis</span> <span class='ocrx_word' id='word_1_9' title='bbox 1095 1193 1261 1258; x_wconf 88' lang='lat' dir='ltr'>absolutus</span> <span class='ocrx_word' id='word_1_10' title='bbox 1283 1193 1428 1275; x_wconf 83' lang='lat' dir='ltr'>relegere</span> <span class='ocrx_word' id='word_1_11' title='bbox 1450 1191 1511 1257; x_wconf 86' lang='lat' dir='ltr'>iter</span> <span class='ocrx_word' id='word_1_12' title='bbox 1532 1191 1638 1276; x_wconf 88' lang='lat' dir='ltr'>potius</span> <span class='ocrx_word' id='word_1_13' title='bbox 1661 1212 1756 1275; x_wconf 90' lang='lat' dir='ltr'>quam</span> <span class='ocrx_word' id='word_1_14' title='bbox 1779 1192 1932 1277; x_wconf 80' lang='lat' dir='ltr'>auspiciis</span> <span class='ocrx_word' id='word_1_15' title='bbox 1955 1193 2132 1260; x_wconf 87' lang='lat' dir='ltr'>litterarum</span> 
     </span>
     <span class='ocr_line' id='line_1_5' title="bbox 507 1294 2132 1381; baseline -0.001 -18"><span class='ocrx_word' id='word_1_16' title='bbox 507 1298 608 1363; x_wconf 85' lang='lat' dir='ltr'>lenire</span> <span class='ocrx_word' id='word_1_17' title='bbox 637 1298 811 1363; x_wconf 87' lang='lat' dir='ltr'>amicorum</span> <span class='ocrx_word' id='word_1_18' title='bbox 834 1297 996 1364; x_wconf 86' lang='lat' dir='ltr'>desideria</span> <span class='ocrx_word' id='word_1_19' title='bbox 1018 1296 1169 1363; x_wconf 78' lang='lat' dir='ltr'>debuisti.</span> <span class='ocrx_word' id='word_1_20' title='bbox 1215 1316 1290 1361; x_wconf 89' lang='lat' dir='ltr'>narn</span> <span class='ocrx_word' id='word_1_21' title='bbox 1313 1296 1341 1361; x_wconf 91' lang='lat' dir='ltr'>si</span> <span class='ocrx_word' id='word_1_22' title='bbox 1362 1296 1421 1361; x_wconf 88' lang='lat' dir='ltr'>tibi</span> <span class='ocrx_word' id='word_1_23' title='bbox 1443 1294 1595 1360; x_wconf 87' lang='lat' dir='ltr'>valetudo</span> <span class='ocrx_word' id='word_1_24' title='bbox 1618 1315 1659 1360; x_wconf 82' lang='lat' dir='ltr'>ex</span> <span class='ocrx_word' id='word_1_25' title='bbox 1682 1296 1841 1361; x_wconf 86' lang='lat' dir='ltr'>sententia</span> <span class='ocrx_word' id='word_1_26' title='bbox 1863 1297 2022 1381; x_wconf 81' lang='lat' dir='ltr'>suppetit,</span> <span class='ocrx_word' id='word_1_27' title='bbox 2057 1298 2132 1379; x_wconf 90' lang='lat' dir='ltr'>qnid</span> 
     </span>
     <span class='ocr_line' id='line_1_6' title="bbox 507 1399 2165 1484; baseline -0.001 -18"><span class='ocrx_word' id='word_1_28' title='bbox 507 1420 625 1466; x_wconf 85' lang='lat' dir='ltr'>causae</span> <span class='ocrx_word' id='word_1_29' title='bbox 655 1419 727 1466; x_wconf 90' lang='lat' dir='ltr'>csse</span> <span class='ocrx_word' id='word_1_30' title='bbox 756 1400 876 1480; x_wconf 89' lang='lat' dir='ltr'>dicam,</span> <span class='ocrx_word' id='word_1_31' title='bbox 910 1400 995 1483; x_wconf 92' lang='lat' dir='ltr'>quod</span> <span class='ocrx_word' id='word_1_32' title='bbox 1023 1400 1078 1464; x_wconf 92' lang='lat' dir='ltr'>diu</span> <span class='ocrx_word' id='word_1_33' title='bbox 1105 1400 1140 1465; x_wconf 91' lang='lat' dir='ltr'>in</span> <span class='ocrx_word' id='word_1_34' title='bbox 1163 1399 1341 1484; x_wconf 82' lang='lat' dir='ltr'>Campania</span> <span class='ocrx_word' id='word_1_35' title='bbox 1370 1399 1567 1465; x_wconf 78' lang='lat' dir='ltr'>demoraris?</span> <span class='ocrx_word' id='word_1_36' title='bbox 1611 1419 1652 1463; x_wconf 87' lang='lat' dir='ltr'>an</span> <span class='ocrx_word' id='word_1_37' title='bbox 1683 1406 1718 1465; x_wconf 92' lang='lat' dir='ltr'>ut</span> <span class='ocrx_word' id='word_1_38' title='bbox 1746 1419 1803 1464; x_wconf 91' lang='lat' dir='ltr'>nos</span> <span class='ocrx_word' id='word_1_39' title='bbox 1829 1399 2067 1465; x_wconf 88' lang='lat' dir='ltr'>amantissimos</span> <span class='ocrx_word' id='word_1_40' title='bbox 2089 1400 2165 1465; x_wconf 67' lang='lat' dir='ltr'>ruis</span> 
     </span>
     <span class='ocr_line' id='line_1_7' title="bbox 507 1501 2134 1587; baseline -0.001 -18"><span class='ocrx_word' id='word_1_41' title='bbox 507 1503 563 1569; x_wconf 91' lang='lat' dir='ltr'>diu</span> <span class='ocrx_word' id='word_1_42' title='bbox 593 1503 765 1569; x_wconf 81' lang='lat' dir='ltr'>defraudes</span> <span class='ocrx_word' id='word_1_43' title='bbox 794 1505 835 1569; x_wconf 79' lang='lat' dir='ltr'>iis</span> <span class='ocrx_word' id='word_1_44' title='bbox 864 1505 972 1585; x_wconf 88' lang='lat' dir='ltr'>bonis,</span> <span class='ocrx_word' id='word_1_45' title='bbox 1005 1524 1089 1587; x_wconf 85' lang='lat' dir='ltr'>quae</span> <span class='ocrx_word' id='word_1_46' title='bbox 1117 1503 1151 1568; x_wconf 88' lang='lat' dir='ltr'>in</span> <span class='ocrx_word' id='word_1_47' title='bbox 1181 1509 1213 1568; x_wconf 90' lang='lat' dir='ltr'>te</span> <span class='ocrx_word' id='word_1_48' title='bbox 1241 1503 1381 1568; x_wconf 87' lang='lat' dir='ltr'>solemus</span> <span class='ocrx_word' id='word_1_49' title='bbox 1411 1502 1563 1586; x_wconf 85' lang='lat' dir='ltr'>amplecti</span> <span class='ocrx_word' id='word_1_50' title='bbox 1571 1508 1586 1566; x_wconf 70' lang='lat' dir='ltr'>’l</span> <span class='ocrx_word' id='word_1_51' title='bbox 1629 1502 1706 1584; x_wconf 88' lang='lat' dir='ltr'>quin</span> <span class='ocrx_word' id='word_1_52' title='bbox 1734 1501 1831 1567; x_wconf 88' lang='lat' dir='ltr'>immo</span> <span class='ocrx_word' id='word_1_53' title='bbox 1860 1502 1950 1568; x_wconf 91' lang='lat' dir='ltr'>urbis</span> <span class='ocrx_word' id='word_1_54' title='bbox 1972 1503 2134 1586; x_wconf 80' lang='lat' dir='ltr'>nostrique</span> 
     </span>
     <span class='ocr_line' id='line_1_8' title="bbox 506 1604 2135 1692; baseline 0.001 -21"><span class='ocrx_word' id='word_1_55' title='bbox 506 1606 728 1687; x_wconf 86' lang='lat' dir='ltr'>reminiscere,</span> <span class='ocrx_word' id='word_1_56' title='bbox 761 1613 793 1672; x_wconf 90' lang='lat' dir='ltr'>et</span> <span class='ocrx_word' id='word_1_57' title='bbox 821 1606 897 1671; x_wconf 91' lang='lat' dir='ltr'>dum</span> <span class='ocrx_word' id='word_1_58' title='bbox 924 1607 1122 1691; x_wconf 82' lang='lat' dir='ltr'>oportunitas</span> <span class='ocrx_word' id='word_1_59' title='bbox 1151 1606 1285 1671; x_wconf 86' lang='lat' dir='ltr'>aestatis</span> <span class='ocrx_word' id='word_1_60' title='bbox 1314 1605 1448 1685; x_wconf 87' lang='lat' dir='ltr'>invitat,</span> <span class='ocrx_word' id='word_1_61' title='bbox 1480 1605 1542 1671; x_wconf 92' lang='lat' dir='ltr'>iter</span> <span class='ocrx_word' id='word_1_62' title='bbox 1571 1604 1707 1671; x_wconf 86' lang='lat' dir='ltr'>festinus</span> <span class='ocrx_word' id='word_1_63' title='bbox 1729 1626 1866 1691; x_wconf 87' lang='lat' dir='ltr'>usurpa,</span> <span class='ocrx_word' id='word_1_64' title='bbox 1901 1613 1937 1671; x_wconf 92' lang='lat' dir='ltr'>ut</span> <span class='ocrx_word' id='word_1_65' title='bbox 1958 1607 2057 1692; x_wconf 86' lang='lat' dir='ltr'>longa</span> <span class='ocrx_word' id='word_1_66' title='bbox 2078 1607 2135 1672; x_wconf 87' lang='lat' dir='ltr'>ab·</span> 
     </span>
     <span class='ocr_line' id='line_1_9' title="bbox 508 1708 1687 1796; baseline -0.001 -20"><span class='ocrx_word' id='word_1_67' title='bbox 508 1709 632 1776; x_wconf 86' lang='lat' dir='ltr'>sentiae</span> <span class='ocrx_word' id='word_1_68' title='bbox 654 1716 729 1775; x_wconf 87' lang='lat' dir='ltr'>tuae</span> <span class='ocrx_word' id='word_1_69' title='bbox 751 1709 869 1775; x_wconf 86' lang='lat' dir='ltr'>damna</span> <span class='ocrx_word' id='word_1_70' title='bbox 889 1709 1020 1777; x_wconf 86' lang='lat' dir='ltr'>tandem</span> <span class='ocrx_word' id='word_1_71' title='bbox 1043 1716 1150 1796; x_wconf 88' lang='lat' dir='ltr'>optato</span> <span class='ocrx_word' id='word_1_72' title='bbox 1173 1708 1279 1776; x_wconf 89' lang='lat' dir='ltr'>reditu</span> <span class='ocrx_word' id='word_1_73' title='bbox 1302 1709 1491 1775; x_wconf 86' lang='lat' dir='ltr'>sarciantur.</span> <span class='ocrx_word' id='word_1_74' title='bbox 1537 1709 1621 1775; x_wconf 85' lang='lat' dir='ltr'>valo.</span> <span class='ocrx_word' id='word_1_75' title='bbox 1680 1746 1687 1758; x_wconf 91' lang='lat'><strong>·</strong></span> 
     </span>
    </p>
   </div>
   <div class='ocr_carea' id='block_1_4' title="bbox 1105 2019 2180 2240">
    <p class='ocr_par' dir='ltr' id='par_1_4' title="bbox 1105 2019 2180 2240">
     <span class='ocr_line' id='line_1_10' title="bbox 1243 2019 1401 2087; baseline 0 -4"><span class='ocrx_word' id='word_1_76' title='bbox 1243 2019 1401 2087; x_wconf 87' lang='lat' dir='ltr'>XXXXI.</span> 
     </span>
     <span class='ocr_line' id='line_1_11' title="bbox 1105 2173 2180 2240; baseline -0.004 -2"><span class='ocrx_word' id='word_1_77' title='bbox 1105 2173 1365 2240; x_wconf 82' lang='lat' dir='ltr'><strong><em>SYMMACHVS</em></strong></span> <span class='ocrx_word' id='word_1_78' title='bbox 1394 2175 1536 2240; x_wconf 83' lang='lat' dir='ltr'>DEOIO.</span> <span class='ocrx_word' id='word_1_79' title='bbox 2155 2195 2180 2235; x_wconf 87' lang='lat' dir='ltr'>ru</span> 
     </span>
    </p>
   </div>
   <div class='ocr_carea' id='block_1_5' title="bbox 506 2345 2239 3032">
    <p class='ocr_par' dir='ltr' id='par_1_5' title="bbox 506 2345 2239 3032">
     <span class='ocr_line' id='line_1_12' title="bbox 592 2345 2134 2432; baseline 0.001 -19"><span class='ocrx_word' id='word_1_80' title='bbox 592 2345 663 2424; x_wconf 80' lang='lat' dir='ltr'>Quo</span> <span class='ocrx_word' id='word_1_81' title='bbox 692 2348 772 2413; x_wconf 89' lang='lat' dir='ltr'>abiit</span> <span class='ocrx_word' id='word_1_82' title='bbox 801 2347 1027 2432; x_wconf 88' lang='lat' dir='ltr'>promissorum</span> <span class='ocrx_word' id='word_1_83' title='bbox 1057 2346 1159 2411; x_wconf 75' lang='lat' dir='ltr'>fides?</span> <span class='ocrx_word' id='word_1_84' title='bbox 1203 2347 1346 2431; x_wconf 84' lang='lat' dir='ltr'>speranti</span> <span class='ocrx_word' id='word_1_85' title='bbox 1375 2345 1453 2410; x_wconf 91' lang='lat' dir='ltr'>mihi</span> <span class='ocrx_word' id='word_1_86' title='bbox 1474 2366 1637 2411; x_wconf 41' lang='lat' dir='ltr'>*recursura</span> <span class='ocrx_word' id='word_1_87' title='bbox 1660 2353 1747 2411; x_wconf 89' lang='lat' dir='ltr'>tuum</span> <span class='ocrx_word' id='word_1_88' title='bbox 1772 2348 1928 2413; x_wconf 90' lang='lat' dir='ltr'>litteraria</span> <span class='ocrx_word' id='word_1_89' title='bbox 1949 2350 2134 2415; x_wconf 86' lang='lat' dir='ltr'>levamenta</span> 
     </span>
     <span class='ocr_line' id='line_1_13' title="bbox 506 2449 2130 2537; baseline 0.001 -22"><span class='ocrx_word' id='word_1_90' title='bbox 506 2449 657 2515; x_wconf 91' lang='lat' dir='ltr'>tribuisti.</span> <span class='ocrx_word' id='word_1_91' title='bbox 705 2450 808 2535; x_wconf 92' lang='lat' dir='ltr'>potuit</span> <span class='ocrx_word' id='word_1_92' title='bbox 833 2450 975 2516; x_wconf 87' lang='lat' dir='ltr'>iucunda</span> <span class='ocrx_word' id='word_1_93' title='bbox 1001 2450 1093 2515; x_wconf 92' lang='lat' dir='ltr'>nobis</span> <span class='ocrx_word' id='word_1_94' title='bbox 1122 2450 1217 2514; x_wconf 89' lang='lat' dir='ltr'>buius</span> <span class='ocrx_word' id='word_1_95' title='bbox 1246 2449 1387 2515; x_wconf 87' lang='lat' dir='ltr'>muneris</span> <span class='ocrx_word' id='word_1_96' title='bbox 1416 2469 1488 2514; x_wconf 89' lang='lat' dir='ltr'>esse</span> <span class='ocrx_word' id='word_1_97' title='bbox 1510 2449 1688 2534; x_wconf 85' lang='lat' dir='ltr'>perceptio,</span> <span class='ocrx_word' id='word_1_98' title='bbox 1722 2450 1751 2515; x_wconf 88' lang='lat' dir='ltr'>si</span> <span class='ocrx_word' id='word_1_99' title='bbox 1774 2450 1853 2514; x_wconf 90' lang='lat' dir='ltr'>nibil</span> <span class='ocrx_word' id='word_1_100' title='bbox 1875 2451 2033 2536; x_wconf 85' lang='lat' dir='ltr'>grandius</span> <span class='ocrx_word' id='word_1_101' title='bbox 2055 2473 2130 2537; x_wconf 91' lang='lat' dir='ltr'>spo·</span> 
     </span>
     <span class='ocr_line' id='line_1_14' title="bbox 507 2552 2135 2639; baseline 0.001 -20"><span class='ocrx_word' id='word_1_102' title='bbox 507 2553 687 2638; x_wconf 88' lang='lat' dir='ltr'>pondissss.</span> <span class='ocrx_word' id='word_1_103' title='bbox 733 2574 775 2618; x_wconf 92' lang='lat' dir='ltr'>an</span> <span class='ocrx_word' id='word_1_104' title='bbox 797 2553 919 2619; x_wconf 84' lang='lat' dir='ltr'>veritus</span> <span class='ocrx_word' id='word_1_105' title='bbox 941 2572 976 2619; x_wconf 89' lang='lat' dir='ltr'>es</span> <span class='ocrx_word' id='word_1_106' title='bbox 999 2552 1189 2619; x_wconf 88' lang='lat' dir='ltr'>deliciarum</span> <span class='ocrx_word' id='word_1_107' title='bbox 1211 2559 1338 2617; x_wconf 85' lang='lat' dir='ltr'>tuarum</span> <span class='ocrx_word' id='word_1_108' title='bbox 1361 2553 1563 2618; x_wconf 89' lang='lat' dir='ltr'>consularem</span> <span class='ocrx_word' id='word_1_109' title='bbox 1586 2553 1689 2617; x_wconf 85' lang='lat' dir='ltr'>virum</span> <span class='ocrx_word' id='word_1_110' title='bbox 1706 2560 1845 2619; x_wconf 72' lang='lat' dir='ltr'>testem?</span> <span class='ocrx_word' id='word_1_111' title='bbox 1875 2555 1954 2620; x_wconf 90' lang='lat' dir='ltr'>nihil</span> <span class='ocrx_word' id='word_1_112' title='bbox 1972 2555 2041 2639; x_wconf 82' lang='lat' dir='ltr'>egit</span> <span class='ocrx_word' id='word_1_113' title='bbox 2055 2555 2135 2621; x_wconf 85' lang='lat' dir='ltr'>haee</span> 
     </span>
     <span class='ocr_line' id='line_1_15' title="bbox 508 2655 2239 2774; baseline 0.001 -53"><span class='ocrx_word' id='word_1_114' title='bbox 508 2656 628 2721; x_wconf 86' lang='lat' dir='ltr'>cautio:</span> <span class='ocrx_word' id='word_1_115' title='bbox 663 2656 765 2721; x_wconf 90' lang='lat' dir='ltr'>oculis</span> <span class='ocrx_word' id='word_1_116' title='bbox 794 2657 957 2722; x_wconf 85' lang='lat' dir='ltr'>subtracta</span> <span class='ocrx_word' id='word_1_117' title='bbox 984 2656 1140 2721; x_wconf 89' lang='lat' dir='ltr'>miracula</span> <span class='ocrx_word' id='word_1_118' title='bbox 1165 2655 1296 2720; x_wconf 91' lang='lat' dir='ltr'>auribus</span> <span class='ocrx_word' id='word_1_119' title='bbox 1327 2655 1543 2741; x_wconf 83' lang='lat' dir='ltr'>deprehendo.</span> <span class='ocrx_word' id='word_1_120' title='bbox 1591 2676 1665 2720; x_wconf 89' lang='lat' dir='ltr'>narn</span> <span class='ocrx_word' id='word_1_121' title='bbox 1688 2662 1725 2720; x_wconf 90' lang='lat' dir='ltr'>ut</span> <span class='ocrx_word' id='word_1_122' title='bbox 1745 2656 1881 2774; x_wconf 66' lang='lat' dir='ltr'>qujsque</span> <span class='ocrx_word' id='word_1_123' title='bbox 1904 2664 2013 2723; x_wconf 88' lang='lat' dir='ltr'>nostra</span> <span class='ocrx_word' id='word_1_124' title='bbox 2034 2659 2134 2724; x_wconf 86' lang='lat' dir='ltr'>offen·</span> <span class='ocrx_word' id='word_1_125' title='bbox 2234 2740 2239 2751; x_wconf 70' lang='lat'>.</span> 
     </span>
     <span class='ocr_line' id='line_1_16' title="bbox 508 2758 2179 2846; baseline 0.001 -23"><span class='ocrx_word' id='word_1_126' title='bbox 508 2758 594 2824; x_wconf 92' lang='lat' dir='ltr'>ditur</span> <span class='ocrx_word' id='word_1_127' title='bbox 621 2759 833 2844; x_wconf 88' lang='lat' dir='ltr'>parsimonia,</span> <span class='ocrx_word' id='word_1_128' title='bbox 866 2768 899 2825; x_wconf 92' lang='lat' dir='ltr'>te</span> <span class='ocrx_word' id='word_1_129' title='bbox 927 2760 1041 2825; x_wconf 84' lang='lat' dir='ltr'>abesse</span> <span class='ocrx_word' id='word_1_130' title='bbox 1071 2759 1227 2842; x_wconf 86' lang='lat' dir='ltr'>suspirat,</span> <span class='ocrx_word' id='word_1_131' title='bbox 1261 2766 1356 2841; x_wconf 77' lang='lat' dir='ltr'>atque</span> <span class='ocrx_word' id='word_1_132' title='bbox 1389 2759 1422 2824; x_wconf 94' lang='lat' dir='ltr'>in</span> <span class='ocrx_word' id='word_1_133' title='bbox 1452 2759 1677 2824; x_wconf 88' lang='lat' dir='ltr'>contumeliam</span> <span class='ocrx_word' id='word_1_134' title='bbox 1700 2760 1838 2825; x_wconf 86' lang='lat' dir='ltr'>convrvii</span> <span class='ocrx_word' id='word_1_135' title='bbox 1861 2761 1924 2826; x_wconf 86' lang='lat' dir='ltr'>mei</span> <span class='ocrx_word' id='word_1_136' title='bbox 1946 2762 2056 2846; x_wconf 87' lang='lat' dir='ltr'>palam</span> <span class='ocrx_word' id='word_1_137' title='bbox 2078 2761 2134 2827; x_wconf 80' lang='lat' dir='ltr'>de·</span> <span class='ocrx_word' id='word_1_138' title='bbox 2154 2781 2179 2819; x_wconf 68' lang='grc' dir='ltr'>ιε</span> 
     </span>
     <span class='ocr_line' id='line_1_17' title="bbox 508 2861 2134 2947; baseline 0.002 -21"><span class='ocrx_word' id='word_1_139' title='bbox 508 2861 671 2928; x_wconf 73' lang='lat' dir='ltr'>sideratis.</span> <span class='ocrx_word' id='word_1_140' title='bbox 719 2863 800 2929; x_wconf 91' lang='lat' dir='ltr'>sciet</span> <span class='ocrx_word' id='word_1_141' title='bbox 821 2864 903 2928; x_wconf 87' lang='lat' dir='ltr'>haec</span> <span class='ocrx_word' id='word_1_142' title='bbox 925 2870 1073 2944; x_wconf 88' lang='lat' dir='ltr'>senatus,</span> <span class='ocrx_word' id='word_1_143' title='bbox 1100 2862 1211 2927; x_wconf 87' lang='lat' dir='ltr'>audiet</span> <span class='ocrx_word' id='word_1_144' title='bbox 1232 2864 1388 2947; x_wconf 91' lang='lat' dir='ltr'>populus!</span> <span class='ocrx_word' id='word_1_145' title='bbox 1436 2882 1541 2946; x_wconf 89' lang='lat' dir='ltr'>neque</span> <span class='ocrx_word' id='word_1_146' title='bbox 1564 2862 1649 2928; x_wconf 88' lang='lat' dir='ltr'>enim</span> <span class='ocrx_word' id='word_1_147' title='bbox 1672 2882 1803 2946; x_wconf 87' lang='lat' dir='ltr'>possum</span> <span class='ocrx_word' id='word_1_148' title='bbox 1826 2863 1920 2930; x_wconf 87' lang='lat' dir='ltr'>aliter</span> <span class='ocrx_word' id='word_1_149' title='bbox 1942 2863 2054 2930; x_wconf 91' lang='lat' dir='ltr'>ulcisci</span> <span class='ocrx_word' id='word_1_150' title='bbox 2077 2865 2134 2930; x_wconf 93' lang='lat' dir='ltr'>ab·</span> 
     </span>
     <span class='ocr_line' id='line_1_18' title="bbox 508 2965 1181 3032; baseline 0 -3"><span class='ocrx_word' id='word_1_151' title='bbox 508 2965 632 3030; x_wconf 88' lang='lat' dir='ltr'>sentias</span> <span class='ocrx_word' id='word_1_152' title='bbox 653 2972 729 3031; x_wconf 88' lang='lat' dir='ltr'>tuae</span> <span class='ocrx_word' id='word_1_153' title='bbox 751 2966 871 3032; x_wconf 88' lang='lat' dir='ltr'>iustum</span> <span class='ocrx_word' id='word_1_154' title='bbox 895 2966 1048 3032; x_wconf 89' lang='lat' dir='ltr'>dolorem.</span> <span class='ocrx_word' id='word_1_155' title='bbox 1095 2966 1181 3030; x_wconf 86' lang='lat' dir='ltr'>vale.</span> 
     </span>
    </p>
   </div>
   <div class='ocr_carea' id='block_1_6' title="bbox 1236 3275 1410 3340">
    <p class='ocr_par' dir='ltr' id='par_1_6' title="bbox 1236 3275 1410 3340">
     <span class='ocr_line' id='line_1_19' title="bbox 1236 3275 1410 3340; baseline 0 -1"><span class='ocrx_word' id='word_1_156' title='bbox 1236 3275 1410 3340; x_wconf 87' lang='lat' dir='ltr'>XXXXII.</span> 
     </span>
    </p>
   </div>
   <div class='ocr_carea' id='block_1_7' title="bbox 1103 3438 1540 3471">
    <p class='ocr_par' dir='ltr' id='par_1_7' title="bbox 1103 3438 1540 3471">
     <span class='ocr_line' id='line_1_20' title="bbox 1103 3438 1540 3471; baseline 0.005 -2"><span class='ocrx_word' id='word_1_157' title='bbox 1103 3438 1540 3471; x_wconf 63' lang='lat'>***※***※*****※</span> 
     </span>
    </p>
   </div>
   <div class='ocr_carea' id='block_1_8' title="bbox 508 3583 2185 4185">
    <p class='ocr_par' dir='ltr' id='par_1_8' title="bbox 508 3583 2185 4185">
     <span class='ocr_line' id='line_1_21' title="bbox 593 3583 2180 3669; baseline 0.003 -21"><span class='ocrx_word' id='word_1_158' title='bbox 593 3583 822 3669; x_wconf 74' lang='lat' dir='ltr'>abrumpenda</span> <span class='ocrx_word' id='word_1_159' title='bbox 844 3585 979 3651; x_wconf 88' lang='lat' dir='ltr'>cessatio</span> <span class='ocrx_word' id='word_1_160' title='bbox 1001 3591 1051 3649; x_wconf 93' lang='lat' dir='ltr'>est</span> <span class='ocrx_word' id='word_1_161' title='bbox 1072 3591 1105 3649; x_wconf 92' lang='lat' dir='ltr'>et</span> <span class='ocrx_word' id='word_1_162' title='bbox 1125 3584 1159 3648; x_wconf 91' lang='lat' dir='ltr'>in</span> <span class='ocrx_word' id='word_1_163' title='bbox 1181 3583 1299 3648; x_wconf 87' lang='lat' dir='ltr'>affatus</span> <span class='ocrx_word' id='word_1_164' title='bbox 1322 3591 1448 3650; x_wconf 87' lang='lat' dir='ltr'>mutuos</span> <span class='ocrx_word' id='word_1_165' title='bbox 1471 3605 1547 3650; x_wconf 88' lang='lat' dir='ltr'>cura</span> <span class='ocrx_word' id='word_1_166' title='bbox 1570 3585 1740 3661; x_wconf 83' lang='lat' dir='ltr'>tendenda,</span> <span class='ocrx_word' id='word_1_167' title='bbox 1768 3607 1809 3652; x_wconf 87' lang='lat' dir='ltr'>no</span> <span class='ocrx_word' id='word_1_168' title='bbox 1832 3587 1949 3652; x_wconf 83' lang='lat' dir='ltr'>vetoris</span> <span class='ocrx_word' id='word_1_169' title='bbox 1971 3588 2054 3653; x_wconf 88' lang='lat' dir='ltr'>inter</span> <span class='ocrx_word' id='word_1_170' title='bbox 2076 3607 2133 3653; x_wconf 92' lang='lat' dir='ltr'>nos</span> <span class='ocrx_word' id='word_1_171' title='bbox 2151 3604 2180 3645; x_wconf 78' lang='lat'>²0</span> 
     </span>
     <span class='ocr_line' id='line_1_22' title="bbox 508 3686 2135 3771; baseline 0.004 -20"><span class='ocrx_word' id='word_1_172' title='bbox 508 3687 667 3753; x_wconf 82' lang='lat' dir='ltr'>amicitiae</span> <span class='ocrx_word' id='word_1_173' title='bbox 690 3689 876 3753; x_wconf 86' lang='lat' dir='ltr'>memoriam</span> <span class='ocrx_word' id='word_1_174' title='bbox 898 3687 1061 3754; x_wconf 89' lang='lat' dir='ltr'>scribendi</span> <span class='ocrx_word' id='word_1_175' title='bbox 1083 3688 1250 3770; x_wconf 81' lang='lat' dir='ltr'>neglectus</span> <span class='ocrx_word' id='word_1_176' title='bbox 1273 3686 1446 3767; x_wconf 78' lang='lat' dir='ltr'>adtenuet3</span> <span class='ocrx_word' id='word_1_177' title='bbox 1479 3709 1574 3771; x_wconf 87' lang='lat' dir='ltr'>quarn</span> <span class='ocrx_word' id='word_1_178' title='bbox 1597 3697 1631 3754; x_wconf 92' lang='lat' dir='ltr'>ut</span> <span class='ocrx_word' id='word_1_179' title='bbox 1653 3689 1806 3755; x_wconf 89' lang='lat' dir='ltr'>libentius</span> <span class='ocrx_word' id='word_1_180' title='bbox 1829 3688 1945 3755; x_wconf 86' lang='lat' dir='ltr'>debinc</span> <span class='ocrx_word' id='word_1_181' title='bbox 1968 3689 2088 3771; x_wconf 79' lang='lat' dir='ltr'>foueas,</span> <span class='ocrx_word' id='word_1_182' title='bbox 2115 3713 2135 3757; x_wconf 85' lang='lat' dir='ltr'>a</span> 
     </span>
     <span class='ocr_line' id='line_1_23' title="bbox 509 3790 2135 3880; baseline 0.003 -26"><span class='ocrx_word' id='word_1_183' title='bbox 509 3811 560 3856; x_wconf 87' lang='lat' dir='ltr'>nre</span> <span class='ocrx_word' id='word_1_184' title='bbox 583 3809 672 3855; x_wconf 91' lang='lat' dir='ltr'>sumo</span> <span class='ocrx_word' id='word_1_185' title='bbox 694 3790 897 3876; x_wconf 86' lang='lat' dir='ltr'>principium.</span> <span class='ocrx_word' id='word_1_186' title='bbox 945 3811 985 3855; x_wconf 91' lang='lat' dir='ltr'>en</span> <span class='ocrx_word' id='word_1_187' title='bbox 1007 3792 1066 3857; x_wconf 88' lang='lat' dir='ltr'>tibi</span> <span class='ocrx_word' id='word_1_188' title='bbox 1088 3791 1213 3856; x_wconf 87' lang='lat' dir='ltr'>litteras</span> <span class='ocrx_word' id='word_1_189' title='bbox 1236 3791 1463 3858; x_wconf 88' lang='lat' dir='ltr'>salutationem</span> <span class='ocrx_word' id='word_1_190' title='bbox 1485 3792 1635 3873; x_wconf 85' lang='lat' dir='ltr'>ferentes,</span> <span class='ocrx_word' id='word_1_191' title='bbox 1662 3812 1742 3875; x_wconf 83' lang='lat' dir='ltr'>quas</span> <span class='ocrx_word' id='word_1_192' title='bbox 1766 3792 1914 3858; x_wconf 90' lang='lat' dir='ltr'>sensibus</span> <span class='ocrx_word' id='word_1_193' title='bbox 1936 3795 2000 3859; x_wconf 91' lang='lat' dir='ltr'>tuis</span> <span class='ocrx_word' id='word_1_194' title='bbox 2022 3795 2135 3880; x_wconf 82' lang='lat' dir='ltr'>volup-</span> 
     </span>
     <span class='ocr_line' id='line_1_24' title="bbox 509 3894 2137 3980; baseline 0.002 -22"><span class='ocrx_word' id='word_1_195' title='bbox 509 3894 568 3958; x_wconf 88' lang='lat' dir='ltr'>tati</span> <span class='ocrx_word' id='word_1_196' title='bbox 596 3914 669 3959; x_wconf 89' lang='lat' dir='ltr'>esse</span> <span class='ocrx_word' id='word_1_197' title='bbox 697 3894 868 3960; x_wconf 83' lang='lat' dir='ltr'>testabitur</span> <span class='ocrx_word' id='word_1_198' title='bbox 896 3894 993 3959; x_wconf 87' lang='lat' dir='ltr'>officii</span> <span class='ocrx_word' id='word_1_199' title='bbox 1022 3894 1207 3959; x_wconf 83' lang='lat' dir='ltr'>aemulatio.</span> <span class='ocrx_word' id='word_1_200' title='bbox 1259 3895 1334 3977; x_wconf 86' lang='lat' dir='ltr'>quin</span> <span class='ocrx_word' id='word_1_201' title='bbox 1365 3895 1393 3959; x_wconf 91' lang='lat' dir='ltr'>si</span> <span class='ocrx_word' id='word_1_202' title='bbox 1423 3895 1520 3961; x_wconf 90' lang='lat' dir='ltr'>etiarn</span> <span class='ocrx_word' id='word_1_203' title='bbox 1550 3895 1695 3980; x_wconf 92' lang='lat' dir='ltr'>portitori</span> <span class='ocrx_word' id='word_1_204' title='bbox 1725 3894 1861 3961; x_wconf 81' lang='lat' dir='ltr'>fructum</span> <span class='ocrx_word' id='word_1_205' title='bbox 1891 3897 2061 3980; x_wconf 90' lang='lat' dir='ltr'>patrocinii</span> <span class='ocrx_word' id='word_1_206' title='bbox 2091 3898 2137 3962; x_wconf 91' lang='lat' dir='ltr'>tui</span> 
     </span>
     <span class='ocr_line' id='line_1_25' title="bbox 509 3996 2133 4082; baseline 0.001 -21"><span class='ocrx_word' id='word_1_207' title='bbox 509 4016 613 4061; x_wconf 88' lang='lat' dir='ltr'>sermo</span> <span class='ocrx_word' id='word_1_208' title='bbox 640 3996 702 4062; x_wconf 89' lang='lat' dir='ltr'>iste</span> <span class='ocrx_word' id='word_1_209' title='bbox 725 3996 936 4081; x_wconf 81' lang='lat' dir='ltr'>quaesiverit,</span> <span class='ocrx_word' id='word_1_210' title='bbox 970 3996 1193 4081; x_wconf 86' lang='lat' dir='ltr'>praecedentis</span> <span class='ocrx_word' id='word_1_211' title='bbox 1215 3996 1337 4062; x_wconf 88' lang='lat' dir='ltr'>silentii</span> <span class='ocrx_word' id='word_1_212' title='bbox 1360 3996 1424 4062; x_wconf 88' lang='lat' dir='ltr'>mei</span> <span class='ocrx_word' id='word_1_213' title='bbox 1446 3998 1604 4063; x_wconf 90' lang='lat' dir='ltr'>accusabo</span> <span class='ocrx_word' id='word_1_214' title='bbox 1628 3997 1811 4082; x_wconf 88' lang='lat' dir='ltr'>dispendia.</span> <span class='ocrx_word' id='word_1_215' title='bbox 1859 3999 2017 4064; x_wconf 82' lang='lat' dir='ltr'>constabit</span> <span class='ocrx_word' id='word_1_216' title='bbox 2038 4000 2133 4081; x_wconf 86' lang='lat' dir='ltr'>eninr,</span> 
     </span>
     <span class='ocr_line' id='line_1_26' title="bbox 508 4099 2185 4185; baseline -0.002 -21"><span class='ocrx_word' id='word_1_217' title='bbox 508 4100 653 4183; x_wconf 92' lang='lat' dir='ltr'>pluribus</span> <span class='ocrx_word' id='word_1_218' title='bbox 675 4120 727 4166; x_wconf 86' lang='lat' dir='ltr'>nra</span> <span class='ocrx_word' id='word_1_219' title='bbox 749 4100 892 4185; x_wconf 90' lang='lat' dir='ltr'>potuisse</span> <span class='ocrx_word' id='word_1_220' title='bbox 916 4100 1093 4182; x_wconf 86' lang='lat' dir='ltr'>consulere,</span> <span class='ocrx_word' id='word_1_221' title='bbox 1120 4101 1149 4165; x_wconf 94' lang='lat' dir='ltr'>si</span> <span class='ocrx_word' id='word_1_222' title='bbox 1172 4106 1204 4167; x_wconf 89' lang='lat' dir='ltr'>te</span> <span class='ocrx_word' id='word_1_223' title='bbox 1227 4099 1356 4182; x_wconf 86' lang='lat' dir='ltr'>adloqui</span> <span class='ocrx_word' id='word_1_224' title='bbox 1380 4108 1456 4167; x_wconf 89' lang='lat' dir='ltr'>ante</span> <span class='ocrx_word' id='word_1_225' title='bbox 1478 4101 1673 4185; x_wconf 86' lang='lat' dir='ltr'>coepissem..</span> <span class='ocrx_word' id='word_1_226' title='bbox 2155 4120 2185 4161; x_wconf 78' lang='lat' dir='ltr'>as</span> 
     </span>
    </p>
   </div>
   <div class='ocr_carea' id='block_1_9' title="bbox 1229 4411 1418 4475">
    <p class='ocr_par' dir='ltr' id='par_1_9' title="bbox 1229 4411 1418 4475">
     <span class='ocr_line' id='line_1_27' title="bbox 1229 4411 1418 4475; baseline -0.005 0"><span class='ocrx_word' id='word_1_227' title='bbox 1229 4411 1418 4475; x_wconf 89' lang='lat' dir='ltr'>XXXXIII.</span> 
     </span>
    </p>
   </div>
   <div class='ocr_carea' id='block_1_10' title="bbox 1106 4574 1541 4607">
    <p class='ocr_par' dir='ltr' id='par_1_10' title="bbox 1106 4574 1541 4607">
     <span class='ocr_line' id='line_1_28' title="bbox 1106 4574 1541 4607; baseline 0 0"><span class='ocrx_word' id='word_1_228' title='bbox 1106 4574 1541 4607; x_wconf 60' lang='lat'>***※※******※**</span> 
     </span>
    </p>
   </div>
   <div class='ocr_carea' id='block_1_11' title="bbox 510 4719 2137 4931">
    <p class='ocr_par' dir='ltr' id='par_1_11' title="bbox 510 4719 2137 4931">
     <span class='ocr_line' id='line_1_29' title="bbox 596 4719 2136 4806; baseline 0.001 -20"><span class='ocrx_word' id='word_1_229' title='bbox 596 4721 675 4786; x_wconf 84' lang='lat' dir='ltr'>Cum</span> <span class='ocrx_word' id='word_1_230' title='bbox 699 4720 764 4786; x_wconf 90' lang='lat' dir='ltr'>ruri</span> <span class='ocrx_word' id='word_1_231' title='bbox 788 4741 918 4804; x_wconf 82' lang='lat' dir='ltr'>agerem</span> <span class='ocrx_word' id='word_1_232' title='bbox 940 4722 1087 4788; x_wconf 85' lang='lat' dir='ltr'>libertate</span> <span class='ocrx_word' id='word_1_233' title='bbox 1110 4722 1193 4787; x_wconf 85' lang='lat' dir='ltr'>caeli</span> <span class='ocrx_word' id='word_1_234' title='bbox 1215 4739 1362 4804; x_wconf 82' lang='lat' dir='ltr'>grossum</span> <span class='ocrx_word' id='word_1_235' title='bbox 1385 4719 1579 4803; x_wconf 83' lang='lat' dir='ltr'>reformans,</span> <span class='ocrx_word' id='word_1_236' title='bbox 1613 4721 1704 4785; x_wconf 90' lang='lat' dir='ltr'>cuius</span> <span class='ocrx_word' id='word_1_237' title='bbox 1727 4742 1777 4786; x_wconf 85' lang='lat' dir='ltr'>rae</span> <span class='ocrx_word' id='word_1_238' title='bbox 1801 4741 1878 4787; x_wconf 92' lang='lat' dir='ltr'>usus</span> <span class='ocrx_word' id='word_1_239' title='bbox 1901 4728 1974 4806; x_wconf 92' lang='lat' dir='ltr'>post</span> <span class='ocrx_word' id='word_1_240' title='bbox 1996 4722 2136 4788; x_wconf 89' lang='lat' dir='ltr'>dolorem</span> 
     </span>
     <span class='ocr_line' id='line_1_30' title="bbox 510 4822 2137 4931; baseline 0.001 -42"><span class='ocrx_word' id='word_1_241' title='bbox 510 4831 664 4905; x_wconf 87' lang='lat' dir='ltr'>moratur,</span> <span class='ocrx_word' id='word_1_242' title='bbox 695 4875 879 4891; x_wconf 85' lang='lat'>........</span> <span class='ocrx_word' id='word_1_243' title='bbox 904 4824 1176 4891; x_wconf 83' lang='lat' dir='ltr'>familiarissimus</span> <span class='ocrx_word' id='word_1_244' title='bbox 1205 4844 1297 4890; x_wconf 88' lang='lat' dir='ltr'>meus</span> <span class='ocrx_word' id='word_1_245' title='bbox 1327 4822 1481 4890; x_wconf 87' lang='lat' dir='ltr'>ordiendo</span> <span class='ocrx_word' id='word_1_246' title='bbox 1511 4824 1617 4889; x_wconf 87' lang='lat' dir='ltr'>itineri</span> <span class='ocrx_word' id='word_1_247' title='bbox 1631 4830 1773 4931; x_wconf 64' lang='lat' dir='ltr'>¹paratus</span> <span class='ocrx_word' id='word_1_248' title='bbox 1794 4824 1871 4890; x_wconf 82' lang='lat' dir='ltr'>iecit</span> <span class='ocrx_word' id='word_1_249' title='bbox 1893 4825 1972 4890; x_wconf 90' lang='lat' dir='ltr'>milri</span> <span class='ocrx_word' id='word_1_250' title='bbox 1992 4825 2036 4891; x_wconf 89' lang='lat' dir='ltr'>ad</span> <span class='ocrx_word' id='word_1_251' title='bbox 2059 4826 2137 4891; x_wconf 90' lang='lat' dir='ltr'>scri-</span> 
     </span>
    </p>
   </div>
   <div class='ocr_carea' id='block_1_12' title="bbox 509 5115 2140 5871">
    <p class='ocr_par' dir='ltr' id='par_1_12' title="bbox 509 5115 2136 5274">
     <span class='ocr_line' id='line_1_31' title="bbox 596 5115 2136 5186; baseline -0.001 -17"><span class='ocrx_word' id='word_1_252' title='bbox 596 5120 611 5169; x_wconf 81' lang='lat'>2</span> <span class='ocrx_word' id='word_1_253' title='bbox 630 5135 679 5170; x_wconf 87' lang='lat' dir='ltr'>om.</span> <span class='ocrx_word' id='word_1_254' title='bbox 699 5119 748 5169; x_wconf 73' lang='lat' dir='ltr'>VM</span> <span class='ocrx_word' id='word_1_255' title='bbox 850 5121 958 5169; x_wconf 79' lang='lat' dir='ltr'>lliuiro</span> <span class='ocrx_word' id='word_1_256' title='bbox 977 5120 1022 5170; x_wconf 83' lang='lat' dir='ltr'>Pl</span> <span class='ocrx_word' id='word_1_257' title='bbox 1037 5136 1072 5169; x_wconf 85' lang='lat' dir='ltr'>m.</span> <span class='ocrx_word' id='word_1_258' title='bbox 1179 5117 1223 5186; x_wconf 82' lang='lat' dir='ltr'>ex]</span> <span class='ocrx_word' id='word_1_259' title='bbox 1241 5125 1267 5167; x_wconf 88' lang='lat' dir='ltr'>st</span> <span class='ocrx_word' id='word_1_260' title='bbox 1286 5120 1332 5168; x_wconf 86' lang='lat' dir='ltr'>Pl</span> <span class='ocrx_word' id='word_1_261' title='bbox 1347 5136 1381 5170; x_wconf 89' lang='lat' dir='ltr'>m.</span> <span class='ocrx_word' id='word_1_262' title='bbox 1498 5119 1514 5168; x_wconf 83' lang='grc'><strong>6</strong></span> <span class='ocrx_word' id='word_1_263' title='bbox 1533 5119 1666 5168; x_wconf 79' lang='lat' dir='ltr'>defraudes</span> <span class='ocrx_word' id='word_1_264' title='bbox 1684 5115 1729 5185; x_wconf 86' lang='lat' dir='ltr'>iis]</span> <span class='ocrx_word' id='word_1_265' title='bbox 1747 5133 1800 5179; x_wconf 73' lang='lat' dir='ltr'>epo,</span> <span class='ocrx_word' id='word_1_266' title='bbox 1821 5120 1975 5168; x_wconf 82' lang='lat' dir='ltr'>deiraudsrls</span> <span class='ocrx_word' id='word_1_267' title='bbox 1996 5118 2048 5179; x_wconf 88' lang='lat' dir='ltr'>PV,</span> <span class='ocrx_word' id='word_1_268' title='bbox 2070 5121 2136 5168; x_wconf 83' lang='lat' dir='ltr'>trau-</span> 
     </span>
     <span class='ocr_line' id='line_1_32' title="bbox 509 5203 1808 5274; baseline -0.003 -19"><span class='ocrx_word' id='word_1_269' title='bbox 509 5208 576 5255; x_wconf 87' lang='lat' dir='ltr'>derls</span> <span class='ocrx_word' id='word_1_270' title='bbox 596 5205 624 5254; x_wconf 76' lang='grc' dir='ltr'><em>Μ</em></span> <span class='ocrx_word' id='word_1_271' title='bbox 727 5204 821 5274; x_wconf 75' lang='lat' dir='ltr'>litor]</span> <span class='ocrx_word' id='word_1_272' title='bbox 839 5221 893 5256; x_wconf 82' lang='lat' dir='ltr'>essa</span> <span class='ocrx_word' id='word_1_273' title='bbox 916 5207 937 5252; x_wconf 91' lang='lat' dir='ltr'><strong><em>V</em></strong></span> <span class='ocrx_word' id='word_1_274' title='bbox 1039 5221 1132 5269; x_wconf 74' lang='lat' dir='ltr'>usurpa</span> <span class='ocrx_word' id='word_1_275' title='bbox 1150 5203 1192 5272; x_wconf 89' lang='lat' dir='ltr'>ut]</span> <span class='ocrx_word' id='word_1_276' title='bbox 1209 5208 1343 5268; x_wconf 82' lang='lat' dir='ltr'>usurpauit</span> <span class='ocrx_word' id='word_1_277' title='bbox 1366 5207 1386 5253; x_wconf 98' lang='lat' dir='ltr'><strong><em>V</em></strong></span> <span class='ocrx_word' id='word_1_278' title='bbox 1489 5204 1504 5254; x_wconf 84' lang='lat'><em>8</em></span> <span class='ocrx_word' id='word_1_279' title='bbox 1522 5206 1618 5254; x_wconf 76' lang='lat' dir='ltr'>reditus</span> <span class='ocrx_word' id='word_1_280' title='bbox 1637 5208 1764 5254; x_wconf 79' lang='lat' dir='ltr'>arctantur</span> <span class='ocrx_word' id='word_1_281' title='bbox 1787 5206 1808 5251; x_wconf 92' lang='lat' dir='ltr'><strong><em>V</em></strong></span> 
     </span>
    </p>

    <p class='ocr_par' dir='ltr' id='par_1_13' title="bbox 510 5290 2133 5447">
     <span class='ocr_line' id='line_1_33' title="bbox 597 5290 2133 5359; baseline -0.003 -18"><span class='ocrx_word' id='word_1_282' title='bbox 597 5291 695 5341; x_wconf 84' lang='lat' dir='ltr'>idom.</span> <span class='ocrx_word' id='word_1_283' title='bbox 714 5291 763 5340; x_wconf 84' lang='lat' dir='ltr'>VM</span> <span class='ocrx_word' id='word_1_284' title='bbox 883 5291 911 5341; x_wconf 93' lang='grc'>11</span> <span class='ocrx_word' id='word_1_285' title='bbox 933 5290 1418 5359; x_wconf 69' lang='lat' dir='ltr'>acunum]1areras,cursuml³vra</span> <span class='ocrx_word' id='word_1_286' title='bbox 1539 5290 1570 5341; x_wconf 74' lang='grc'>12</span> <span class='ocrx_word' id='word_1_287' title='bbox 1589 5292 1823 5354; x_wconf 84' lang='lat' dir='ltr'>spopondissemV</span> <span class='ocrx_word' id='word_1_288' title='bbox 1939 5291 1969 5341; x_wconf 82' lang='grc'>14</span> <span class='ocrx_word' id='word_1_289' title='bbox 1988 5293 2086 5341; x_wconf 85' lang='lat' dir='ltr'>uiribus</span> <span class='ocrx_word' id='word_1_290' title='bbox 2108 5292 2133 5353; x_wconf 87' lang='lat' dir='ltr'>V,</span> 
     </span>
     <span class='ocr_line' id='line_1_34' title="bbox 510 5377 1706 5447; baseline -0.003 -19"><span class='ocrx_word' id='word_1_291' title='bbox 510 5382 604 5429; x_wconf 84' lang='lat' dir='ltr'>urentis</span> <span class='ocrx_word' id='word_1_292' title='bbox 621 5381 720 5427; x_wconf 86' lang='lat' dir='ltr'>uiribus</span> <span class='ocrx_word' id='word_1_293' title='bbox 739 5378 768 5426; x_wconf 84' lang='grc' dir='ltr'><em>Μ</em></span> <span class='ocrx_word' id='word_1_294' title='bbox 872 5379 903 5428; x_wconf 84' lang='grc'>15</span> <span class='ocrx_word' id='word_1_295' title='bbox 922 5384 1001 5441; x_wconf 64' lang='lat' dir='ltr'>atqua</span> <span class='ocrx_word' id='word_1_296' title='bbox 1019 5377 1058 5447; x_wconf 89' lang='lat' dir='ltr'>ln]</span> <span class='ocrx_word' id='word_1_297' title='bbox 1076 5380 1161 5441; x_wconf 81' lang='lat' dir='ltr'>ltaque</span> <span class='ocrx_word' id='word_1_298' title='bbox 1180 5380 1206 5426; x_wconf 87' lang='lat' dir='ltr'>in</span> <span class='ocrx_word' id='word_1_299' title='bbox 1230 5377 1309 5441; x_wconf 65' lang='lat' dir='ltr'>th&#39;),</span> <span class='ocrx_word' id='word_1_300' title='bbox 1331 5381 1409 5440; x_wconf 84' lang='lat' dir='ltr'>inquo</span> <span class='ocrx_word' id='word_1_301' title='bbox 1428 5379 1455 5426; x_wconf 80' lang='grc' dir='ltr'><em>Μ</em></span> <span class='ocrx_word' id='word_1_302' title='bbox 1558 5379 1663 5426; x_wconf 86' lang='lat' dir='ltr'>eouuitll</span> <span class='ocrx_word' id='word_1_303' title='bbox 1685 5379 1706 5424; x_wconf 93' lang='lat' dir='ltr'><strong><em>V</em></strong></span> 
     </span>
    </p>

    <p class='ocr_par' dir='ltr' id='par_1_14' title="bbox 510 5463 2140 5790">
     <span class='ocr_line' id='line_1_35' title="bbox 598 5463 2136 5528; baseline -0.001 -14"><span class='ocrx_word' id='word_1_304' title='bbox 598 5464 629 5514; x_wconf 88' lang='grc'>19</span> <span class='ocrx_word' id='word_1_305' title='bbox 647 5465 705 5514; x_wconf 76' lang='lat' dir='ltr'>lodo</span> <span class='ocrx_word' id='word_1_306' title='bbox 721 5465 752 5513; x_wconf 82' lang='lat' dir='ltr'>cb</span> <span class='ocrx_word' id='word_1_307' title='bbox 770 5465 939 5526; x_wconf 64' lang='lat' dir='ltr'>locupletato</span> <span class='ocrx_word' id='word_1_308' title='bbox 957 5467 1126 5528; x_wconf 72' lang='lat' dir='ltr'>inscriptiones</span> <span class='ocrx_word' id='word_1_309' title='bbox 1144 5468 1260 5513; x_wconf 82' lang='lat' dir='ltr'>omittunt</span> <span class='ocrx_word' id='word_1_310' title='bbox 1278 5479 1329 5514; x_wconf 79' lang='lat' dir='ltr'>oca</span> <span class='ocrx_word' id='word_1_311' title='bbox 1348 5466 1429 5513; x_wconf 82' lang='lat' dir='ltr'>solum</span> <span class='ocrx_word' id='word_1_312' title='bbox 1446 5464 1501 5527; x_wconf 83' lang='lat' dir='ltr'>VM,</span> <span class='ocrx_word' id='word_1_313' title='bbox 1521 5464 1562 5513; x_wconf 79' lang='lat' dir='ltr'>sed</span> <span class='ocrx_word' id='word_1_314' title='bbox 1581 5463 1690 5513; x_wconf 67' lang='lat' dir='ltr'>etiami</span> <span class='ocrx_word' id='word_1_315' title='bbox 1706 5469 1730 5513; x_wconf 80' lang='lat' dir='ltr'>et</span> <span class='ocrx_word' id='word_1_316' title='bbox 1747 5466 1832 5526; x_wconf 82' lang='lat' dir='ltr'>spetllr</span> <span class='ocrx_word' id='word_1_317' title='bbox 1849 5465 2005 5524; x_wconf 66' lang='lat' dir='ltr'>eloquiorum</span> <span class='ocrx_word' id='word_1_318' title='bbox 2022 5478 2136 5512; x_wconf 78' lang='lat' dir='ltr'>versuum</span> 
     </span>
     <span class='ocr_line' id='line_1_36' title="bbox 510 5549 2137 5614; baseline -0.001 -15"><span class='ocrx_word' id='word_1_319' title='bbox 510 5555 595 5601; x_wconf 82' lang='lat' dir='ltr'>vacuis</span> <span class='ocrx_word' id='word_1_320' title='bbox 612 5553 702 5600; x_wconf 71' lang='lat' dir='ltr'>relictis</span> <span class='ocrx_word' id='word_1_321' title='bbox 721 5550 756 5613; x_wconf 90' lang='lat' dir='ltr'>P,·</span> <span class='ocrx_word' id='word_1_322' title='bbox 780 5551 823 5599; x_wconf 78' lang='lat' dir='ltr'>aad</span> <span class='ocrx_word' id='word_1_323' title='bbox 840 5565 896 5600; x_wconf 79' lang='lat' dir='ltr'>cnm</span> <span class='ocrx_word' id='word_1_324' title='bbox 914 5566 952 5613; x_wconf 78' lang='lat' dir='ltr'>ep.</span> <span class='ocrx_word' id='word_1_325' title='bbox 973 5554 1008 5602; x_wconf 77' lang='lat'>60</span> <span class='ocrx_word' id='word_1_326' title='bbox 1023 5557 1121 5614; x_wconf 79' lang='lat' dir='ltr'>propter</span> <span class='ocrx_word' id='word_1_327' title='bbox 1138 5556 1313 5612; x_wconf 79' lang='lat' dir='ltr'>urpumeatrsm</span> <span class='ocrx_word' id='word_1_328' title='bbox 1331 5551 1364 5599; x_wconf 83' lang='lat' dir='ltr'>nd</span> <span class='ocrx_word' id='word_1_329' title='bbox 1381 5554 1488 5601; x_wconf 75' lang='lat' dir='ltr'>Dacium</span> <span class='ocrx_word' id='word_1_330' title='bbox 1505 5550 1566 5599; x_wconf 83' lang='lat' dir='ltr'>dcto</span> <span class='ocrx_word' id='word_1_331' title='bbox 1582 5565 1633 5599; x_wconf 78' lang='lat' dir='ltr'>csse</span> <span class='ocrx_word' id='word_1_332' title='bbox 1649 5551 1773 5611; x_wconf 78' lang='lat' dir='ltr'>videatur,</span> <span class='ocrx_word' id='word_1_333' title='bbox 1793 5553 1868 5599; x_wconf 77' lang='lat' dir='ltr'>etr‘om</span> <span class='ocrx_word' id='word_1_334' title='bbox 1884 5564 1939 5611; x_wconf 78' lang='lat' dir='ltr'>epp.</span> <span class='ocrx_word' id='word_1_335' title='bbox 1954 5550 2058 5598; x_wconf 58' lang='lat'>³949</span> <span class='ocrx_word' id='word_1_336' title='bbox 2075 5549 2137 5597; x_wconf 80' lang='lat' dir='ltr'>idem</span> 
     </span>
     <span class='ocr_line' id='line_1_37' title="bbox 510 5635 2136 5701; baseline -0.001 -17"><span class='ocrx_word' id='word_1_337' title='bbox 510 5651 598 5686; x_wconf 74' lang='lat' dir='ltr'>noman</span> <span class='ocrx_word' id='word_1_338' title='bbox 613 5637 813 5698; x_wconf 78' lang='lat' dir='ltr'>praeponendum</span> <span class='ocrx_word' id='word_1_339' title='bbox 830 5638 894 5686; x_wconf 82' lang='lat' dir='ltr'>duco</span> <span class='ocrx_word' id='word_1_340' title='bbox 1011 5638 1043 5687; x_wconf 75' lang='grc'>10</span> <span class='ocrx_word' id='word_1_341' title='bbox 1062 5636 1270 5701; x_wconf 84' lang='lat' dir='ltr'>obrumpaudsl</span> <span class='ocrx_word' id='word_1_342' title='bbox 1384 5640 1471 5686; x_wconf 72' lang='lat' dir='ltr'>udatur</span> <span class='ocrx_word' id='word_1_343' title='bbox 1491 5636 1536 5684; x_wconf 87' lang='lat' dir='ltr'>Pl</span> <span class='ocrx_word' id='word_1_344' title='bbox 1550 5652 1585 5685; x_wconf 87' lang='lat' dir='ltr'>m.</span> <span class='ocrx_word' id='word_1_345' title='bbox 1701 5643 1801 5685; x_wconf 81' lang='lat' dir='ltr'>ueteres</span> <span class='ocrx_word' id='word_1_346' title='bbox 1821 5635 1867 5683; x_wconf 87' lang='lat' dir='ltr'>Pl</span> <span class='ocrx_word' id='word_1_347' title='bbox 1880 5651 1914 5684; x_wconf 90' lang='lat' dir='ltr'>m.</span> <span class='ocrx_word' id='word_1_348' title='bbox 2033 5635 2064 5685; x_wconf 79' lang='lat'>21</span> <span class='ocrx_word' id='word_1_349' title='bbox 2085 5650 2136 5683; x_wconf 85' lang='lat' dir='ltr'>me·</span> 
     </span>
     <span class='ocr_line' id='line_1_38' title="bbox 511 5719 2140 5790; baseline -0.004 -17"><span class='ocrx_word' id='word_1_350' title='bbox 511 5723 643 5773; x_wconf 86' lang='lat' dir='ltr'>morurnV</span> <span class='ocrx_word' id='word_1_351' title='bbox 745 5720 842 5790; x_wconf 80' lang='lat' dir='ltr'>tonsas]</span> <span class='ocrx_word' id='word_1_352' title='bbox 859 5737 913 5784; x_wconf 75' lang='lat' dir='ltr'>epo,</span> <span class='ocrx_word' id='word_1_353' title='bbox 933 5724 1098 5773; x_wconf 77' lang='lat' dir='ltr'>iacissPVM</span> <span class='ocrx_word' id='word_1_354' title='bbox 1199 5723 1230 5773; x_wconf 81' lang='lat'>23</span> <span class='ocrx_word' id='word_1_355' title='bbox 1251 5724 1394 5772; x_wconf 85' lang='lat' dir='ltr'>testibusV</span> <span class='ocrx_word' id='word_1_356' title='bbox 1496 5724 1558 5785; x_wconf 83' lang='lat' dir='ltr'>quin</span> <span class='ocrx_word' id='word_1_357' title='bbox 1577 5719 1611 5788; x_wconf 90' lang='lat' dir='ltr'>si]</span> <span class='ocrx_word' id='word_1_358' title='bbox 1629 5736 1682 5784; x_wconf 77' lang='lat' dir='ltr'>epo,</span> <span class='ocrx_word' id='word_1_359' title='bbox 1703 5726 1763 5785; x_wconf 77' lang='lat' dir='ltr'>quin</span> <span class='ocrx_word' id='word_1_360' title='bbox 1780 5724 1802 5771; x_wconf 93' lang='lat' dir='ltr'>sl</span> <span class='ocrx_word' id='word_1_361' title='bbox 1817 5723 1847 5785; x_wconf 91' lang='lat' dir='ltr'>P,</span> <span class='ocrx_word' id='word_1_362' title='bbox 1867 5724 1939 5784; x_wconf 82' lang='lat' dir='ltr'>qussi</span> <span class='ocrx_word' id='word_1_363' title='bbox 1956 5722 1982 5783; x_wconf 91' lang='lat' dir='ltr'>V,</span> <span class='ocrx_word' id='word_1_364' title='bbox 2003 5722 2093 5784; x_wconf 84' lang='lat' dir='ltr'>quodsi</span> <span class='ocrx_word' id='word_1_365' title='bbox 2113 5721 2140 5767; x_wconf 78' lang='lat' dir='ltr'>lt</span> 
     </span>
    </p>

    <p class='ocr_par' dir='ltr' id='par_1_15' title="bbox 598 5806 2139 5871">
     <span class='ocr_line' id='line_1_39' title="bbox 598 5806 2139 5871; baseline 0.001 -14"><span class='ocrx_word' id='word_1_366' title='bbox 598 5808 630 5865; x_wconf 77' lang='lat'>27</span> <span class='ocrx_word' id='word_1_367' title='bbox 649 5808 740 5858; x_wconf 82' lang='lat' dir='ltr'>scribe:</span> <span class='ocrx_word' id='word_1_368' title='bbox 760 5807 919 5871; x_wconf 78' lang='lat' dir='ltr'>Symmachus</span> <span class='ocrx_word' id='word_1_369' title='bbox 932 5811 1009 5865; x_wconf 79' lang='lat' dir='ltr'>Decio</span> <span class='ocrx_word' id='word_1_370' title='bbox 1113 5808 1146 5863; x_wconf 78' lang='lat'>28</span> <span class='ocrx_word' id='word_1_371' title='bbox 1164 5810 1286 5863; x_wconf 76' lang='lat' dir='ltr'>curuer</span> <span class='ocrx_word' id='word_1_372' title='bbox 1388 5808 1421 5863; x_wconf 81' lang='lat'>29</span> <span class='ocrx_word' id='word_1_373' title='bbox 1439 5814 1550 5859; x_wconf 83' lang='lat' dir='ltr'>moratur</span> <span class='ocrx_word' id='word_1_374' title='bbox 1561 5809 1772 5861; x_wconf 78' lang='lat' dir='ltr'>familiarissimus</span> <span class='ocrx_word' id='word_1_375' title='bbox 1784 5807 1865 5871; x_wconf 75' lang='lat' dir='ltr'><strong><em>PVM,</em></strong></span> <span class='ocrx_word' id='word_1_376' title='bbox 1887 5806 2040 5861; x_wconf 69' lang='lat' dir='ltr'>darlaarar</span> <span class='ocrx_word' id='word_1_377' title='bbox 2050 5822 2139 5859; x_wconf 78' lang='lat' dir='ltr'>acmen</span> 
     </span>
    </p>
   </div>
   <div class='ocr_carea' id='block_1_13' title="bbox 0 0 2373 6468">
    <p class='ocr_par' dir='ltr' id='par_1_16' title="bbox 0 0 2373 6468">
     <span class='ocr_line' id='line_1_40' title="bbox 0 0 2373 6468; baseline 0 0"><span class='ocrx_word' id='word_1_378' title='bbox 0 0 2373 6468; x_wconf 95' lang='lat' dir='ltr'> </span> 
     </span>
    </p>
   </div>
  </div>
 </body>
</html>
