4722 6470
1040 511 1308 568 cffaonououm
1326 512 1613 570 SYuuAcffluuA.

1057 839 1126 922 Vll
1152 838 1289 923 35--41
1317 839 1379 921 AD
1407 839 1593 923 DEClVll.

599 1027 745 1109 Decium,
773 1026 881 1093 Albini
903 1027 1079 1111 filinm881),
1107 1026 1307 1113 praefectum
1328 1028 1400 1094 urbi
1422 1049 1453 1094 a.
1474 1032 1548 1111 402,
1575 1030 1697 1095 nullum
1720 1029 1820 1095 alium
1843 1051 1916 1098 esse
1939 1052 2035 1115 quam
2059 1033 2146 1100 an-

514 1147 618 1212 cinam
641 1146 776 1213 Decium
798 1146 962 1229 Albinum,
989 1147 1099 1231 quiin
1122 1148 1236 1214 eodem
1259 1148 1450 1233 magistratu
1471 1149 1596 1235 positus
1618 1149 1756 1215 Arcadio
1777 1151 1925 1234 Augusto
1947 1159 2087 1219 statuam
2110 1154 2144 1219 in

514 1273 621 1334 monte
643 1266 803 1333 Aventino
831 1267 993 1333 dedicavit
1002 1270 1075 1351 882),
1109 1267 1295 1334 iamdudum
1325 1288 1397 1335 cum
1427 1289 1468 1335 er
1494 1270 1623 1336 nomine
1645 1270 1727 1354 patri
1751 1269 1871 1336 etfilio
1894 1273 2144 1339 communitum

513 1408 553 1453 ex
581 1394 725 1472 tempore
755 1387 976 1472 praefecturae
998 1388 1197 1454 intellectum
1220 1395 1280 1455 est.
1327 1407 1424 1473 gens,
1460 1409 1501 1455 ex
1524 1410 1588 1472 qua
1610 1389 1767 1473 originem
1790 1390 1899 1469 duxit,
1933 1392 2029 1459 facile
2052 1395 2146 1461 nobi-

513 1508 639 1574 lissima
661 1507 712 1574 sui
733 1507 888 1593 temporis
910 1514 994 1588 erat,
1028 1507 1186 1591 siquidem
1208 1528 1272 1573 non
1294 1510 1398 1574 solum
1420 1509 1567 1575 Clodium
1590 1509 1760 1588 Albinum,
1786 1510 1842 1594 qui
1865 1530 1936 1577 cum
1960 1514 2080 1580 Severo
2103 1515 2145 1582 de

481 1674 483 1677 ψ
512 1628 648 1713 imperio
670 1635 866 1711 certaverat,
897 1627 980 1694 inter
1002 1628 1139 1694 maiores
1162 1648 1238 1694 suos
1259 1630 1450 1695 numerabat
1459 1631 1530 1713 883),
1566 1629 1652 1714 quod
1674 1628 1810 1696 fortasse
1832 1652 1896 1697 non
1919 1633 2051 1699 meliore
2074 1635 2145 1701 inre

514 1747 601 1831 fecit,
628 1768 810 1831 quamquo
833 1747 1000 1832 Scipiones
1023 1747 1145 1815 saeculi
1166 1748 1272 1832 quarti
1294 1748 1456 1823 Africanis
1479 1749 1585 1815 atavis
1608 1749 1839 1833 gloriabantur,
1870 1751 2048 1819 sedetiam
2072 1775 2144 1820 cum

514 1868 723 1935 Constantino
753 1888 871 1953 magno
901 1867 1077 1950 affinitate,
1111 1889 1183 1934 cum
1205 1869 1330 1936 Iuliano
1352 1871 1498 1954 Augusto
1525 1870 1714 1954 cognatione
1737 1871 1906 1938 coniuncta
1928 1880 2008 1938 erat.
2055 1874 2146 1941 hand

514 1988 648 2056 difficile
670 2009 747 2073 ergo
769 1989 979 2074 perspicitur,
1005 2008 1062 2055 cnr
1082 1988 1330 2056 Valentinianus
1352 1990 1549 2070 Lollianum,
1577 1990 1632 2072 qui
1657 2010 1698 2056 ex
1720 1991 1782 2056 hac
1804 1991 1930 2057 familia
1951 2001 2038 2060 ortus
2062 2004 2142 2075 erat,

514 2110 556 2175 ob
588 2109 694 2176 levem
728 2108 879 2175 maleficii
912 2109 1127 2196 suspicionem
1161 2109 1264 2175 occidi
1293 2110 1425 2176 iusserit
1451 2116 1484 2177 et
1513 2109 1644 2176 tratrem
1674 2110 1744 2176 eins
1773 2111 1946 2178 Caecinam
1977 2114 2141 2199 Albinum,

514 2229 607 2295 Decii
629 2229 728 2295 nostri
750 2236 890 2314 patrem,
920 2249 1095 2311 numquam
1117 2231 1203 2296 ultra
1225 2230 1403 2297 consularis
1425 2229 1617 2314 dignitatem
1639 2231 1844 2314 promoverit.
1891 2232 1951 2299 sed
1972 2234 2054 2300 haec
2076 2256 2146 2300 rne-

514 2350 578 2416 lins
600 2350 839 2434 intellegentur,
865 2350 892 2415 si
915 2349 1003 2436 prius
1022 2350 1210 2417 Albinorum
1233 2357 1369 2417 stemma
1390 2350 1672 2431 illustraverimus,
1698 2351 1815 2434 quoin
1838 2354 2056 2438 componendo
2079 2376 2144 2420 una

515 2470 717 2555 potissimum
738 2491 774 2536 re
797 2469 897 2536 adiuti
922 2489 1043 2536 sumus.

602 2590 663 2669 Qui
697 2611 738 2657 ex
771 2591 843 2656 sola
875 2591 1038 2656 nominum
1068 2590 1190 2656 ratione
1219 2590 1361 2674 origines
1391 2590 1555 2657 hominum
1587 2591 1707 2656 saeculi
1738 2592 1843 2674 quarti
1875 2613 1912 2660 se
1941 2604 2146 2662 assecuturos

516 2731 589 2777 esse
612 2718 754 2797 sperant,
780 2711 969 2797 plerumque
990 2712 1024 2779 in
1047 2731 1169 2778 errores
1192 2710 1411 2797 apertissimos
1433 2710 1637 2791 inducuntur,
1663 2731 1735 2776 cnm
1750 2731 1814 2777 non
1829 2720 1953 2779 tantum
1970 2735 2144 2799 exgenere

516 2839 659 2898 materno
681 2831 739 2896 filii
761 2831 936 2918 nuncupati
959 2831 1024 2897 sint
1046 2831 1146 2898 etita
1167 2830 1307 2915 quidem,
1335 2837 1370 2897 ut
1393 2830 1490 2896 etiam
1512 2831 1742 2897 avunculorum
1762 2832 1874 2899 matris
1889 2832 2049 2900 interdum
2065 2836 2146 2902 ratio

516 2952 761 3036 haberetnrssssil,
789 2952 848 3018 sed
870 2951 913 3017 ad
935 2958 1060 3036 patrum
1082 2951 1250 3017 libidinem
1271 2971 1510 3035 nonnumquam
1532 2952 1662 3018 nomina
1684 2952 1748 3018 sint
1770 2952 1962 3036 excogitata.
2004 2955 2146 3040 exempli

516 3071 621 3158 gaba
634 3072 807 3155 Ausonius,
832 3079 1002 3158 postquam
1017 3071 1118 3138 filium
1132 3080 1210 3139 natu
1225 3070 1399 3137 maximum
1415 3092 1435 3137 a
1451 3071 1573 3157 seipso
1588 3071 1777 3158 appellavit,
1802 3072 1939 3140 alterum
1955 3074 2146 3160 Hesperium

517 3194 609 3278 dixit,
635 3193 726 3260 cuius
748 3192 885 3259 nominis
908 3192 941 3257 in
963 3198 1030 3259 tuta
1053 3191 1178 3257 familia
1200 3191 1280 3273 eius,
1307 3212 1390 3275 quae
1413 3214 1453 3259 ex
1475 3191 1696 3277 parentalibus
1719 3193 1888 3259 notissima
1909 3201 1970 3278 est,
1996 3216 2056 3262 nec
2072 3198 2148 3262 vola

517 3334 578 3380 nec
607 3313 780 3397 vestigium
809 3317 956 3399 apparet.
1009 3318 1179 3396 utrumque
1208 3312 1360 3378 videlicet
1388 3311 1489 3379 filium
1517 3313 1618 3399 patris
1646 3314 1831 3380 memoriam
1860 3314 2020 3383 illustrem
2050 3317 2147 3383 etiam

517 3434 700 3500 nominibus
722 3433 861 3500 retinere
883 3433 1001 3516 voluit,
1032 3441 1065 3500 et
1086 3432 1238 3516 quoniam
1260 3432 1424 3516 Vergilius
1446 3432 1616 3500 adiectivis
1637 3434 1799 3500 Ausonius
1822 3443 1855 3501 et
1876 3436 2054 3521 Hesperius
2076 3458 2148 3523 pro

518 3554 640 3621 miscuo
655 3573 733 3619 usus
748 3561 827 3636 erat,
847 3553 960 3620 minori
975 3574 1155 3638 cognomen
1169 3573 1384 3638 synonymum
1400 3573 1457 3619 suo
1472 3553 1698 3639 imposuit⁸⁸⁶).
1729 3554 1787 3621 sed
1803 3555 1884 3621 baec
1897 3555 2030 3623 licentia
2047 3558 2149 3623 virum

518 3676 588 3741 loco
609 3673 723 3740 humili
746 3681 848 3740 ortum
871 3675 991 3761 prodit:
1026 3675 1083 3758 qui
1104 3694 1224 3759 genere
1245 3672 1378 3757 gloriari
1399 3680 1562 3759 poterant,
1593 3675 1775 3740 nominibus
1799 3695 1924 3759 quoque
1946 3676 2149 3743 hereditariis

518 3795 705 3879 gaudebant
732 3815 837 3880 neque
866 3795 962 3862 facile
991 3793 1067 3860 aliis
1096 3795 1286 3877 utebantur,
1319 3794 1383 3860 nisi
1405 3815 1488 3878 quae
1510 3802 1568 3861 aut
1589 3801 1744 3880 paternae
1767 3803 1822 3861 aut
1843 3803 2010 3862 maternae
2032 3798 2150 3863 nobili-

518 3915 594 3982 tatis
622 3915 741 3983 indicio
770 3921 890 3982 essent.
936 3923 1106 4001 praeterea
1133 3920 1241 3980 certae
1269 3914 1428 3998 quaedam
1458 3915 1549 3999 leges
1576 3914 1610 3980 in
1640 3916 1778 3999 singulis
1808 3915 1942 3982 familiis
1969 3917 2151 4002 depreben-

520 4036 653 4117 duntur,
695 4043 730 4102 ιιι
766 4037 799 4102 in
835 4044 932 4120 gente
969 4036 1105 4102 oratoris
1141 4034 1242 4100 nostri
1278 4034 1338 4100 filii
1373 4041 1451 4101 natu
1489 4036 1619 4100 maximi
1654 4056 1782 4120 semper
1813 4058 1930 4103 nomen
1964 4038 2148 4122 Symmachi

519 4157 676 4240 gerebant
705 4165 738 4224 ct
767 4176 878 4224 omnes
901 4155 991 4222 Sexti
1013 4155 1154 4221 Petronii
1176 4155 1270 4221 Probi
1300 4154 1438 4220 maiores
1466 4161 1500 4221 et
1526 4154 1586 4220 filii
1616 4164 1673 4221 aut
1694 4156 1882 4240 cognomine
1905 4157 2008 4223 Probo
2030 4164 2086 4222 aut
2108 4159 2149 4224 ab

521 4297 559 4343 eo
588 4276 742 4343 derivatis
764 4277 901 4344 Probino
931 4283 964 4342 et
986 4275 1145 4341 Probiano
1173 4275 1349 4362 nuncupati
1379 4278 1531 4359 santur).
1577 4276 1611 4340 in
1634 4275 1858 4342 Caeioniorum
1888 4284 1994 4344 autem
2024 4278 2149 4344 familia

423 4408 424 4415 ’
520 4397 550 4464 is
573 4417 641 4463 mos
664 4398 853 4464 observatus
875 4404 941 4478 est,
968 4404 1003 4462 ut
1025 4402 1134 4483 patres
1156 4395 1251 4478 filiis,
1277 4416 1356 4479 quos
1379 4396 1498 4482 primos
1521 4395 1749 4481 suscepissent,
1775 4397 1923 4463 ultimum
1947 4417 2074 4485 semper
2096 4398 2148 4464 avi

521 4539 637 4585 nomen
658 4518 868 4604 imponerent,
894 4539 959 4601 qua
980 4517 1104 4583 ratione
1125 4516 1293 4585 Volusiani
1315 4523 1349 4583 et
1369 4516 1479 4582 Albini
1501 4538 1559 4602 per
1581 4517 1729 4600 singulas
1752 4525 1876 4584 aetates
1898 4519 2114 4585 alternabant.

609 4779 668 4842 881)
689 4781 793 4829 Macrob.
815 4785 862 4828 sat.
882 4779 936 4843 12,
960 4778 974 4827 3
998 4779 1041 4826 boc
1058 4793 1150 4841 uuum,
1172 4781 1249 4839 Deci,
1269 4777 1340 4826 uobis
1357 4804 1393 4813 —
1410 4783 1438 4825 ut
1456 4783 1479 4825 ιι
1497 4780 1562 4841 ipre,
1588 4784 1709 4839 quamtum
1728 4783 1772 4827 tun
1790 4782 1851 4827 cinit
1868 4779 2051 4843 adulescentia,
2070 4781 2151 4829 uidere

521 4873 545 4915 et
563 4881 592 4914 ex
607 4870 679 4927 putre
696 4867 785 4915 Albino
802 4865 890 4915 audire
906 4868 1009 4926 potuisti
1025 4891 1061 4902 ·-
1081 4868 1108 4914 tn
1125 4869 1193 4913 omui
1209 4868 1276 4913 uitae
1294 4878 1367 4913 eum
1385 4868 1504 4926 optimum
1522 4868 1602 4913 visum
1619 4871 1653 4914 eu
1671 4872 1719 4913 etc.

608 4952 667 5011 882)
688 4952 717 5002 Ο.
738 4955 759 5002 1.
780 4954 807 5001 L.
829 4953 864 4999 Vl
885 4950 951 5001 tran
969 4950 1092 5012 mommo)
1111 4952 1208 5011 murtro)
1223 4953 1326 5013 Fttovto]
1342 4949 1450 4998 Arcadio
1466 4953 1509 5012 pio
1527 4949 1596 5010 satiet
1614 4952 1700 4999 victori
1719 4965 1748 4999 uc
1766 4950 1918 5011 triumsutort
1934 4968 2028 5014 seraper
2040 4954 2151 5014 Augusto

444 5038 456 5045 '
525 5040 630 5087 Caecina
643 5039 734 5087 Decius
747 5039 853 5087 Albinus
869 5036 924 5099 u(ir)
944 5038 1125 5101 otiosissimus),
1144 5038 1286 5099 praefectus
1303 5037 1360 5085 urbt
1378 5040 1429 5084 vice
1447 5051 1517 5085 sacra
1536 5036 1658 5099 bedleem,
1679 5036 1781 5085 deuotus
1792 5041 1891 5086 numiui
1902 5041 2073 5101 maiestatique
2087 5042 2148 5088 eiua.

609 5124 669 5187 883)
690 5127 770 5189 Capit.
793 5127 836 5173 vit.
858 5125 945 5172 Albini
964 5125 988 5183 l,
1014 5124 1021 5171 l
1044 5126 1162 5184 originem
1180 5140 1196 5171 α
1214 5123 1334 5172 Romano
1352 5123 1458 5183 familiis
1476 5123 1587 5185 trabem,
1616 5122 1798 5172 Postumiorum
1816 5126 1905 5171 scilicet
1923 5130 1945 5172 et
1965 5126 2110 5173 Albinonun
2127 5130 2149 5173 ιι

525 5211 684 5260 Octauiorum.
724 5225 786 5273 quus
804 5209 904 5269 smutttu
922 5209 990 5257 bodie
1009 5223 1112 5271 quoque,
1135 5209 1295 5259 Constantius
1311 5212 1426 5271 maxime,
1446 5209 1599 5257 mobilissima
1617 5213 1652 5256 eat
1670 5215 1693 5257 et
1707 5224 1752 5270 per
1769 5215 1793 5257 te
1810 5214 1885 5258 auctu
1903 5214 1926 5257 et
1944 5211 2068 5272 oupeudn,
2089 5226 2151 5272 quae

520 5313 565 5359 per
582 5296 724 5345 Gallienum
742 5302 764 5345 et
781 5296 918 5344 (loe-dicans
935 5297 1072 5356 plurimum
1089 5298 1173 5343 creuit.

609 5384 667 5445 884)
689 5383 770 5431 Flllus
787 5383 915 5444 Pomponll
934 5381 1038 5429 Maximi
1064 5386 1090 5428 et
1108 5382 1186 5430 lullae
1205 5382 1329 5440 Dryadlae
1354 5396 1443 5429 nomen
1468 5383 1564 5444 accepit
1589 5381 1710 5442 abiegno
1729 5382 1832 5429 Arborio
1851 5384 1937 5429 matris
1955 5383 2094 5442 avuncnl03
2124 5395 2148 5429 r.

522 5487 547 5534 p.
570 5471 685 5519 LXXVI.

609 5557 666 5619 885)
688 5558 727 5607 Gi.
750 5556 885 5615 Dryadiam
903 5554 980 5602 illlam
999 5555 1106 5615 Arborii,
1129 5555 1233 5603 Idaliam
1253 5556 1328 5603 ullam
1348 5556 1481 5618 Veneriae,
1502 5555 1635 5602 Melanlam
1655 5558 1757 5616 neptem
1777 5554 1889 5613 Mauram
1911 5570 1936 5616 p.
1958 5554 2075 5603 uxxvt.

610 5643 670 5706 886)
690 5641 761 5701 Quod
780 5655 847 5689 unns
865 5656 878 5687 e
898 5640 971 5688 Probi
990 5642 1048 5688 tlllls
1067 5640 1186 5700 Olybrius
1204 5644 1244 5689 avl
1263 5642 1370 5690 materni
1390 5655 1478 5689 nomen
1497 5642 1587 5701 gessit,
1615 5654 1714 5687 causam
1734 5641 1843 5702 aliquam
1862 5642 2015 5702 peculiarem
2033 5642 2150 5690 babnlsse

522 5731 631 5778 videtur.
668 5732 773 5778 sortasse
795 5729 872 5775 maior
890 5726 1007 5785 Olybrius
1029 5728 1108 5774 tilium
1134 5734 1211 5775 morte
1236 5730 1368 5775 immatura
1390 5728 1508 5774 amiserat
1532 5733 1559 5774 et
1582 5727 1726 5774 aetemttati
1749 5728 1858 5774 nominis
1882 5728 1923 5774 sui
1947 5728 1994 5775 hoe
2018 5728 2089 5775 modo
2107 5741 2151 5790 per

522 5821 638 5878 nepotem
656 5816 786 5863 consulere
805 5815 892 5862 voluit.
931 5828 955 5862 v.
975 5828 1000 5874 p.
1021 5812 1113 5861 xcvi.
