4736 6478
936 519 1049 576 LIBER
1067 519 1119 574 III.

803 881 1005 948 LXXXVIII
1034 888 1109 947 ante
1124 903 1156 947 a.
1175 885 1249 946 396.

883 1019 942 1085 AD
964 1018 1170 1084 RVFINVM.
1862 1019 1896 1080 P

301 1195 471 1261 Silentium
494 1215 600 1260 meum
624 1192 666 1259 de
689 1211 825 1258 excessu
847 1191 927 1257 civis
950 1192 1073 1257 emeriti
1096 1190 1296 1275 lepidissimo
1319 1196 1508 1273 argumento
1530 1192 1689 1275 epistulae
1704 1210 1843 1256 momor-

216 1298 301 1363 disti.
350 1318 424 1363 nam
453 1296 532 1380 quid
562 1295 738 1379 excogitari
767 1294 903 1361 facetius
931 1294 1036 1379 potuit
1065 1294 1107 1360 ad
1136 1294 1380 1376 castigationem
1410 1293 1575 1378 suppressi
1604 1315 1625 1358 a
1652 1314 1704 1359 me
1726 1294 1840 1375 nuntii,

185 1421 312 1484 squam
336 1411 368 1464 ut
391 1400 496 1466 Caelii
518 1398 635 1465 montis
657 1398 817 1464 habitator
845 1397 1036 1464 adventiciis
1063 1396 1178 1462 litteris
1201 1397 1322 1461 Romae
1347 1446 1468 1461 .....
1494 1402 1741 1480 cognoscerem?
1785 1395 1843 1461 sed
1901 1398 2003 1481 (th

216 1503 296 1568 milri
318 1502 429 1569 iudicii
450 1502 498 1569 tui
520 1508 667 1587 spectata
689 1501 832 1585 gravitas
854 1500 971 1565 indixit
993 1500 1192 1584 religionem.
1239 1499 1339 1564 metui
1368 1500 1486 1584 quippe
1507 1500 1567 1566 tibi
1589 1499 1771 1566 huiusmodi
1792 1500 1844 1565 in-

215 1605 299 1671 dicio
322 1605 428 1671 laetus
449 1605 563 1671 videri.
611 1605 676 1671 scis
705 1604 915 1670 humanitatis
946 1603 1031 1669 hanc
1053 1622 1125 1668 esse
1148 1602 1318 1684 rationem,
1352 1607 1387 1667 ut
1416 1623 1529 1687 parum
1551 1602 1693 1688 probatis
1716 1610 1749 1669 et
1770 1610 1844 1668 ante

215 1706 419 1773 discordibus
441 1708 484 1773 ad
506 1708 608 1774 vicem
632 1707 768 1789 doloris,
801 1728 896 1791 quem
925 1726 1010 1771 mors
1040 1707 1181 1772 incutere
1204 1706 1303 1787 solet,
1336 1705 1548 1771 reverentiam
1578 1706 1694 1771 saltem
1723 1705 1844 1771 silentii

214 1810 410 1877 deseramus.
456 1831 556 1894 quare
585 1831 681 1896 parce
710 1811 839 1895 oblique
869 1810 943 1876 stilo
973 1811 1125 1889 caedere,
1159 1809 1245 1892 quod
1274 1808 1446 1893 displicere
1475 1809 1608 1875 auribus
1637 1809 1700 1876 tuis
1729 1808 1837 1889 timui3
1864 1812 1883 1871 2

169 1936 196 1977 ιι
215 1915 293 1998 quin
321 1913 418 1979 inuno
446 1935 509 1998 age
538 1913 817 1999 circumspectioni
847 1934 939 1980 meae
967 1913 1108 1997 gratias,
1141 1933 1226 1995 quae
1255 1913 1319 1977 tuis
1341 1912 1465 1979 salibus
1487 1913 1591 1977 locum
1614 1912 1702 1978 fecit.
1748 1919 1844 1996 atque

215 2018 339 2083 utinam
362 2038 462 2103 saepe
485 2018 642 2103 epistulas
663 2018 733 2084 ioco
756 2018 893 2098 scribas,
928 2037 1008 2102 quas
1037 2035 1139 2100 negas
1168 2016 1263 2082 serio.
1310 2015 1388 2100 quid
1410 2036 1509 2081 avare
1531 2016 1630 2082 uteris
1651 2015 1777 2099 ingenii
1798 2016 1846 2080 tui

215 2120 339 2205 copiis?
375 2140 488 2186 vereor
509 2141 550 2187 ne
574 2120 652 2185 milri
675 2122 809 2207 posthac
831 2120 943 2186 utilius
966 2121 1008 2185 sit
1029 2117 1193 2186 mittendis
1216 2120 1332 2185 litteris
1354 2120 1533 2197 abstinere;
1568 2140 1642 2184 nam
1666 2119 1843 2204 proximam

215 2223 256 2289 de
279 2230 312 2290 te
334 2224 489 2308 paginam
512 2224 689 2290 offensione
710 2223 936 2290 taciturnitatis
959 2223 1065 2305 elicui,
1092 2230 1125 2289 et
1146 2222 1219 2288 ideo
1241 2223 1422 2308 praestabis
1444 2223 1579 2289 forsitan
1601 2223 1716 2308 culpae
1738 2242 1840 2287 meae.

212 2325 300 2408 quod
323 2347 386 2392 non
410 2327 519 2392 reddis
541 2326 667 2392 officiis.

168 2606 196 2647 ιι
784 2584 1003 2651 LXXXVHH
1036 2606 1068 2651 a.
1087 2586 1271 2649 ssu-383.

883 2722 943 2787 AD
967 2722 1170 2788 RVFINVM.

304 2894 569 2963 commendarem
600 2895 658 2961 tibi
681 2896 871 2962 Flavianum
901 2894 1002 2960 tilium
1031 2915 1155 2975 meum,
1186 2895 1303 2960 uisite
1326 2895 1453 2960 volente
1476 2893 1716 2959 essetaccitus.
1763 2891 1844 2956 nihil

214 2999 315 3082 igitur
343 3005 399 3065 tuo
429 2998 585 3064 beneficio
615 2998 787 3082 derogabo.
835 2998 913 3064 satis
941 3005 991 3063 est
1018 2998 1126 3063 iuveni
1156 3018 1227 3064 meo
1256 2997 1298 3063 ad
1328 3003 1550 3080 argumentum
1580 2996 1664 3080 grati
1693 2995 1779 3061 circa
1811 3002 1844 3060 te

215 3101 333 3184 animi,
367 3101 453 3185 quod
475 3101 516 3168 de
538 3102 653 3169 litteris
675 3104 817 3187 parentis
839 3123 903 3167 non
925 3102 1057 3185 requirit
1078 3102 1245 3168 auxilium.
1293 3108 1368 3186 puto
1396 3107 1505 3166 tamen
1527 3099 1696 3166 convenire
1718 3097 1840 3183 pietati,

36 3240 42 3249 =
169 3225 198 3266 ro
216 3212 252 3270 ut
274 3225 325 3270 me
348 3224 475 3287 quoque
497 3204 567 3270 eius
589 3206 717 3272 nomine·
738 3206 797 3272 tibi
821 3206 924 3272 fatear
946 3205 1134 3290 obligatum.
1182 3225 1222 3270 cx
1244 3225 1307 3289 quo
1330 3203 1400 3287 fiet,
1432 3211 1467 3269 ut
1493 3204 1588 3290 plura
1617 3204 1650 3269 iu
1672 3224 1746 3269 eum
1769 3222 1844 3267 con-

216 3326 313 3392 geras
336 3306 434 3373 studii
456 3307 503 3372 tui
528 3328 672 3390 munera,
699 3330 755 3394 pro
778 3329 841 3392 quo
862 3308 922 3374 tibi
942 3329 1006 3374 non
1029 3327 1111 3374 unus
1133 3308 1290 3374 obnoxius
1313 3315 1373 3374 est.

871 3584 1028 3649 LXXXX
1060 3605 1091 3650 a.
1110 3586 1183 3649 383.

885 3722 944 3787 AD
967 3722 1170 3787 RVFINVM.
1865 3727 1930 3789 PF

307 3894 413 3978 Saepe
435 3893 513 3958 mibi
536 3901 647 3959 auctor
667 3894 811 3960 laetitiae
833 3900 890 3959 aut
910 3893 1032 3979 primus
1055 3901 1111 3959 aut
1133 3895 1221 3960 solus
1244 3915 1294 3971 es;
1321 3900 1522 3976 quaestorem
1545 3892 1682 3957 antehac
1701 3890 1842 3971 fratrem,

173 4015 202 4058 rs
220 4016 304 4062 nunc
325 4004 480 4063 rectorem
503 3996 741 4080 praetorianum
764 3996 879 4062 litteris
901 3997 1067 4062 nuntiasti.
1108 3997 1139 4061 in
1162 3997 1309 4062 omnibus
1332 4016 1408 4080 ergo
1429 3995 1544 4061 litteris
1565 3994 1630 4059 tuis
1644 4014 1763 4076 magna
1783 3993 1845 4057 ali-

220 4121 283 4183 qua
304 4100 416 4183 gaudii
440 4100 503 4166 mei
525 4107 706 4165 causaest.
754 4099 831 4183 quid
853 4100 938 4182 quod
960 4101 1033 4185 ipsa
1060 4100 1160 4164 verba
1190 4099 1352 4165 luxuriant
1382 4107 1414 4164 et
1442 4098 1540 4163 animi
1571 4097 1615 4161 tui
1644 4096 1842 4161 alacritatem

220 4202 285 4267 stili
307 4203 409 4269 nitore
433 4209 611 4269 testanturl
654 4202 735 4268 baec
757 4224 827 4269 cum
851 4204 981 4288 paribus
1004 4203 1117 4269 ciliciis
1140 4223 1278 4286 aequare
1302 4224 1365 4268 non
1385 4193 1515 4286 possim,
1542 4207 1614 4266 voto
1637 4199 1746 4265 divina
1768 4220 1843 4265 oon-

221 4306 324 4388 venio,
352 4312 386 4370 ut
408 4306 536 4373 fortuna
558 4306 747 4391 optimorum
771 4306 910 4371 virorum
934 4325 1061 4389 semper
1082 4305 1232 4371 felicitati
1253 4311 1328 4371 tuae
1351 4310 1444 4387 grata
1465 4303 1515 4368 sit.

821 4580 993 4645 LXXXXI
1021 4587 1141 4646 antea.
1162 4584 1236 4645 396.

888 4719 947 4783 ΑΙ)
971 4718 1176 4784 RVFINVM.
1306 4712 1310 4717 “

305 4890 470 4958 Probitate
500 4897 533 4956 et
562 4890 681 4955 honore
711 4889 907 4974 pollentibus
936 4890 1015 4955 viris
1042 4890 1121 4955 nihil
1152 4890 1259 4955 allona
1289 4888 1380 4954 addit
1409 4889 1527 4967 orati03
1570 4907 1629 4953 sua
1658 4887 1743 4952 enim
1773 4887 1845 4952 luce

223 4994 386 5080 conspicui
408 4994 564 5079 precariis
587 4993 777 5060 testimoniis
805 5013 868 5058 non
889 4994 1050 5058 iuvantur.
1098 4993 1203 5075 qualis
1224 4993 1322 5074 igitur
1350 4999 1551 5075 quantusque
1581 4991 1623 5056 sit
1645 4990 1792 5055 domiuus
1814 4995 1847 5054 et

223 5096 321 5164 frater
349 5117 441 5164 meus
473 5147 614 5179 ......
648 5097 682 5161 in
711 5103 822 5181 aperto
851 5104 910 5162 est.
958 5097 1071 5162 merito
1100 5097 1171 5162 eius
1200 5090 1350 5161 laudibus
1380 5102 1521 5161 nostrum
1552 5094 1637 5160 cedit
1667 5092 1842 5176 ingenium.

222 5201 281 5267 hoc
310 5222 408 5267 unum
436 5206 544 5267 tamen
575 5198 841 5283 praetereundum
872 5221 934 5264 non
964 5205 1057 5284 puto,
1092 5218 1247 5264 summam
1279 5198 1356 5264 milri
1386 5220 1458 5264 cum
1486 5198 1545 5263 illo
1574 5216 1648 5263 esse
1670 5196 1845 5261 officiorum

306 5479 321 5528 5
340 5493 414 5541 quam
433 5475 474 5545 ut]
492 5479 601 5539 Iuratus,
622 5478 738 5539 qnamuls
750 5474 821 5525 ΡῙΨ
923 5491 1005 5526 romae
1023 5492 1195 5539 eogrroseorem
1210 5477 1238 5541 P,
1258 5477 1348 5527 scribe:
1370 5478 1461 5527 Romae
1478 5481 1550 5538 gesta
1566 5487 1738 5536 cognoscerem
1756 5474 1795 5522 vel
1812 5476 1846 5521 st-

222 5567 278 5613 ouo
295 5564 362 5627 qaid,
384 5565 494 5613 Romans
511 5577 682 5625 cognoscerem
701 5562 761 5612 Stare
867 5562 896 5612 tt
916 5563 983 5612 redis
1002 5563 1095 5612 le.

306 5649 340 5700 23
358 5664 408 5699 om.
430 5652 451 5697 F
553 5650 586 5700 25
604 5650 632 5697 tn
650 5650 796 5698 homlnibus
814 5650 860 5698 Pl
875 5666 908 5697 uu
1015 5649 1048 5699 26
1067 5652 1107 5698 sui
1126 5650 1171 5697 PF

306 5736 339 5786 30
357 5751 406 5785 οιη.
428 5738 450 5783 F
586 5735 618 5784 33
636 5738 663 5784 iu
683 5742 767 5799 aperto
784 5764 818 5771 —
835 5736 965 5796 iugenlum
985 5737 1029 5784 boe
1046 5750 1094 5784 om.
1117 5734 1140 5781 P
1157 5740 1168 5784 1
1189 5751 1234 5797 m.‚
1261 5739 1387 5796 praetem
1403 5748 1494 5783 omnen
1511 5748 1606 5795 quoque
1623 5732 1785 5780 cornmeuduti
1802 5731 1845 5778 de-

223 5822 345 5871 dderutur

299 5923 324 5974 Q
340 5923 452 5963 suranna
466 5922 612 5965 Srrrruouvs.
853 5894 857 5905 α
936 5949 937 5952 =
1609 5924 1638 5972 13
