4746 6472
976 485 1092 541 LIBER
1109 486 1132 541 1.

757 843 813 909 nv
841 843 1081 929 (xxxxvnn)
1118 865 1148 910 a.
1168 789 1352 912 ssa-aar.

653 980 1098 1049 sunmonvsrooruo
1120 981 1450 1048 caramanico.
1889 986 2004 1050 Pru

328 1153 402 1219 Scio
424 1152 570 1237 germani
591 1152 709 1218 amoris
731 1171 815 1235 esse,
841 1151 927 1235 quod
949 1152 1078 1219 suades.
1126 1153 1185 1220 sed
1206 1152 1422 1219 reconciliatio
1444 1175 1517 1220 eum
1539 1155 1674 1237 requirit
1694 1162 1868 1239 auctorem,

246 1277 337 1339 quem
367 1256 480 1322 babuit
508 1254 628 1321 iniusta
649 1254 827 1337 dissensio,
861 1275 902 1321 ne
923 1275 1040 1322 noxam
1069 1257 1226 1323 meruisse
1254 1256 1418 1339 rideatur,
1451 1257 1506 1340 qui
1528 1256 1691 1326 abiuratas
1714 1259 1872 1326 amicitias

218 1360 335 1443 aquasi
364 1358 445 1425 nihil
473 1377 590 1444 passus
620 1357 772 1424 adfectat.
819 1379 919 1442 quare
946 1360 1086 1425 oblatam
1117 1359 1318 1426 concordiam
1345 1381 1408 1425 non
1437 1360 1557 1445 refuto,
1591 1365 1644 1426 red
1672 1372 1873 1447 sequestrata

247 1462 500 1529 consideratione
522 1461 668 1527 fortunae
690 1460 805 1527 redeat
825 1461 860 1527 in
881 1463 1029 1546 gratiam,
1055 1463 1111 1546 qui
1129 1463 1228 1529 movit
1243 1464 1410 1529 offensam.
1457 1462 1515 1529 tibi
1537 1484 1594 1549 pro
1609 1472 1717 1532 nostra
1732 1466 1873 1532 amicitia

248 1565 324 1630 satis
345 1565 500 1648 gratulor,
527 1565 619 1631 cuius
639 1564 732 1630 labor
753 1565 851 1630 saluti
872 1567 1022 1650 publicae
1044 1566 1268 1632 commodabit.
1315 1566 1356 1632 de
1378 1587 1441 1649 quo
1455 1566 1582 1633 iuterim
1598 1568 1726 1653 parcius
1742 1570 1868 1651 loquar;

248 1687 297 1732 res
318 1667 421 1749 enim,
447 1687 529 1750 quae
552 1667 594 1732 ad
617 1686 727 1732 omnes
750 1667 903 1752 pertinet,
929 1689 1102 1752 numquam
1125 1689 1188 1734 uno
1211 1675 1293 1734 teste
1315 1675 1465 1734 contenta
1486 1676 1551 1753 est,
1582 1676 1614 1735 et
1636 1670 1716 1736 mibi
1738 1691 1874 1754 magno-

248 1789 322 1855 pore
345 1770 494 1836 convenit
514 1769 561 1836 ita
582 1768 767 1835 meminisse
789 1770 913 1854 gloriae
934 1778 1020 1855 tuae,
1046 1792 1088 1838 ne
1110 1771 1324 1837 verocundiae
1346 1770 1465 1837 oblitus
1486 1771 1660 1838 existimer.
1706 1775 1792 1840 vale.

894 2064 966 2140 AD
997 2063 1217 2143 PROBVM.

854 2252 927 2318 LVI
947 2252 991 2337 (L)
1023 2273 1055 2318 a.
1074 2255 1257 2321 sos-383.

529 2426 536 2461 ι
842 2389 1103 2457 SYMMACHVS
1125 2390 1277 2459 PROBO.

290 2595 298 2610 ·
333 2561 376 2627 Et
397 2559 455 2625 tibi
486 2558 624 2644 publicis
646 2560 784 2644 negotiis
812 2568 968 2646 occupato
994 2563 1107 2627 breves
1137 2561 1263 2629 litterae
1293 2562 1426 2628 demunt
1454 2562 1619 2630 fastidium
1650 2564 1812 2647 lectionis,
1846 2573 1878 2632 et

251 2663 313 2728 mei
341 2661 441 2728 officii
471 2661 665 2745 adsiduitas,
700 2662 857 2746 quidquid
886 2665 1089 2730 scribendum
1119 2664 1303 2746 videbatur,
1336 2665 1497 2732 exhausit.
1545 2667 1658 2733 merito
1684 2669 1878 2735 salutatione

205 2783 232 2822 ιι
250 2765 365 2831 librata
386 2764 474 2847 frugi
496 2764 666 2849 epistulam
689 2767 872 2832 necessario
894 2767 1016 2851 stringo
1038 2767 1226 2852 conpendio.
1274 2767 1342 2832 alia
1363 2774 1413 2834 est
1434 2769 1519 2835 eninr
1542 2771 1726 2854 protestatio
1746 2772 1875 2855 amoris,

250 2868 315 2932 alia
344 2867 477 2950 linguae
507 2867 689 2933 ostentatio.
743 2876 840 2951 atque
869 2868 943 2935 ideo
972 2869 1052 2935 mibi
1081 2869 1242 2952 antiquior
1270 2869 1331 2936 fuit
1359 2871 1556 2952 obsequendi
1585 2893 1683 2957 opera
1710 2892 1807 2954 quam
1829 2873 1878 2938 lo-

173 2976 182 2987 ‘
258 2969 388 3052 quendi.
434 2969 556 3054 copiosi
578 2969 768 3053 videbimur,
796 2972 824 3037 si
845 2972 975 3040 abunde
997 2973 1102 3039 seduli
1123 2972 1312 3040 iudicemur.
1358 2974 1443 3039 vals.

841 3229 931 3296 nvn
951 3230 1013 3317 (m)
1047 3251 1078 3297 a.
1098 3232 1282 3298 sos-asa.

845 3367 1107 3435 sunuacnvs
1131 3370 1283 3439 naono.
1899 3374 2011 3437 Pru

213 3554 241 3596 ιο
341 3539 379 3604 ln
400 3537 599 3624 praesentia,
625 3545 778 3620 quantum
802 3539 882 3605 satis
902 3539 1007 3605 visum
1030 3546 1080 3606 est
1101 3540 1263 3607 amicitiae
1285 3540 1521 3622 munerandae,
1554 3561 1625 3607 cum
1647 3547 1721 3606 tuas
1742 3561 1882 3626 occupa·
1928 3607 1931 3613 ,
2073 3578 2098 3627 0

256 3640 355 3707 tiones
377 3649 445 3707 tum
468 3640 706 3707 festinationem
728 3641 890 3709 tabellarii
913 3644 1147 3727 contemplatus
1170 3644 1323 3724 exhibeo,
1353 3645 1437 3709 alias
1458 3644 1538 3709 mibi
1560 3653 1593 3710 et
1613 3663 1691 3710 usus
1712 3644 1826 3710 veniae
1849 3650 1882 3710 et

255 3763 329 3809 cura
349 3764 414 3810 non
437 3742 540 3810 deerit
561 3743 722 3829 epistulae
744 3745 907 3827 longioris.
954 3746 1000 3811 dii
1021 3747 1116 3812 modo
1138 3753 1247 3832 optata
1269 3747 1439 3829 fortunent,
1470 3749 1606 3814 salutem
1628 3747 1824 3833 reipublicae
1845 3747 1878 3812 in

255 3847 356 3913 solido
377 3848 500 3913 locent!
535 3853 603 3912 tum
624 3847 704 3913 mihi
731 3848 879 3914 uoluntas
901 3849 1076 3934 promptior
1102 3848 1163 3915 erit
1191 3859 1224 3916 et
1248 3851 1291 3916 ad
1318 3850 1537 3934 scribendum,
1570 3871 1653 3934 quae
1682 3860 1717 3918 tu
1743 3851 1881 3917 libenter

258 3949 409 4035 accipias,
435 3956 468 4016 et
488 3950 531 4016 ad
553 3950 704 4035 legenda,
729 3971 813 4033 quae
835 3959 870 4018 tu
891 3952 999 4018 animo
1020 3960 1155 4019 vacante
1177 3952 1390 4038 rescripseris.
1436 3956 1521 4021 vals.

209 4221 237 4265 rr
265 4190 269 4197 ’
825 4208 930 4274 LVIII
951 4209 1029 4295 (LII)
1064 4231 1096 4275 a.
1115 4212 1298 4275 sas-380.

846 4346 1107 4413 SYMMACHVS
1129 4347 1282 4416 PROBO.

338 4517 388 4583 Sit
418 4516 478 4582 tibi
506 4516 632 4583 animus
661 4537 784 4602 aequus
813 4524 846 4584 et
873 4519 1000 4603 patiens
1028 4520 1169 4585 muneris
1198 4518 1360 4604 imperati.
1414 4539 1512 4606 saepe
1540 4540 1600 4587 usu
1636 4521 1741 4603 veuit,
1778 4528 1813 4587 ut
1844 4521 1880 4587 in

255 4618 411 4685 secundos
433 4619 561 4684 labores
582 4619 685 4685 virtus
706 4622 841 4705 probata
862 4630 1038 4705 reparetur.
1085 4623 1162 4706 quid
1184 4628 1243 4687 tuf
1263 4622 1400 4689 libenter
1414 4622 1512 4689 Atilio
1526 4623 1646 4689 factum
1661 4612 1767 4707 putas,
1793 4624 1880 4706 quod

256 4720 395 4787 fascibus
417 4728 524 4787 aratra
545 4722 682 4787 mutavit
703 4729 736 4789 et
755 4723 791 4789 in
811 4724 919 4790 medio
942 4724 1094 4791 sementis
1116 4745 1213 4810 opere
1235 4725 1369 4791 anhelos
1384 4726 1484 4791 boves
1499 4727 1610 4792 statuit
1623 4726 1761 4792 rusticus
1775 4726 1880 4811 magi-

211 4839 238 4882 st
255 4830 394 4891 amatus?
415 4824 550 4909 quisque
571 4826 675 4891 bonae
697 4825 800 4911 frugis
822 4834 887 4911 est,
920 4828 955 4893 in
976 4829 1141 4914 publicum
1164 4828 1366 4895 commodum
1388 4828 1581 4895 vindicatur.
1627 4849 1710 4914 pono
1731 4828 1807 4894 illas
1827 4830 1880 4895 irr-

338 5084 419 5135 Iom.
438 5084 489 5134 VM
590 5085 606 5135 3
625 5086 710 5136 suadis
729 5086 752 5133 P
765 5092 776 5135 1
790 5103 823 5138 m.
840 5089 861 5137 V
962 5087 979 5137 4
995 5089 1124 5139 adiuratus
1140 5090 1161 5138 V
1263 5089 1279 5138 b
1297 5089 1451 5140 concordiam
1465 5091 1573 5140 oblatam
1592 5088 1641 5138 VM
1740 5089 1785 5139 sad
1803 5092 1876 5139 mm.

254 5172 325 5235 Suu,
344 5188 393 5222 om.
408 5172 484 5220 PVM
585 5172 728 5222 damttltts
749 5174 771 5220 V

341 5256 371 5306 to
389 5258 474 5320 sxplli
491 5257 523 5306 sd
540 5259 626 5319 ιςοήιῑ
642 5258 763 5321 ptsxtstr'r
780 5261 875 5324 insipit
891 5262 922 5310 ad
941 5263 1046 5324 probum
1065 5260 1094 5322 P,
1114 5274 1164 5325 cop.
1181 5260 1254 5310 VMF
1355 5261 1387 5311 12
1404 5277 1454 5311 om.
1473 5261 1544 5310 Vara
1647 5261 1678 5312 13
1694 5263 1781 5310 breuis
1798 5261 1846 5310 PV

253 5343 373 5392 lectiones
398 5343 418 5391 V
557 5342 588 5392 15
606 5345 727 5406 eplstolae
746 5345 769 5393 F
905 5349 1012 5408 stringor
1030 5348 1054 5394 F
1191 5346 1222 5397 16
1240 5353 1316 5410 atque
1334 5361 1383 5397 om.
1399 5347 1434 5412 M,
1454 5348 1511 5396 Ideo
1528 5360 1577 5397 om.
1597 5348 1617 5395 V
1753 5348 1880 5410 anttqutor

254 5430 316 5478 milui
334 5430 359 5477 Ρ
457 5431 576 5493 loquendi
594 5432 672 5494 copta.
699 5433 722 5482 sl
740 5433 883 5482 uidebimur
899 5432 1008 5481 hsbuudt
1026 5433 1167 5482 iudicemur
1184 5433 1268 5482 scdull
1285 5433 1309 5480 F

340 5514 371 5564 19
389 5531 439 5566 om.
457 5515 506 5565 VM
633 5516 667 5567 22
684 5519 764 5567 derrlt
782 5518 827 5566 Pl
842 5534 877 5568 m.
1009 5521 1130 5582 epistolae
1149 5519 1173 5567 P
1301 5517 1333 5568 23
1350 5520 1445 5568 tumllri
1463 5518 1510 5568 Pl
1526 5534 1560 5568 m.
1691 5514 1821 5584 uoluntas]
1839 5518 1875 5581 M,

253 5602 368 5665 uoluptas
386 5602 434 5651 PV

338 5687 372 5738 26
390 5704 440 5738 cm.
459 5688 510 5737 VM
622 5688 656 5738 29
674 5691 783 5739 mutabit
800 5690 848 5739 ΡΥ
959 5693 1086 5741 mutaultt
1103 5697 1131 5740 at
1147 5692 1176 5739 ln
1194 5690 1329 5741 medlo-
1345 5692 1515 5752 magistratus.
1535 5691 1643 5753 qulsqus
1659 5692 1722 5741 sua
1832 5705 1878 5740 an·

253 5772 322 5822 helas
343 5772 392 5822 VM

1632 5878 1671 5929 41
