4744 6476
1081 503 1277 560 SYMMACHI
1296 504 1533 561 RELATIONES

945 936 1088 1001 xxvm
1111 936 1280 1017 (xxxxi.
1298 937 1514 1021 maxum)
1549 959 1580 1002 a.
1600 941 1674 1003 ssa.

382 1114 481 1178 ΤΜΓ
588 1110 672 1190 Quid
702 1110 825 1195 possint
853 1110 929 1174 iusti
959 1109 1119 1194 principes
1149 1110 1297 1194 culpare,
1331 1110 1529 1194 praesentio:
1564 1110 1598 1175 in
1620 1111 1729 1176 causis
1752 1111 1887 1193 etenim,
1919 1113 2035 1197 quibus
2058 1134 2126 1177 mo·

499 1214 598 1280 menti
620 1213 806 1280 reformatio
832 1215 1026 1298 postulatur,
1060 1213 1297 1298 appellationes
1319 1212 1418 1298 recipi
1442 1234 1505 1277 non
1527 1221 1662 1298 oportet.
1710 1214 1768 1280 sed
1791 1216 1937 1281 consulto
1960 1237 2045 1282 nunc
2068 1218 2125 1281 ob

458 1428 533 1488 ‘let
560 1422 674 1486 modus
704 1419 814 1485 iudicii
845 1420 1043 1506 perveniret,
1077 1419 1154 1485 ddd.
1180 1421 1304 1505 imppp.
1350 1441 1425 1485 nam
1455 1420 1590 1486 Scirtius
1619 1442 1650 1485 v,
1676 1443 1708 1506 p.
1734 1429 1878 1507 ereptam
1910 1423 1973 1487 sibi
2001 1430 2158 1507 pariens

500 1525 717 1593 Caesarianae
740 1543 867 1589 massae
891 1526 1003 1589 crebra
1025 1524 1168 1589 aditione
1190 1531 1401 1607 conquestus,
1427 1544 1498 1589 curn
1521 1525 1766 1608 integrationem
1789 1532 1902 1608 status,
1928 1547 2023 1610 quern
2045 1526 2126 1591 ami-

500 1635 594 1703 serat,
622 1629 825 1712 inpetrasset,
852 1628 988 1694 heredes
1011 1627 1141 1709 Thesei,
1167 1629 1221 1711 qui
1243 1629 1485 1707 reluctarentur,
1512 1627 1630 1694 obiecti
1653 1634 1736 1707 sunt,
1763 1628 1837 1693 dum
1859 1649 1968 1695 revera
1990 1630 2128 1695 Artemi-

500 1734 568 1798 sius
591 1730 706 1815 Olybri
735 1730 905 1796 clarissimi
933 1738 1030 1813 atque
1052 1731 1197 1796 inlustris
1219 1731 1279 1796 viri
1302 1739 1391 1796 actor
1412 1740 1598 1813 executura,
1634 1739 1668 1796 ut
1690 1732 1761 1815 ipse
1784 1731 1948 1815 professus
1971 1739 2038 1815 est,
2070 1733 2127 1797 ob-

500 1837 610 1917 viarit,
637 1842 761 1902 etcum
785 1835 828 1902 ad
849 1836 1103 1921 pernoscendum
1128 1835 1343 1921 possessionis
1367 1841 1485 1900 statum
1509 1835 1570 1900 loci
1592 1835 1790 1900 habitatores
1813 1835 1931 1902 adesse
1946 1836 2123 1905 iussissem.

500 1942 535 2006 in
557 1940 707 2005 iniuriam
731 1939 839 2022 legum
855 1938 969 2004 Rufino
992 1939 1124 2004 officiali
1146 1939 1235 2004 iussa
1258 1939 1392 2019 curanti,
1419 1938 1473 2022 qui
1489 1938 1740 2019 deducebantur,
1766 1939 1891 2024 abrepti
1908 1946 1992 2005 sunt.
2036 1947 2128 2024 gesta
2147 1956 2175 1996 ¹⁰

501 2043 690 2115 indicabunt
719 2039 796 2106 facti
825 2041 967 2106 incivilis
996 2048 1155 2108 auctores.
1202 2042 1326 2107 interea
1349 2041 1461 2108 distuli
1483 2041 1657 2108 vindictam
1681 2041 1871 2107 indiciorum
1894 2049 1926 2108 et
1948 2063 2058 2109 rursus
2079 2044 2128 2108 of·
2189 2090 2192 2097 .

461 2146 573 2213 dicio
603 2145 766 2229 negotium
794 2143 886 2227 dedi,
921 2152 955 2211 ut
983 2145 1182 2210 necessarios
1211 2151 1369 2211 evocaret.
1416 2152 1492 2210 tunc
1519 2145 1719 2210 cessantibus
1749 2145 1907 2211 actoribus
1930 2146 2127 2212 clarissimae

503 2251 617 2315 domus
650 2248 830 2330 ceterisque
863 2248 1035 2314 subtractis
1068 2247 1112 2313 ad
1145 2247 1426 2315 contradicendum
1457 2248 1576 2313 Thesei
1606 2249 1820 2332 subrogantur
1849 2249 2003 2330 heredes,
2040 2255 2127 2329 †un0

503 2360 627 2420 tanturn
650 2352 792 2432 exhibiti,
820 2351 875 2433 qui
898 2371 933 2416 se
956 2352 1121 2417 adsereret
1142 2352 1292 2417 libertum
1316 2371 1388 2418 esse
1412 2351 1566 2416 defuncti.
1605 2351 1634 2416 is
1656 2351 1880 2435 interrogatus,
1908 2373 1970 2435 quo
1986 2353 2128 2418 abissent

502 2457 628 2523 incolae
650 2454 868 2540 praediorum,
901 2454 1068 2520 delituisse
1092 2455 1274 2533 nonnullos,
1307 2454 1402 2520 Scirti
1424 2474 1499 2520 vero
1522 2453 1683 2538 mancipia
1704 2455 1747 2520 ad
1769 2456 1982 2521 surburbanam
2005 2456 2124 2537 villam
2150 2474 2177 2513 ιι

503 2580 586 2643 quae
616 2566 665 2624 est
693 2557 864 2623 clarissimi
895 2565 926 2622 et
956 2557 1100 2623 inlustris
1123 2558 1183 2622 viri
1206 2557 1350 2642 Olybrii,
1384 2558 1541 2622 translata
1564 2558 1739 2642 respondit.
1787 2566 1895 2624 cetera
1917 2566 1953 2625 ut
1974 2580 1994 2624 a
2016 2559 2129 2625 liberto

503 2662 623 2730 Thesei
656 2661 743 2728 dicta
775 2667 956 2746 praetereo,
994 2661 1070 2727 licet
1099 2661 1133 2726 in
1162 2682 1236 2726 eum
1266 2660 1476 2746 praescriptio
1505 2661 1568 2725 ista
1597 2681 1659 2726 non
1688 2668 1854 2746 conpetat,
1892 2682 1962 2727 curn
1993 2683 2014 2727 a
2041 2669 2130 2747 patre

462 2773 480 2831 4
505 2766 663 2832 minorum
691 2765 882 2830 beneficium
912 2764 1070 2830 libertatis
1092 2765 1263 2850 acceperit.
1311 2764 1362 2830 his
1384 2764 1431 2829 ita
1452 2764 1564 2849 positis
1587 2764 1790 2831 Praenestini
1812 2765 1964 2848 cumules,
1996 2786 2129 2850 quorum

503 2870 538 2936 in
567 2870 698 2953 regione
720 2867 918 2933 Caesariana
946 2868 1109 2953 possessio
1131 2869 1229 2949 iacet,
1264 2867 1372 2933 missis
1394 2868 1631 2954 apparitoribus
1654 2868 1855 2935 exhibentur.
1903 2874 1980 2934 tunc
2002 2868 2129 2935 demum
2175 2931 2178 2935 ,

505 2997 536 3038 v.
568 2994 596 3038 c.
630 2979 663 3038 et
690 2971 877 3057 spectabilis
908 2971 1034 3056 Olybrii
1062 2979 1245 3057 procurator
1275 2970 1411 3054 emergit
1439 2973 1560 3035 taudem
1589 2973 1759 3056 capsacibus
1790 2974 1911 3036 iadr'ciis
1936 2975 2126 3055 postulatum
2149 2989 2178 3031 rs

504 3078 598 3143 adest
626 3076 723 3143 etiam
754 3075 904 3142 defensor
933 3076 1100 3140 minomm.
1148 3074 1265 3141 Scirtio
1294 3074 1466 3141 adversum
1497 3074 1577 3140 duos
1607 3095 1717 3161 pugna
1745 3075 1947 3160 proponitur,
1984 3076 2130 3158 quamvis

463 3187 481 3244 5
505 3179 682 3267 patrocinia
712 3178 910 3244 clarissimae
939 3178 1052 3244 domus
1081 3185 1114 3244 et
1143 3196 1362 3244 successorum
1385 3178 1504 3244 Thesei
1527 3178 1666 3260 quadarn
1689 3178 1797 3263 speeie
1820 3178 2024 3245 dissiderent.
2070 3181 2133 3245 itur

506 3285 539 3349 in
568 3283 788 3367 quaestionem
816 3281 1042 3367 possessionis3
1076 3302 1159 3366 quae
1187 3281 1324 3366 partium
1355 3281 1454 3346 variis
1477 3281 1600 3365 agitata
1623 3279 1821 3347 conflictibus
1843 3282 1886 3347 ad
1907 3282 2132 3366 interrogatio-

505 3408 578 3453 nem
600 3386 729 3451 testiam
751 3385 821 3451 iure
843 3384 1003 3450 transivit.
1050 3384 1216 3449 admoveri
1239 3383 1446 3467 singillatim,
1480 3391 1515 3449 ut
1536 3404 1605 3449 mos
1627 3392 1691 3464 cst,
1725 3384 1819 3450 iubeo
1841 3385 1996 3464 curiales;
2031 3387 2131 3450 norni-

505 3512 581 3555 num
612 3497 644 3555 et
673 3489 840 3572 dignitatis
868 3490 909 3555 ab
938 3508 1002 3553 uno
1030 3508 1157 3572 quoque
1185 3508 1282 3573 posco
1312 3508 1481 3574 responsa;
1522 3494 1598 3553 tnnc
1628 3488 1767 3552 locomm
1797 3488 1899 3554 iustos
1928 3508 2131 3573 possessores
2150 3505 2180 3547 ts

506 3593 650 3675 requir03
685 3591 802 3658 dehine
828 3599 1009 3677 percontor,
1042 3592 1116 3675 quis
1143 3611 1267 3656 annuas
1297 3591 1477 3657 functiones
1507 3598 1563 3656 aut
1591 3590 1711 3656 indicta
1740 3591 1939 3675 persolverit.
1987 3613 2059 3658 cunr
2081 3612 2133 3657 se-

506 3697 645 3762 cundum
669 3696 819 3760 Scirtium
848 3695 1032 3761 testimonia
1058 3702 1173 3760 cuncta
1200 3695 1409 3779 procederent
1436 3702 1534 3778 atque
1557 3715 1628 3760 earn
1652 3695 1889 3779 possessionem
1913 3715 1985 3760 enm
2007 3695 2134 3761 Theseo

507 3800 650 3865 tenuisse
679 3807 857 3877 constaret,
891 3797 1019 3882 quando
1048 3805 1081 3863 et
1109 3818 1167 3883 per
1195 3818 1275 3880 quos
1304 3798 1448 3863 deiectus
1477 3805 1564 3863 esset
1585 3797 1745 3863 examino.
1792 3796 1968 3862 secundam
1992 3798 2059 3863 fere
2082 3799 2133 3862 vel
2196 3836 2202 3845 =

506 3903 635 3968 tertiam
666 3921 810 3967 mensem
834 3921 964 3966 manere
986 3900 1202 3979 consentiunt,
1237 3908 1272 3965 ut
1294 3920 1367 3965 eum
1390 3898 1588 3965 clarissimae
1610 3906 1706 3983 atque
1728 3900 1873 3965 inlustris
1896 3899 2010 3964 domus
2032 3898 2135 3964 bomi-

465 4014 565 4072 bnes
588 4006 791 4091 expulerunt.
838 4005 959 4070 auditis
990 4004 1176 4088 optimatum
1205 4003 1399 4068 testimoniis
1429 4002 1533 4068 denuo
1563 4022 1634 4068 cum
1665 4002 1890 4068 defensoribus
1912 4002 2046 4067 admitto
2069 4002 2135 4066 inr-
2153 4022 2183 4062 au

507 4218 916 4226 —..—-—-.——...

595 4352 609 4405 1
628 4354 661 4402 D.
683 4353 822 4402 Theodosio
840 4366 939 4415 semper
958 4354 1022 4412 Aug.
1045 4352 1209 4412 Symmachus
1227 4354 1307 4415 praef.
1327 4354 1384 4399 urb.
1405 4349 1432 4399 Γ
1547 4351 1563 4400 2
1582 4351 1705 4413 principis
1726 4349 1774 4397 TM
1886 4365 1945 4412 prae
1964 4352 2092 4399 assentio
2111 4350 2139 4397 M

509 4440 523 4489 3
543 4441 689 4488 reformatur
707 4440 841 4502 postulatio
861 4438 889 4485 M
1013 4442 1097 4500 recepi
1118 4439 1139 4485 T
1257 4439 1401 4486 consultum
1421 4436 1449 4484 M
1585 4437 1600 4484 5
1620 4431 1681 4486 sidu
1697 4437 1764 4497 lmp'r
1783 4434 1817 4496 M,
1840 4436 1871 4483 D.
1893 4439 2030 4497 Imperator
2048 4435 2080 4491 Γ,
2099 4436 2133 4496 cs.

506 4542 534 4588 p.
555 4525 616 4586 aia,
636 4525 650 4572 ‘i
774 4526 877 4574 sadrius
898 4526 927 4585 T,
948 4527 1048 4573 scrltiua
1068 4524 1096 4571 Μ
1227 4524 1243 4575 6
1261 4525 1404 4574 cesarianae
1425 4523 1476 4571 TM
1595 4523 1691 4571 aditine
1713 4524 1733 4569 T
1855 4522 1869 4569 'l
1888 4523 1948 4570 dum
1966 4519 2065 4588 reuera]
2082 4536 2134 4583 epo,

509 4613 572 4659 duro
590 4625 650 4660 uero
671 4612 696 4672 T,
717 4625 776 4659 ruro
794 4625 854 4659 uero
873 4610 909 4673 Μ,
929 4616 983 4659 turn
1001 4610 1099 4659 ueroI'
1199 4607 1332 4677 solymi]
1353 4611 1379 4669 T,
1400 4611 1473 4658 olibrl
1492 4608 1527 4668 M,
1547 4609 1637 4658 Oilbril
1654 4609 1692 4655 bie
1709 4613 1732 4656 at
1750 4608 1862 4668 deinceps
1881 4606 1903 4656 I
2005 4610 2137 4656 clarissimi

509 4698 558 4745 uiri
577 4702 653 4759 atque
672 4698 779 4746 illustris
797 4698 848 4745 uiri
870 4697 920 4744 TM
1022 4694 1170 4764 executura]
1188 4711 1240 4759 epo,
1262 4698 1415 4759 exequuturi
1435 4696 1469 4756 Μ,
1491 4696 1635 4757 exequutiri
1657 4695 1685 4755 T,
1707 4692 1873 4744 executoris
1971 4697 2097 4757 profectus
2111 4694 2138 4740 Μ

511 4782 542 4832 10
561 4783 701 4834 linitlnoF
800 4783 901 4845 adrepti
912 4790 972 4833 sunt
987 4785 1013 4844 T,
1034 4800 1082 4834 om.
1098 4784 1127 4832 Μ
1231 4784 1261 4833 12
1279 4781 1536 4850 actoribus]Lutiaus
1549 4782 1677 4843 Latinius,
1697 4783 1839 4830 auctoribus
1854 4779 1931 4828 TMF
2032 4780 2062 4829 ta
2080 4781 2137 4828 the·

509 4872 559 4918 seis
581 4872 608 4931 T,
629 4872 707 4917 teseis
727 4869 755 4917 Μ
868 4870 898 4918 ll
917 4872 1007 4918 exibiti
1030 4870 1086 4929 TM,
1106 4870 1148 4917 sed
1165 4886 1228 4920 corr.
1249 4874 1275 4918 in
1293 4871 1401 4917 exhibiti
1423 4871 1451 4931 T,
1472 4870 1585 4917 exhibito
1604 4868 1630 4917 Γ
1730 4868 1790 4928 sort.
1810 4868 1881 4916 serta
1902 4874 1963 4915 tune
1982 4869 2137 4916 sessautibua

508 4958 633 5005 actoribus
651 4957 801 5005 clarissimae
819 4957 908 5006 domus
926 4958 956 5005 ad
975 4958 1193 5006 contradicendum
1207 4958 1299 5006 Thesei
1317 4960 1483 5016 subrogantur
1501 4956 1606 5004 heredes
1625 4957 1765 5016 ceterisque
1786 4955 1847 5017 (scil.
1863 4953 1972 5013 testibus)
1992 4955 2136 5013 subtractis,

509 5058 576 5091 rinus
593 5048 692 5091 nutum
710 5044 849 5106 exhibitus,
870 5045 914 5105 qul
933 5058 960 5092 se
977 5044 1103 5092 adsereret
1120 5045 1238 5092 libertum
1257 5058 1313 5092 esse
1332 5043 1447 5091 defuncti
1551 5043 1670 5091 libertum
1690 5056 1745 5090 esee
1764 5067 1797 5076 ·-
1813 5056 1839 5101 p.
1860 5040 1920 5099 313,
1935 5040 1966 5088 22
1986 5041 2080 5102 pudore
2098 5040 2137 5087 di·

509 5137 577 5179 tatur
594 5129 637 5178 hoc
655 5132 707 5178 ineo
725 5133 842 5179 mausum
860 5136 919 5179 ants
934 5147 960 5192 p.
982 5129 1042 5189 291,
1065 5129 1095 5178 14
1112 5130 1181 5191 ligna
1199 5134 1272 5179 inser.
1293 5129 1321 5176 Μ
1423 5129 1547 5178 defuncti.
1567 5126 1602 5195 is]
1621 5128 1651 5189 Γ,
1673 5129 1809 5176 defunctus
1830 5127 1877 5174 TM
1981 5125 2013 5174 15
2031 5126 2061 5172 ad
2080 5126 2138 5173 aab·

509 5213 641 5283 urbanam]
659 5230 712 5277 epo,
732 5218 763 5265 ad
782 5219 900 5265 urbanam
923 5216 975 5279 ΤΓ,
995 5217 1161 5278 adlnbandsm
1181 5215 1209 5264 M
1330 5216 1360 5264 17
1379 5211 1519 5281 praetereo]
1538 5214 1573 5273 M,
1594 5220 1722 5276 praeterea
1743 5214 1770 5273 T,
1793 5218 1947 5276 praeteream
1966 5211 1993 5260 Γ
2110 5212 2137 5259 ln

508 5299 579 5369 euru]
596 5302 628 5363 Γ,
649 5318 704 5352 curn
727 5303 775 5350 TM
885 5317 963 5353 som.
982 5305 1002 5351 T
1126 5303 1156 5354 18
1175 5300 1225 5369 bis]
1242 5304 1264 5351 is
1286 5302 1336 5350 TM
1446 5302 1615 5366 Praenestini,
1633 5303 1659 5349 fn
1679 5315 1783 5362 quornm
1802 5302 1897 5348 tinibus
1916 5296 2103 5349 Caesariana]

509 5391 609 5438 curialis
631 5388 680 5437 TM
798 5390 828 5439 19
847 5393 973 5439 cesariana
995 5390 1044 5438 TM
1158 5390 1191 5440 20
1210 5390 1340 5451 spectabili
1363 5389 1389 5435 Μ
1500 5388 1581 5436 olibrii
1601 5387 1636 5447 M,
1657 5389 1724 5448 olybl
1746 5389 1767 5434 T
1870 5387 1971 5434 tandem
1990 5386 2141 5446 cogentibus

509 5477 612 5525 indiciis
636 5478 778 5539 postulatus
800 5482 855 5538 posi
874 5477 903 5526 21
924 5478 1041 5525 defensor
1064 5480 1188 5525 minorum
1212 5476 1297 5524 colice.
1321 5474 1408 5537 TMF;
1433 5490 1462 5524 cc
1485 5492 1508 5539 q.
1532 5489 1553 5522 e.
1580 5474 1681 5522 iudiciis
1706 5477 1732 5522 ia
1756 5473 1858 5522 indiciis
1879 5477 1974 5520 mnmto
1999 5474 2140 5532 transposui

509 5562 539 5611 21
561 5564 649 5611 acircio
668 5562 696 5610 Μ
816 5562 849 5612 22
867 5565 929 5611 tessi
949 5562 978 5610 M
1097 5562 1129 5612 24
1147 5564 1275 5611 admoneri
1295 5560 1348 5611 ΜΓ
1455 5561 1599 5620 singulatim
1619 5559 1645 5608 Γ
1763 5558 1796 5607 25
1814 5564 1869 5607 tum
1888 5557 1914 5607 Γ
2030 5557 2063 5607 26
2081 5572 2125 5619 per

510 5655 612 5698 cunctor
631 5648 657 5696 Γ
757 5649 789 5698 2Ἰ
809 5650 928 5698 selrelum
947 5648 976 5696 M
1087 5648 1120 5698 28
1139 5650 1238 5711 quando
1255 5644 1294 5714 et]
1311 5661 1363 5709 epo,
1383 5647 1530 5708 siquando
1548 5652 1575 5694 et
1595 5645 1629 5704 M,
1650 5647 1750 5707 quaudo
1767 5651 1812 5693 aut
1832 5643 1880 5692 ΤΓ
1980 5645 2096 5691 exanimo
2115 5642 2140 5689 M

511 5734 543 5784 29
562 5738 665 5785 testium
689 5736 737 5784 TM
850 5749 935 5783 mense
957 5736 977 5782 T
1091 5748 1190 5783 manare
1209 5732 1236 5781 Γ
1346 5733 1379 5781 30
1398 5733 1544 5796 expulerint
1561 5730 1588 5780 Γ
1688 5733 1849 5795 optimatium
1871 5731 1891 5776 T
1994 5730 2078 5777 denne
2095 5730 2139 5777 de-

510 5824 622 5871 fensores
640 5823 744 5871 admitto
763 5825 890 5880 iurgantes
908 5819 936 5869 Γ
