4746 6472
987 489 1102 545 LIBER
1120 488 1143 544 1.

739 869 931 934 xxxvssrr
951 854 1115 951 (xxxxi)
1153 888 1184 932 a.
1204 869 1386 930 aro-arc.

819 1004 1080 1071 sxnuicflvs
1107 1003 1306 1070 AvSONIO.
1907 1001 2014 1063 VMrr

337 1180 410 1246 Scio
432 1179 560 1264 quidem
583 1179 708 1245 litteras
729 1198 819 1244 meas
841 1177 900 1244 tibi
922 1196 993 1242 sero
1015 1175 1199 1242 reddendas
1222 1176 1275 1243 vel
1297 1181 1428 1261 propter
1456 1173 1697 1259 occupationes,
1733 1195 1817 1256 quac
1846 1180 1879 1239 te

256 1283 287 1348 in
306 1283 469 1368 procinctu
491 1281 725 1366 aliquantisper
745 1282 915 1362 tenebunt,
949 1280 1001 1345 vel
1032 1277 1117 1362 quod
1140 1278 1238 1346 frater
1259 1298 1351 1345 meus
1375 1277 1557 1362 Gorgonius
1580 1277 1755 1344 admirator
1776 1277 1878 1344 virtu-

228 1393 319 1451 tium
348 1393 474 1453 tuarum
502 1384 645 1451 diutinae
675 1383 763 1469 apud
787 1384 935 1450 Picentes
963 1382 1146 1467 indulgebit
1175 1381 1285 1466 quieti.
1333 1388 1403 1447 utut
1431 1387 1481 1447 est
1508 1386 1615 1445 tamen
1637 1381 1700 1446 ista
1722 1380 1876 1461 condicio,

256 1488 525 1574 supersedendum
548 1486 654 1553 cilicio
677 1507 740 1552 non
762 1486 884 1571 putavi.
932 1486 996 1552 lors
1026 1485 1112 1567 fuat,
1145 1506 1188 1551 au
1216 1485 1296 1551 haec
1325 1492 1448 1550 mature
1473 1483 1508 1548 in
1530 1503 1645 1549 manus
1666 1489 1739 1550 tuas
1760 1483 1880 1568 scripta

256 1590 316 1656 sint
336 1597 481 1657 ventura.
528 1610 590 1674 ego
612 1597 720 1656 tamen
742 1596 896 1673 quantum
919 1609 977 1673 per
999 1595 1214 1654 commeantes
1237 1587 1356 1672 licebit,
1381 1587 1476 1653 istius
1498 1586 1643 1652 muneris
1662 1584 1791 1671 operam
1815 1606 1879 1651 non

257 1713 428 1779 reparcam.
474 1694 559 1759 vale.
938 1702 940 1707 '
1039 1718 1041 1722 “

15 1836 37 1875 (

758 1967 888 2032 xxxx
910 1966 1090 2049 [xxxruu
1136 1986 1166 2030 a.
1186 1967 1368 2030 sco-arc.

31 1976 67 2153 N
223 2119 245 2159 ιι
819 2103 1081 2169 eruuncrrvs
1108 2102 1308 2169 xvsouro.

336 2279 408 2344 Non
430 2299 548 2344 novum
570 2285 627 2344 aut
647 2277 842 2362 incognitum
866 2275 924 2341 sed
946 2280 1131 2360 conpertum
1153 2273 1218 2340 iam
1240 2273 1304 2339 fide
1327 2280 1359 2339 et
1382 2272 1554 2339 sedulitate
1577 2271 1712 2338 militiae
1735 2280 1881 2339 sanctum

260 2380 409 2447 Victorem
431 2382 569 2447 amicum
592 2402 698 2447 meum
720 2386 885 2465 promptus
900 2378 1139 2445 commendator
1152 2377 1290 2458 insinuo,
1316 2396 1411 2459 quem
1427 2375 1470 2440 ad
1484 2376 1545 2441 hoc
1560 2376 1633 2441 aevi
1647 2376 1739 2441 nulla
1752 2383 1880 2441 actuum

258 2484 345 2569 culpa
367 2483 521 2565 fuscavit3
548 2484 607 2551 sed
629 2483 776 2550 fortunae
798 2483 938 2563 licentia,
965 2502 1047 2566 quae
1069 2480 1229 2546 interdum
1252 2480 1388 2565 optimos
1408 2478 1580 2562 decolorat,
1607 2498 1682 2563 spes
1705 2478 1775 2544 eius
1797 2500 1881 2563 pau-

254 2582 349 2672 lisper
368 2587 557 2670 infregerat.
605 2587 744 2671 quaein
765 2586 926 2669 integrum
950 2584 1073 2651 saeculi
1095 2582 1262 2651 beatitudo
1284 2583 1438 2663 restituet,
1467 2583 1495 2647 si
1516 2581 1732 2648 innocentiam
1755 2580 1882 2666 suppli-

203 2692 229 2736 ’ὁ
249 2686 297 2755 cis
320 2691 463 2758 secundo
485 2690 595 2767 lavore
618 2690 810 2775 respexeris.
859 2689 944 2755 vale.

789 2997 936 3063 xxxxi
955 2995 1101 3080 (xxxv)
1133 3001 1207 3080 post
1220 3014 1251 3059 a.
1271 2995 1344 3059 soc.

755 3136 758 3142 ·
824 3133 1083 3200 axunxcuvs
1111 3129 1309 3198 xvsourc.

341 3311 440 3377 Facio
462 3330 529 3375 rem
551 3330 623 3375 cum
645 3307 709 3373 tuis
732 3306 873 3373 moribus
895 3313 962 3372 tum
985 3326 1056 3372 meo
1079 3304 1184 3370 studio
1206 3310 1443 3387 congruentem,
1472 3309 1507 3367 nt
1520 3302 1797 3388 praestantissimo
1812 3303 1882 3368 viro

226 3414 415 3480 amicitias
437 3413 549 3498 optimi
571 3412 726 3495 cuiusque
748 3410 929 3489 conciliem3
956 3410 1045 3475 velut
1066 3429 1151 3475 nunc
1171 3407 1231 3473 tibi
1253 3429 1274 3474 a
1295 3428 1346 3472 mc
1368 3405 1505 3471 traditur
1526 3404 1748 3491 philosophiae
1771 3404 1884 3471 candi-

157 3502 195 3551 ²⁰
228 3511 363 3599 datus,
389 3516 481 3583 cuius
503 3514 657 3600 pudorem
678 3515 731 3580 vel
753 3513 857 3598 prima
878 3511 998 3595 facies,
1029 3519 1135 3578 cetera
1156 3512 1242 3577 bona
1264 3500 1379 3593 longus
1407 3528 1485 3575 usus
1508 3507 1667 3593 expediet.
1715 3508 1801 3573 bunc
1822 3527 1883 3592 ego

227 3615 315 3686 abs
335 3627 369 3686 tc
390 3619 510 3685 nollem
532 3617 636 3703 diligi,
662 3618 695 3682 ni
717 3624 891 3683 mercretur
912 3612 1051 3700 probari.
1098 3613 1158 3680 sed
1185 3613 1213 3679 si
1241 3613 1323 3679 bene
1354 3612 1506 3693 aestimo,
1540 3618 1682 3677 actutum
1710 3610 1885 3676 merebitur

228 3730 353 3806 atquc
374 3722 448 3788 idco
471 3721 633 3806 diligetur.
674 3720 714 3786 de
737 3721 798 3786 hoc
812 3719 894 3786 nibil
908 3719 1059 3804 amplius.
1104 3737 1210 3800 neque
1225 3716 1310 3782 enim
1325 3715 1523 3801 praeiudicio
1537 3734 1608 3780 meo
1624 3714 1721 3781 debet
1734 3713 1879 3798 astringi,

233 3827 350 3892 euius
372 3846 433 3909 ego
455 3830 589 3910 expecto
611 3823 777 3890 iudicium.
824 3821 907 3887 illud
928 3828 960 3887 te
982 3821 1091 3906 potius
1113 3826 1236 3885 oratum
1259 3820 1342 3901 volo,
1368 3818 1458 3884 utin
1484 3818 1584 3883 nostri
1612 3815 1783 3901 diligentia
1810 3836 1884 3901 per-

236 3943 398 3995 severes.
445 3928 530 4013 quod
552 3948 624 3993 cum
646 3925 809 4010 efflagito,
835 3946 947 3992 vereor
967 3945 1009 3991 nc
1031 3944 1083 3990 me
1105 3922 1256 3989 iniurium
1278 3929 1390 4008 putes,
1416 3921 1471 4006 qui
1493 3942 1513 3986 a
1534 3927 1566 3987 tc
1593 3920 1767 4006 postulem,
1798 3919 1885 4003 quod

159 4019 205 4071 ²⁵
241 4039 373 4117 sponte
394 4036 586 4117 praestatur.
633 4030 717 4096 vale.

891 4300 1055 4368 xxxxrr
1075 4300 1251 4385 [xxxvii.

827 4438 1088 4506 sanaremus
1116 4436 1315 4505 xvsourc.

344 4616 557 4702 Conpensasti
579 4616 710 4698 longum
733 4612 895 4680 silentium
917 4610 1049 4697 gemina
1070 4610 1253 4695 scriptione.
1300 4609 1421 4695 pariter
1440 4609 1525 4675 enim
1545 4607 1625 4674 mibi
1648 4608 1742 4674 binas
1763 4608 1887 4674 litteras

8 4740 17 4815 'i
257 4719 448 4803 praebuisti,
474 4724 509 4784 ut
530 4718 725 4784 desiderium
748 4737 854 4782 mcum
876 4715 981 4781 officio
1004 4713 1144 4799 largiore
1166 4714 1346 4798 conpleres.
1393 4733 1434 4778 ex
1456 4732 1518 4795 quo
1533 4711 1670 4793 adverti,
1694 4732 1758 4778 non
1774 4712 1888 4778 voluu-

12 4826 13 4829 ’
192 4815 231 4864 ³⁰
257 4828 357 4889 tatem
387 4822 447 4888 tibi
475 4822 631 4888 hactenus
661 4820 720 4887 sed
746 4819 889 4885 baiulum
912 4818 1067 4885 defuisse.
1114 4836 1219 4900 neque
1241 4816 1327 4881 enim
1350 4814 1445 4881 aliter
1466 4814 1626 4900 potuisset
1654 4813 1820 4896 accidere,
1852 4820 1888 4878 ut

347 5101 431 5152 loru.
449 5099 498 5150 VM
623 5098 639 5147 3
657 5100 705 5148 tibi
724 5097 862 5146 reddendas
881 5109 935 5145 sero
957 5097 984 5156 V,
1008 5094 1146 5144 reddendas
1164 5094 1213 5142 tibi
1230 5106 1285 5143 sero
1304 5092 1333 5139 la
1457 5090 1629 5154 deliquentis
1647 5088 1813 5152 pertinebunt
1835 5091 1857 5138 V

264 5189 305 5236 nei
321 5202 370 5238 oua
391 5188 412 5235 V
523 5180 629 5251 butnt]
649 5184 750 5244 liesca,
770 5189 800 5232 nt
820 5180 971 5245 vurcin)
1087 5180 1101 5228 7
1122 5187 1228 5230 uentura
1246 5182 1298 5229 sint
1314 5177 1363 5226 Vll
1464 5183 1587 5241 quantum
1605 5174 1662 5245 per]
1685 5176 1749 5239 (Π),
1769 5181 1827 5239 post
1842 5175 1891 5224 VM

265 5270 409 5337 breperato
432 5273 454 5320 V

351 5360 382 5409 lii
400 5373 448 5408 om.
468 5357 517 5407 VM
622 5355 653 5406 ir
672 5357 800 5405 mandator
822 5355 850 5414 V,
870 5353 999 5402 mandatur
1018 5352 1046 5401 Μ

350 5445 381 5495 l'l
400 5458 448 5494 cm,
468 5443 517 5492 Vbi
621 5442 652 5492 19
670 5442 778 5492 traditus
799 5440 850 5503 (Π)
957 5438 991 5489 20
1010 5453 1072 5488 usus
1089 5435 1221 5505 expediet]
1241 5436 1336 5499 affl),
1356 5435 1478 5499 expediet
1495 5449 1557 5484 usus
1581 5435 1601 5480 V
1702 5432 1733 5482 21
1754 5437 1848 5481 acstmo
1871 5433 1892 5479 V

264 5529 374 5581 iberico
395 5529 439 5592 (Γ)
598 5525 727 5597 diligetur]
747 5528 812 5590 (Π),
841 5524 1024 5588 diligentnrl',
1055 5524 1190 5585 diligenter
1213 5522 1262 5571 VM
1414 5518 1623 5588 amplius](11l,
1651 5519 1760 5580 amplius
1777 5532 1819 5567 oro
1842 5517 1892 5568 VM

264 5615 295 5667 23
311 5619 340 5666 ln
357 5613 449 5684 nostrl]
471 5615 527 5677 Vbi,
548 5618 679 5666 innostra
699 5614 764 5680 (Π),
786 5614 865 5664 nostri
883 5611 910 5661 Γ
1007 5612 1166 5671 diligentiam
1185 5609 1211 5659 Γ
1309 5608 1343 5658 ti
1361 5609 1488 5669 attingite
1510 5608 1531 5656 V

347 5703 380 5752 ti
399 5717 447 5752 orn.
469 5701 517 5750 Vll
619 5702 677 5752 bueo
698 5702 804 5763 epistula
827 5714 878 5749 nou
900 5700 1092 5748 adducentem
1116 5700 1207 5758 scriptu
1229 5701 1278 5756 cst,
1306 5699 1390 5756 utpote
1415 5697 1457 5756 puri
1480 5707 1615 5757 manqacm
1630 5692 1786 5752 provinciam
1802 5693 1890 5739 caesii

265 5786 295 5839 28
312 5790 379 5852 quod
396 5792 508 5853 pcnsmti
530 5787 593 5852 (ΙΨ)
