<?xml version="1.0" encoding="UTF-8"?>
<!DOCTYPE html PUBLIC "-//W3C//DTD XHTML 1.0 Transitional//EN"
    "http://www.w3.org/TR/xhtml1/DTD/xhtml1-transitional.dtd">
<html xmlns="http://www.w3.org/1999/xhtml" xml:lang="en" lang="en">
 <head>
  <title>
</title>
<meta http-equiv="Content-Type" content="text/html;charset=utf-8" />
  <meta name='ocr-system' content='tesseract 3.04.00' />
  <meta name='ocr-capabilities' content='ocr_page ocr_carea ocr_par ocr_line ocrx_word'/>
</head>
<body>
  <div class='ocr_page' id='page_1' title='image "./qaureliisymmach00seecgoog_0335.png"; bbox 0 0 4736 6478; ppageno 0'>
   <div class='ocr_carea' id='block_1_1' title="bbox 508 489 1654 578">
    <p class='ocr_par' dir='ltr' id='par_1_1' title="bbox 508 489 1654 578">
     <span class='ocr_line' id='line_1_1' title="bbox 508 489 1654 578; baseline -0.009 -24"><span class='ocrx_word' id='word_1_1' title='bbox 508 492 569 555; x_wconf 85' lang='lat' dir='ltr'><strong>rto</strong></span> <span class='ocrx_word' id='word_1_2' title='bbox 872 572 880 578; x_wconf 16' lang='grc' dir='ltr'><strong><em>η</em></strong></span> <span class='ocrx_word' id='word_1_3' title='bbox 1105 490 1300 547; x_wconf 78' lang='lat' dir='ltr'><strong>srnnncnr</strong></span> <span class='ocrx_word' id='word_1_4' title='bbox 1318 489 1527 547; x_wconf 78' lang='lat' dir='ltr'><strong>urrsrvnnn</strong></span> <span class='ocrx_word' id='word_1_5' title='bbox 1652 504 1654 509; x_wconf 30' lang='lat' dir='ltr'>v</span> 
     </span>
    </p>
   </div>
   <div class='ocr_carea' id='block_1_2' title="bbox 375 679 2180 1696">
    <p class='ocr_par' dir='ltr' id='par_1_2' title="bbox 375 679 2130 765">
     <span class='ocr_line' id='line_1_2' title="bbox 375 679 2130 765; baseline 0.002 -22"><span class='ocrx_word' id='word_1_6' title='bbox 375 681 488 744; x_wconf 85' lang='lat' dir='ltr'><strong>PVM</strong></span> <span class='ocrx_word' id='word_1_7' title='bbox 503 682 631 748; x_wconf 76' lang='lat' dir='ltr'>litterae</span> <span class='ocrx_word' id='word_1_8' title='bbox 660 682 903 765; x_wconf 82' lang='lat' dir='ltr'><strong>discrepabant3</strong></span> <span class='ocrx_word' id='word_1_9' title='bbox 937 704 1011 748; x_wconf 90' lang='lat' dir='ltr'><strong>nam</strong></span> <span class='ocrx_word' id='word_1_10' title='bbox 1042 703 1153 749; x_wconf 89' lang='lat' dir='ltr'><strong>omnes</strong></span> <span class='ocrx_word' id='word_1_11' title='bbox 1183 702 1273 747; x_wconf 89' lang='lat' dir='ltr'><strong>mens</strong></span> <span class='ocrx_word' id='word_1_12' title='bbox 1303 704 1368 748; x_wconf 89' lang='lat' dir='ltr'><strong>una</strong></span> <span class='ocrx_word' id='word_1_13' title='bbox 1397 682 1584 748; x_wconf 76' lang='lat' dir='ltr'><strong>dictaverat.</strong></span> <span class='ocrx_word' id='word_1_14' title='bbox 1632 701 1758 765; x_wconf 87' lang='lat' dir='ltr'><strong>possem</strong></span> <span class='ocrx_word' id='word_1_15' title='bbox 1788 681 1873 746; x_wconf 90' lang='lat' dir='ltr'><strong>bona</strong></span> <span class='ocrx_word' id='word_1_16' title='bbox 1902 679 1966 747; x_wconf 87' lang='lat' dir='ltr'><strong>lide</strong></span> <span class='ocrx_word' id='word_1_17' title='bbox 1999 680 2130 746; x_wconf 88' lang='lat' dir='ltr'><strong>adicere</strong></span> 
     </span>
    </p>

    <p class='ocr_par' dir='ltr' id='par_1_3' title="bbox 505 782 2130 869">
     <span class='ocr_line' id='line_1_3' title="bbox 505 782 2130 869; baseline 0.001 -21"><span class='ocrx_word' id='word_1_18' title='bbox 505 786 635 865; x_wconf 91' lang='lat' dir='ltr'><strong>maiora,</strong></span> <span class='ocrx_word' id='word_1_19' title='bbox 662 785 720 851; x_wconf 90' lang='lat' dir='ltr'><strong>scd</strong></span> <span class='ocrx_word' id='word_1_20' title='bbox 743 791 817 851; x_wconf 89' lang='lat' dir='ltr'><strong>tuae</strong></span> <span class='ocrx_word' id='word_1_21' title='bbox 840 807 944 868; x_wconf 89' lang='lat' dir='ltr'><strong>aures,</strong></span> <span class='ocrx_word' id='word_1_22' title='bbox 970 787 1046 853; x_wconf 89' lang='lat' dir='ltr'><strong>licet</strong></span> <span class='ocrx_word' id='word_1_23' title='bbox 1067 787 1200 852; x_wconf 83' lang='lat' dir='ltr'><strong>fratrum</strong></span> <span class='ocrx_word' id='word_1_24' title='bbox 1223 786 1374 852; x_wconf 83' lang='lat' dir='ltr'><strong>laudibus</strong></span> <span class='ocrx_word' id='word_1_25' title='bbox 1397 785 1572 869; x_wconf 83' lang='lat' dir='ltr'><strong>gaudeant,</strong></span> <span class='ocrx_word' id='word_1_26' title='bbox 1598 784 1850 850; x_wconf 86' lang='lat' dir='ltr'><strong>communionem</strong></span> <span class='ocrx_word' id='word_1_27' title='bbox 1873 791 1982 850; x_wconf 61' lang='lat' dir='ltr'><strong>amen</strong></span> <span class='ocrx_word' id='word_1_28' title='bbox 1997 782 2130 867; x_wconf 80' lang='lat' dir='ltr'><strong>gloriosi</strong></span> 
     </span>
    </p>

    <p class='ocr_par' dir='ltr' id='par_1_4' title="bbox 461 888 2130 973">
     <span class='ocr_line' id='line_1_4' title="bbox 461 888 2130 973; baseline 0.001 -22"><span class='ocrx_word' id='word_1_29' title='bbox 461 890 480 950; x_wconf 83' lang='lat'>3</span> <span class='ocrx_word' id='word_1_30' title='bbox 504 889 676 954; x_wconf 90' lang='lat' dir='ltr'><strong>testimonii</strong></span> <span class='ocrx_word' id='word_1_31' title='bbox 706 909 763 973; x_wconf 88' lang='lat' dir='ltr'><strong>per</strong></span> <span class='ocrx_word' id='word_1_32' title='bbox 791 890 1016 956; x_wconf 86' lang='lat' dir='ltr'><strong>verecundiam</strong></span> <span class='ocrx_word' id='word_1_33' title='bbox 1046 912 1108 957; x_wconf 93' lang='lat' dir='ltr'><strong>non</strong></span> <span class='ocrx_word' id='word_1_34' title='bbox 1138 891 1253 956; x_wconf 84' lang='lat' dir='ltr'><strong>lerunt.</strong></span> <span class='ocrx_word' id='word_1_35' title='bbox 1275 907 1278 913; x_wconf 87' lang='grc'><strong>’</strong></span> <span class='ocrx_word' id='word_1_36' title='bbox 1301 897 1411 973; x_wconf 90' lang='lat' dir='ltr'><strong>restat,</strong></span> <span class='ocrx_word' id='word_1_37' title='bbox 1444 896 1479 955; x_wconf 91' lang='lat' dir='ltr'><strong>ut</strong></span> <span class='ocrx_word' id='word_1_38' title='bbox 1507 890 1566 955; x_wconf 91' lang='lat' dir='ltr'><strong>tibi</strong></span> <span class='ocrx_word' id='word_1_39' title='bbox 1596 889 1733 955; x_wconf 88' lang='lat' dir='ltr'><strong>reditum</strong></span> <span class='ocrx_word' id='word_1_40' title='bbox 1763 908 1869 954; x_wconf 91' lang='lat' dir='ltr'><strong>meum</strong></span> <span class='ocrx_word' id='word_1_41' title='bbox 1899 888 1958 954; x_wconf 90' lang='lat' dir='ltr'><strong>sub</strong></span> <span class='ocrx_word' id='word_1_42' title='bbox 1988 888 2130 970; x_wconf 88' lang='lat' dir='ltr'><strong>quadam</strong></span> 
     </span>
    </p>

    <p class='ocr_par' dir='ltr' id='par_1_5' title="bbox 501 990 2165 1182">
     <span class='ocr_line' id='line_1_5' title="bbox 503 990 2129 1079; baseline 0 -23"><span class='ocrx_word' id='word_1_43' title='bbox 503 991 610 1057; x_wconf 91' lang='lat' dir='ltr'><strong>curiae</strong></span> <span class='ocrx_word' id='word_1_44' title='bbox 640 992 827 1058; x_wconf 88' lang='lat' dir='ltr'><strong>invitatione</strong></span> <span class='ocrx_word' id='word_1_45' title='bbox 855 994 998 1077; x_wconf 86' lang='lat' dir='ltr'><strong>poscenti</strong></span> <span class='ocrx_word' id='word_1_46' title='bbox 1027 1015 1133 1079; x_wconf 89' lang='lat' dir='ltr'><strong>pauca</strong></span> <span class='ocrx_word' id='word_1_47' title='bbox 1161 993 1383 1079; x_wconf 80' lang='lat' dir='ltr'><strong>respondeam.</strong></span> <span class='ocrx_word' id='word_1_48' title='bbox 1438 994 1480 1059; x_wconf 89' lang='lat' dir='ltr'><strong>ad</strong></span> <span class='ocrx_word' id='word_1_49' title='bbox 1509 991 1584 1058; x_wconf 89' lang='lat' dir='ltr'><strong>idus</strong></span> <span class='ocrx_word' id='word_1_50' title='bbox 1614 992 1829 1073; x_wconf 90' lang='lat' dir='ltr'><strong>Novembres,</strong></span> <span class='ocrx_word' id='word_1_51' title='bbox 1869 990 1965 1056; x_wconf 92' lang='lat' dir='ltr'><strong>modo</strong></span> <span class='ocrx_word' id='word_1_52' title='bbox 1994 998 2129 1057; x_wconf 87' lang='lat' dir='ltr'><strong>eventus</strong></span> 
     </span>
     <span class='ocr_line' id='line_1_6' title="bbox 501 1093 2165 1182; baseline -0.002 -23"><span class='ocrx_word' id='word_1_53' title='bbox 501 1094 633 1161; x_wconf 85' lang='lat' dir='ltr'><strong>adiuvet</strong></span> <span class='ocrx_word' id='word_1_54' title='bbox 654 1093 826 1177; x_wconf 87' lang='lat' dir='ltr'><strong>destinata,</strong></span> <span class='ocrx_word' id='word_1_55' title='bbox 852 1116 1012 1162; x_wconf 88' lang='lat' dir='ltr'><strong>recurrere</strong></span> <span class='ocrx_word' id='word_1_56' title='bbox 1036 1101 1067 1160; x_wconf 78' lang='lat' dir='ltr'><strong>io</strong></span> <span class='ocrx_word' id='word_1_57' title='bbox 1089 1103 1293 1182; x_wconf 89' lang='lat' dir='ltr'><strong>conspectum</strong></span> <span class='ocrx_word' id='word_1_58' title='bbox 1324 1103 1464 1162; x_wconf 88' lang='lat' dir='ltr'><strong>vestrum</strong></span> <span class='ocrx_word' id='word_1_59' title='bbox 1495 1114 1657 1179; x_wconf 89' lang='lat' dir='ltr'><strong>paramus.</strong></span> <span class='ocrx_word' id='word_1_60' title='bbox 1705 1095 1733 1159; x_wconf 92' lang='lat' dir='ltr'><strong>si</strong></span> <span class='ocrx_word' id='word_1_61' title='bbox 1763 1093 1912 1179; x_wconf 86' lang='lat' dir='ltr'><strong>promissi</strong></span> <span class='ocrx_word' id='word_1_62' title='bbox 1941 1093 2013 1159; x_wconf 91' lang='lat' dir='ltr'><strong>dies</strong></span> <span class='ocrx_word' id='word_1_63' title='bbox 2036 1112 2165 1159; x_wconf 74' lang='lat' dir='ltr'><strong>seruus</strong></span> 
     </span>
    </p>

    <p class='ocr_par' dir='ltr' id='par_1_6' title="bbox 502 1196 2129 1285">
     <span class='ocr_line' id='line_1_7' title="bbox 502 1196 2129 1285; baseline -0.001 -22"><span class='ocrx_word' id='word_1_64' title='bbox 502 1197 637 1282; x_wconf 85' lang='lat' dir='ltr'><strong>videtur,</strong></span> <span class='ocrx_word' id='word_1_65' title='bbox 664 1198 860 1283; x_wconf 80' lang='lat' dir='ltr'><strong>legationem</strong></span> <span class='ocrx_word' id='word_1_66' title='bbox 883 1208 1014 1265; x_wconf 89' lang='lat' dir='ltr'><strong>senatus</strong></span> <span class='ocrx_word' id='word_1_67' title='bbox 1036 1221 1094 1285; x_wconf 90' lang='lat' dir='ltr'><strong>per</strong></span> <span class='ocrx_word' id='word_1_68' title='bbox 1116 1221 1166 1266; x_wconf 90' lang='lat' dir='ltr'><strong>me</strong></span> <span class='ocrx_word' id='word_1_69' title='bbox 1188 1200 1262 1265; x_wconf 94' lang='lat' dir='ltr'><strong>nolo</strong></span> <span class='ocrx_word' id='word_1_70' title='bbox 1285 1199 1418 1282; x_wconf 87' lang='lat' dir='ltr'><strong>differri,</strong></span> <span class='ocrx_word' id='word_1_71' title='bbox 1444 1219 1527 1283; x_wconf 88' lang='lat' dir='ltr'><strong>quae</strong></span> <span class='ocrx_word' id='word_1_72' title='bbox 1551 1197 1670 1263; x_wconf 90' lang='lat' dir='ltr'><strong>dudum</strong></span> <span class='ocrx_word' id='word_1_73' title='bbox 1694 1197 1771 1263; x_wconf 84' lang='lat' dir='ltr'><strong>viris</strong></span> <span class='ocrx_word' id='word_1_74' title='bbox 1793 1196 1984 1262; x_wconf 84' lang='lat' dir='ltr'><strong>inlustribus</strong></span> <span class='ocrx_word' id='word_1_75' title='bbox 2006 1196 2129 1262; x_wconf 90' lang='lat' dir='ltr'><strong>credita</strong></span> 
     </span>
    </p>

    <p class='ocr_par' dir='ltr' id='par_1_7' title="bbox 459 1299 2130 1388">
     <span class='ocr_line' id='line_1_8' title="bbox 459 1299 2130 1388; baseline 0.002 -25"><span class='ocrx_word' id='word_1_76' title='bbox 459 1305 478 1363; x_wconf 80' lang='lat' dir='ltr'><strong>l</strong></span> <span class='ocrx_word' id='word_1_77' title='bbox 502 1310 534 1367; x_wconf 91' lang='lat' dir='ltr'><strong>et</strong></span> <span class='ocrx_word' id='word_1_78' title='bbox 556 1301 709 1368; x_wconf 87' lang='lat' dir='ltr'><strong>instructa</strong></span> <span class='ocrx_word' id='word_1_79' title='bbox 731 1302 893 1368; x_wconf 88' lang='lat' dir='ltr'><strong>mandatis</strong></span> <span class='ocrx_word' id='word_1_80' title='bbox 915 1324 1019 1387; x_wconf 90' lang='lat' dir='ltr'><strong>neque</strong></span> <span class='ocrx_word' id='word_1_81' title='bbox 1041 1323 1249 1388; x_wconf 89' lang='lat' dir='ltr'><strong>personarum</strong></span> <span class='ocrx_word' id='word_1_82' title='bbox 1272 1324 1375 1386; x_wconf 90' lang='lat' dir='ltr'><strong>neque</strong></span> <span class='ocrx_word' id='word_1_83' title='bbox 1398 1302 1584 1388; x_wconf 88' lang='lat' dir='ltr'><strong>petitionum</strong></span> <span class='ocrx_word' id='word_1_84' title='bbox 1609 1301 1741 1385; x_wconf 87' lang='lat' dir='ltr'><strong>requirit</strong></span> <span class='ocrx_word' id='word_1_85' title='bbox 1762 1301 1986 1367; x_wconf 83' lang='lat' dir='ltr'><strong>adiectionem.</strong></span> <span class='ocrx_word' id='word_1_86' title='bbox 2036 1299 2130 1366; x_wconf 85' lang='lat' dir='ltr'><strong>decet</strong></span> 
     </span>
    </p>

    <p class='ocr_par' dir='ltr' id='par_1_8' title="bbox 500 1405 2129 1492">
     <span class='ocr_line' id='line_1_9' title="bbox 500 1405 2129 1492; baseline -0.001 -23"><span class='ocrx_word' id='word_1_87' title='bbox 500 1405 600 1488; x_wconf 85' lang='lat' dir='ltr'><strong>igitur</strong></span> <span class='ocrx_word' id='word_1_88' title='bbox 620 1413 705 1471; x_wconf 86' lang='lat' dir='ltr'><strong>stare</strong></span> <span class='ocrx_word' id='word_1_89' title='bbox 728 1406 908 1492; x_wconf 84' lang='lat' dir='ltr'><strong>dispositis,</strong></span> <span class='ocrx_word' id='word_1_90' title='bbox 940 1427 1000 1473; x_wconf 91' lang='lat' dir='ltr'><strong>nec</strong></span> <span class='ocrx_word' id='word_1_91' title='bbox 1029 1408 1080 1472; x_wconf 85' lang='lat' dir='ltr'><strong>fas</strong></span> <span class='ocrx_word' id='word_1_92' title='bbox 1102 1414 1151 1474; x_wconf 90' lang='lat' dir='ltr'><strong>est</strong></span> <span class='ocrx_word' id='word_1_93' title='bbox 1172 1408 1321 1492; x_wconf 83' lang='lat' dir='ltr'><strong>exemplo</strong></span> <span class='ocrx_word' id='word_1_94' title='bbox 1350 1407 1515 1492; x_wconf 86' lang='lat' dir='ltr'><strong>proximae</strong></span> <span class='ocrx_word' id='word_1_95' title='bbox 1538 1406 1748 1472; x_wconf 86' lang='lat' dir='ltr'><strong>dissensionis</strong></span> <span class='ocrx_word' id='word_1_96' title='bbox 1771 1426 1829 1490; x_wconf 90' lang='lat' dir='ltr'><strong>per</strong></span> <span class='ocrx_word' id='word_1_97' title='bbox 1851 1425 1950 1471; x_wconf 90' lang='lat' dir='ltr'><strong>novos</strong></span> <span class='ocrx_word' id='word_1_98' title='bbox 1972 1409 2129 1469; x_wconf 87' lang='lat' dir='ltr'><strong>tractatus</strong></span> 
     </span>
    </p>

    <p class='ocr_par' dir='ltr' id='par_1_9' title="bbox 499 1505 2180 1696">
     <span class='ocr_line' id='line_1_10' title="bbox 500 1505 2129 1593; baseline -0.002 -20"><span class='ocrx_word' id='word_1_99' title='bbox 500 1508 685 1574; x_wconf 83' lang='lat' dir='ltr'><strong>confirmata</strong></span> <span class='ocrx_word' id='word_1_100' title='bbox 707 1510 859 1576; x_wconf 89' lang='lat' dir='ltr'><strong>subverti.</strong></span> <span class='ocrx_word' id='word_1_101' title='bbox 906 1510 988 1576; x_wconf 91' lang='lat' dir='ltr'><strong>hacc</strong></span> <span class='ocrx_word' id='word_1_102' title='bbox 1009 1518 1084 1576; x_wconf 89' lang='lat' dir='ltr'><strong>aute</strong></span> <span class='ocrx_word' id='word_1_103' title='bbox 1107 1531 1176 1593; x_wconf 88' lang='lat' dir='ltr'><strong>me,</strong></span> <span class='ocrx_word' id='word_1_104' title='bbox 1202 1518 1238 1577; x_wconf 93' lang='lat' dir='ltr'><strong>ut</strong></span> <span class='ocrx_word' id='word_1_105' title='bbox 1259 1511 1389 1589; x_wconf 87' lang='lat' dir='ltr'><strong>scribis,</strong></span> <span class='ocrx_word' id='word_1_106' title='bbox 1418 1510 1515 1575; x_wconf 89' lang='lat' dir='ltr'><strong>etiam</strong></span> <span class='ocrx_word' id='word_1_107' title='bbox 1538 1509 1607 1593; x_wconf 89' lang='lat' dir='ltr'><strong>ipse</strong></span> <span class='ocrx_word' id='word_1_108' title='bbox 1630 1508 1756 1587; x_wconf 83' lang='lat' dir='ltr'><strong>vidisti3</strong></span> <span class='ocrx_word' id='word_1_109' title='bbox 1786 1528 1850 1591; x_wconf 83' lang='lat' dir='ltr'><strong>quo</strong></span> <span class='ocrx_word' id='word_1_110' title='bbox 1872 1508 1977 1591; x_wconf 86' lang='lat' dir='ltr'><strong>magis</strong></span> <span class='ocrx_word' id='word_1_111' title='bbox 1999 1505 2129 1591; x_wconf 90' lang='lat' dir='ltr'><strong>placitis</strong></span> 
     </span>
     <span class='ocr_line' id='line_1_11' title="bbox 499 1611 2180 1696; baseline -0.004 -20"><span class='ocrx_word' id='word_1_112' title='bbox 499 1611 729 1679; x_wconf 88' lang='lat' dir='ltr'><strong>inhaerendum</strong></span> <span class='ocrx_word' id='word_1_113' title='bbox 752 1621 812 1695; x_wconf 95' lang='lat' dir='ltr'><strong>est,</strong></span> <span class='ocrx_word' id='word_1_114' title='bbox 838 1634 922 1696; x_wconf 91' lang='lat' dir='ltr'><strong>quae</strong></span> <span class='ocrx_word' id='word_1_115' title='bbox 944 1613 1020 1678; x_wconf 90' lang='lat' dir='ltr'><strong>mihi</strong></span> <span class='ocrx_word' id='word_1_116' title='bbox 1044 1614 1245 1680; x_wconf 89' lang='lat' dir='ltr'><strong>commendat</strong></span> <span class='ocrx_word' id='word_1_117' title='bbox 1267 1613 1439 1679; x_wconf 89' lang='lat' dir='ltr'><strong>auctoritas</strong></span> <span class='ocrx_word' id='word_1_118' title='bbox 1460 1620 1528 1685; x_wconf 81' lang='lat' dir='ltr'><strong>tua,</strong></span> <span class='ocrx_word' id='word_1_119' title='bbox 1553 1612 1613 1679; x_wconf 92' lang='lat' dir='ltr'><strong>tibi</strong></span> <span class='ocrx_word' id='word_1_120' title='bbox 1634 1618 1742 1678; x_wconf 90' lang='lat' dir='ltr'><strong>noster</strong></span> <span class='ocrx_word' id='word_1_121' title='bbox 1763 1611 1932 1677; x_wconf 87' lang='lat' dir='ltr'><strong>adsensus.</strong></span> <span class='ocrx_word' id='word_1_122' title='bbox 2149 1632 2180 1671; x_wconf 76' lang='grc' dir='ltr'><strong>ιο</strong></span> 
     </span>
    </p>
   </div>
   <div class='ocr_carea' id='block_1_3' title="bbox 1017 1978 1514 2197">
    <p class='ocr_par' dir='ltr' id='par_1_10' title="bbox 1017 1978 1514 2197">
     <span class='ocr_line' id='line_1_12' title="bbox 1017 1978 1484 2043; baseline 0.011 -8"><span class='ocrx_word' id='word_1_123' title='bbox 1017 2022 1026 2035; x_wconf 92' lang='grc'><strong>.</strong></span> <span class='ocrx_word' id='word_1_124' title='bbox 1141 1978 1217 2042; x_wconf 82' lang='lat' dir='ltr'><strong>nm</strong></span> <span class='ocrx_word' id='word_1_125' title='bbox 1251 1998 1281 2042; x_wconf 78' lang='lat' dir='ltr'><strong>a.</strong></span> <span class='ocrx_word' id='word_1_126' title='bbox 1301 1978 1484 2043; x_wconf 53' lang='lat' dir='ltr'><strong>ascesa.</strong></span> 
     </span>
     <span class='ocr_line' id='line_1_13' title="bbox 1111 2114 1514 2197; baseline -0.005 0"><span class='ocrx_word' id='word_1_127' title='bbox 1111 2114 1514 2197; x_wconf 80' lang='lat' dir='ltr'><strong>nn&#39;ouoanurruvu.</strong></span> 
     </span>
    </p>
   </div>
   <div class='ocr_carea' id='block_1_4' title="bbox 498 2301 2180 3007">
    <p class='ocr_par' dir='ltr' id='par_1_11' title="bbox 498 2301 2180 3007">
     <span class='ocr_line' id='line_1_14' title="bbox 585 2301 2128 2387; baseline 0.001 -21"><span class='ocrx_word' id='word_1_128' title='bbox 585 2303 623 2366; x_wconf 92' lang='lat' dir='ltr'><strong>ln</strong></span> <span class='ocrx_word' id='word_1_129' title='bbox 646 2323 718 2367; x_wconf 91' lang='lat' dir='ltr'><strong>eum</strong></span> <span class='ocrx_word' id='word_1_130' title='bbox 741 2303 874 2369; x_wconf 90' lang='lat' dir='ltr'><strong>militiae</strong></span> <span class='ocrx_word' id='word_1_131' title='bbox 896 2303 1031 2387; x_wconf 56' lang='lat' dir='ltr'><strong>madum</strong></span> <span class='ocrx_word' id='word_1_132' title='bbox 1061 2303 1169 2369; x_wconf 90' lang='lat' dir='ltr'><strong>labore</strong></span> <span class='ocrx_word' id='word_1_133' title='bbox 1199 2304 1333 2387; x_wconf 86' lang='lat' dir='ltr'><strong>venisti,</strong></span> <span class='ocrx_word' id='word_1_134' title='bbox 1366 2311 1402 2369; x_wconf 93' lang='lat' dir='ltr'><strong>ut</strong></span> <span class='ocrx_word' id='word_1_135' title='bbox 1423 2303 1589 2368; x_wconf 79' lang='lat' dir='ltr'><strong>Benedicti</strong></span> <span class='ocrx_word' id='word_1_136' title='bbox 1618 2303 1713 2368; x_wconf 90' lang='lat' dir='ltr'><strong>amici</strong></span> <span class='ocrx_word' id='word_1_137' title='bbox 1736 2304 1801 2368; x_wconf 89' lang='lat' dir='ltr'><strong>mei</strong></span> <span class='ocrx_word' id='word_1_138' title='bbox 1822 2303 1981 2368; x_wconf 85' lang='lat' dir='ltr'><strong>fortunam</strong></span> <span class='ocrx_word' id='word_1_139' title='bbox 2005 2301 2128 2368; x_wconf 84' lang='lat' dir='ltr'><strong>debeas</strong></span> 
     </span>
     <span class='ocr_line' id='line_1_15' title="bbox 499 2403 2128 2491; baseline 0.001 -23"><span class='ocrx_word' id='word_1_140' title='bbox 499 2403 664 2485; x_wconf 84' lang='lat' dir='ltr'><strong>adiuvare,</strong></span> <span class='ocrx_word' id='word_1_141' title='bbox 692 2427 785 2488; x_wconf 90' lang='lat' dir='ltr'><strong>quem</strong></span> <span class='ocrx_word' id='word_1_142' title='bbox 809 2407 889 2472; x_wconf 91' lang='lat' dir='ltr'><strong>nulli</strong></span> <span class='ocrx_word' id='word_1_143' title='bbox 912 2407 1082 2472; x_wconf 83' lang='lat' dir='ltr'><strong>obnoxium</strong></span> <span class='ocrx_word' id='word_1_144' title='bbox 1106 2407 1230 2472; x_wconf 77' lang='lat' dir='ltr'><strong>crimini</strong></span> <span class='ocrx_word' id='word_1_145' title='bbox 1253 2407 1399 2473; x_wconf 88' lang='lat' dir='ltr'><strong>fortunae</strong></span> <span class='ocrx_word' id='word_1_146' title='bbox 1421 2407 1575 2491; x_wconf 88' lang='lat' dir='ltr'><strong>iniquitas</strong></span> <span class='ocrx_word' id='word_1_147' title='bbox 1597 2406 1668 2473; x_wconf 93' lang='lat' dir='ltr'><strong>loco</strong></span> <span class='ocrx_word' id='word_1_148' title='bbox 1690 2405 1815 2490; x_wconf 88' lang='lat' dir='ltr'><strong>depulit</strong></span> <span class='ocrx_word' id='word_1_149' title='bbox 1837 2406 2002 2471; x_wconf 91' lang='lat' dir='ltr'><strong>ethonore</strong></span> <span class='ocrx_word' id='word_1_150' title='bbox 2018 2404 2128 2488; x_wconf 89' lang='lat' dir='ltr'><strong>priva-</strong></span> 
     </span>
     <span class='ocr_line' id='line_1_16' title="bbox 500 2506 2180 2595; baseline 0.001 -23"><span class='ocrx_word' id='word_1_151' title='bbox 500 2506 556 2573; x_wconf 87' lang='lat' dir='ltr'><strong>vit.</strong></span> <span class='ocrx_word' id='word_1_152' title='bbox 603 2509 678 2574; x_wconf 90' lang='lat' dir='ltr'><strong>huic</strong></span> <span class='ocrx_word' id='word_1_153' title='bbox 699 2510 741 2575; x_wconf 90' lang='lat' dir='ltr'><strong>ad</strong></span> <span class='ocrx_word' id='word_1_154' title='bbox 763 2510 1009 2594; x_wconf 88' lang='lat' dir='ltr'><strong>promerendum</strong></span> <span class='ocrx_word' id='word_1_155' title='bbox 1032 2511 1174 2577; x_wconf 86' lang='lat' dir='ltr'><strong>favorem</strong></span> <span class='ocrx_word' id='word_1_156' title='bbox 1197 2519 1286 2578; x_wconf 91' lang='lat' dir='ltr'><strong>tuum</strong></span> <span class='ocrx_word' id='word_1_157' title='bbox 1309 2512 1497 2577; x_wconf 83' lang='lat' dir='ltr'><strong>nouaclum</strong></span> <span class='ocrx_word' id='word_1_158' title='bbox 1520 2511 1623 2595; x_wconf 88' lang='lat' dir='ltr'><strong>ipsius</strong></span> <span class='ocrx_word' id='word_1_159' title='bbox 1651 2508 1793 2595; x_wconf 88' lang='lat' dir='ltr'><strong>probitas</strong></span> <span class='ocrx_word' id='word_1_160' title='bbox 1822 2509 1881 2574; x_wconf 89' lang='lat' dir='ltr'><strong>sed</strong></span> <span class='ocrx_word' id='word_1_161' title='bbox 1910 2508 2008 2575; x_wconf 89' lang='lat' dir='ltr'><strong>etiam</strong></span> <span class='ocrx_word' id='word_1_162' title='bbox 2038 2527 2127 2573; x_wconf 91' lang='lat' dir='ltr'><strong>com·</strong></span> <span class='ocrx_word' id='word_1_163' title='bbox 2149 2533 2180 2574; x_wconf 75' lang='lat' dir='ltr'><strong>rs</strong></span> 
     </span>
     <span class='ocr_line' id='line_1_17' title="bbox 499 2612 2128 2699; baseline 0.001 -23"><span class='ocrx_word' id='word_1_164' title='bbox 499 2612 662 2678; x_wconf 89' lang='lat' dir='ltr'><strong>mendatio</strong></span> <span class='ocrx_word' id='word_1_165' title='bbox 691 2633 765 2680; x_wconf 87' lang='lat' dir='ltr'><strong>mea</strong></span> <span class='ocrx_word' id='word_1_166' title='bbox 791 2613 913 2680; x_wconf 87' lang='lat' dir='ltr'><strong>aditum</strong></span> <span class='ocrx_word' id='word_1_167' title='bbox 942 2612 1040 2680; x_wconf 89' lang='lat' dir='ltr'><strong>debet</strong></span> <span class='ocrx_word' id='word_1_168' title='bbox 1067 2615 1205 2699; x_wconf 89' lang='lat' dir='ltr'><strong>aperire.</strong></span> <span class='ocrx_word' id='word_1_169' title='bbox 1252 2616 1347 2682; x_wconf 89' lang='lat' dir='ltr'><strong>credo</strong></span> <span class='ocrx_word' id='word_1_170' title='bbox 1377 2615 1462 2681; x_wconf 90' lang='lat' dir='ltr'><strong>enim</strong></span> <span class='ocrx_word' id='word_1_171' title='bbox 1492 2615 1572 2681; x_wconf 86' lang='lat' dir='ltr'><strong>tanti</strong></span> <span class='ocrx_word' id='word_1_172' title='bbox 1601 2612 1689 2699; x_wconf 90' lang='lat' dir='ltr'><strong>apud</strong></span> <span class='ocrx_word' id='word_1_173' title='bbox 1717 2619 1750 2680; x_wconf 90' lang='lat' dir='ltr'><strong>te</strong></span> <span class='ocrx_word' id='word_1_174' title='bbox 1779 2613 1904 2679; x_wconf 87' lang='lat' dir='ltr'><strong>litteras</strong></span> <span class='ocrx_word' id='word_1_175' title='bbox 1933 2631 2024 2678; x_wconf 88' lang='lat' dir='ltr'><strong>meas</strong></span> <span class='ocrx_word' id='word_1_176' title='bbox 2053 2631 2128 2678; x_wconf 85' lang='lat' dir='ltr'><strong>esse</strong></span> 
     </span>
     <span class='ocr_line' id='line_1_18' title="bbox 498 2715 2128 2803; baseline 0.001 -25"><span class='ocrx_word' id='word_1_177' title='bbox 498 2716 661 2799; x_wconf 86' lang='lat' dir='ltr'><strong>momenti,</strong></span> <span class='ocrx_word' id='word_1_178' title='bbox 687 2722 722 2782; x_wconf 90' lang='lat' dir='ltr'><strong>ut</strong></span> <span class='ocrx_word' id='word_1_179' title='bbox 743 2718 891 2783; x_wconf 84' lang='lat' dir='ltr'><strong>effectum</strong></span> <span class='ocrx_word' id='word_1_180' title='bbox 914 2736 1044 2803; x_wconf 89' lang='lat' dir='ltr'><strong>sperare</strong></span> <span class='ocrx_word' id='word_1_181' title='bbox 1066 2718 1117 2783; x_wconf 86' lang='lat' dir='ltr'><strong>fas</strong></span> <span class='ocrx_word' id='word_1_182' title='bbox 1140 2719 1245 2797; x_wconf 84' lang='lat' dir='ltr'><strong>fuerit,</strong></span> <span class='ocrx_word' id='word_1_183' title='bbox 1272 2719 1399 2784; x_wconf 69' lang='lat' dir='ltr'><strong>etamsi</strong></span> <span class='ocrx_word' id='word_1_184' title='bbox 1421 2718 1523 2784; x_wconf 89' lang='lat' dir='ltr'><strong>ardua</strong></span> <span class='ocrx_word' id='word_1_185' title='bbox 1545 2718 1751 2803; x_wconf 87' lang='lat' dir='ltr'><strong>postularem.</strong></span> <span class='ocrx_word' id='word_1_186' title='bbox 1792 2715 1877 2801; x_wconf 85' lang='lat' dir='ltr'><strong>quod</strong></span> <span class='ocrx_word' id='word_1_187' title='bbox 1898 2716 1971 2782; x_wconf 90' lang='lat' dir='ltr'><strong>ideo</strong></span> <span class='ocrx_word' id='word_1_188' title='bbox 1986 2735 2128 2781; x_wconf 88' lang='lat' dir='ltr'><strong>comme-</strong></span> 
     </span>
     <span class='ocr_line' id='line_1_19' title="bbox 498 2818 2128 2905; baseline 0.002 -25"><span class='ocrx_word' id='word_1_189' title='bbox 498 2818 686 2883; x_wconf 89' lang='lat' dir='ltr'><strong>morandum</strong></span> <span class='ocrx_word' id='word_1_190' title='bbox 709 2819 830 2904; x_wconf 86' lang='lat' dir='ltr'><strong>putavi,</strong></span> <span class='ocrx_word' id='word_1_191' title='bbox 858 2825 892 2885; x_wconf 89' lang='lat' dir='ltr'><strong>ut</strong></span> <span class='ocrx_word' id='word_1_192' title='bbox 913 2819 1097 2904; x_wconf 89' lang='lat' dir='ltr'><strong>intellegas,</strong></span> <span class='ocrx_word' id='word_1_193' title='bbox 1123 2822 1176 2887; x_wconf 84' lang='lat' dir='ltr'><strong>vel</strong></span> <span class='ocrx_word' id='word_1_194' title='bbox 1199 2821 1276 2905; x_wconf 86' lang='lat' dir='ltr'><strong>quid</strong></span> <span class='ocrx_word' id='word_1_195' title='bbox 1300 2820 1341 2886; x_wconf 90' lang='lat' dir='ltr'><strong>dc</strong></span> <span class='ocrx_word' id='word_1_196' title='bbox 1362 2821 1470 2886; x_wconf 89' lang='lat' dir='ltr'><strong>animo</strong></span> <span class='ocrx_word' id='word_1_197' title='bbox 1492 2830 1546 2886; x_wconf 92' lang='lat' dir='ltr'><strong>tuo</strong></span> <span class='ocrx_word' id='word_1_198' title='bbox 1568 2827 1664 2903; x_wconf 88' lang='lat' dir='ltr'><strong>atque</strong></span> <span class='ocrx_word' id='word_1_199' title='bbox 1687 2819 1828 2885; x_wconf 89' lang='lat' dir='ltr'><strong>amicitia</strong></span> <span class='ocrx_word' id='word_1_200' title='bbox 1850 2818 2046 2899; x_wconf 86' lang='lat' dir='ltr'><strong>sentiamus,</strong></span> <span class='ocrx_word' id='word_1_201' title='bbox 2072 2819 2128 2885; x_wconf 88' lang='lat' dir='ltr'><strong>vel</strong></span> 
     </span>
     <span class='ocr_line' id='line_1_20' title="bbox 498 2912 1438 3007; baseline 0.003 -22"><span class='ocrx_word' id='word_1_202' title='bbox 498 2928 653 3002; x_wconf 89' lang='lat' dir='ltr'><strong>quantum</strong></span> <span class='ocrx_word' id='word_1_203' title='bbox 677 2922 830 3007; x_wconf 88' lang='lat' dir='ltr'><strong>prodesse</strong></span> <span class='ocrx_word' id='word_1_204' title='bbox 853 2922 928 2989; x_wconf 91' lang='lat' dir='ltr'><strong>huic</strong></span> <span class='ocrx_word' id='word_1_205' title='bbox 950 2923 1068 2990; x_wconf 87' lang='lat' dir='ltr'><strong>debeat</strong></span> <span class='ocrx_word' id='word_1_206' title='bbox 1091 2925 1141 2989; x_wconf 91' lang='lat' dir='ltr'><strong>vel</strong></span> <span class='ocrx_word' id='word_1_207' title='bbox 1165 2923 1282 2990; x_wconf 90' lang='lat' dir='ltr'><strong>adesse</strong></span> <span class='ocrx_word' id='word_1_208' title='bbox 1303 2912 1438 2990; x_wconf 82' lang='lat' dir='ltr'><strong>iustitia.</strong></span> 
     </span>
    </p>
   </div>
   <div class='ocr_carea' id='block_1_5' title="bbox 381 3286 1511 3505">
    <p class='ocr_par' dir='ltr' id='par_1_12' title="bbox 381 3286 1511 3505">
     <span class='ocr_line' id='line_1_21' title="bbox 1182 3286 1435 3350; baseline -0.004 -1"><span class='ocrx_word' id='word_1_209' title='bbox 1182 3286 1274 3350; x_wconf 85' lang='lat' dir='ltr'><strong>Lllll</strong></span> <span class='ocrx_word' id='word_1_210' title='bbox 1311 3306 1342 3350; x_wconf 90' lang='lat' dir='ltr'><strong>a.</strong></span> <span class='ocrx_word' id='word_1_211' title='bbox 1362 3288 1435 3349; x_wconf 82' lang='lat'><strong>397.</strong></span> 
     </span>
     <span class='ocr_line' id='line_1_22' title="bbox 381 3439 1511 3505; baseline 0.002 -3"><span class='ocrx_word' id='word_1_212' title='bbox 381 3439 483 3502; x_wconf 86' lang='lat' dir='ltr'><strong>PVF</strong></span> <span class='ocrx_word' id='word_1_213' title='bbox 1109 3439 1168 3504; x_wconf 87' lang='lat' dir='ltr'><strong>AD</strong></span> <span class='ocrx_word' id='word_1_214' title='bbox 1189 3439 1511 3505; x_wconf 81' lang='lat' dir='ltr'><strong>FLORENTINVM.</strong></span> 
     </span>
    </p>
   </div>
   <div class='ocr_carea' id='block_1_6' title="bbox 453 3611 2178 4731">
    <p class='ocr_par' dir='ltr' id='par_1_13' title="bbox 495 3611 2178 4010">
     <span class='ocr_line' id='line_1_23' title="bbox 583 3611 2127 3699; baseline 0.001 -24"><span class='ocrx_word' id='word_1_215' title='bbox 583 3611 725 3693; x_wconf 87' lang='lat' dir='ltr'><strong>Purgas,</strong></span> <span class='ocrx_word' id='word_1_216' title='bbox 758 3612 842 3694; x_wconf 91' lang='lat' dir='ltr'><strong>quod</strong></span> <span class='ocrx_word' id='word_1_217' title='bbox 865 3611 1031 3696; x_wconf 90' lang='lat' dir='ltr'><strong>hucusque</strong></span> <span class='ocrx_word' id='word_1_218' title='bbox 1053 3611 1183 3676; x_wconf 91' lang='lat' dir='ltr'><strong>siluisti.</strong></span> <span class='ocrx_word' id='word_1_219' title='bbox 1230 3612 1406 3678; x_wconf 90' lang='lat' dir='ltr'><strong>communis</strong></span> <span class='ocrx_word' id='word_1_220' title='bbox 1428 3612 1509 3677; x_wconf 90' lang='lat' dir='ltr'><strong>haec</strong></span> <span class='ocrx_word' id='word_1_221' title='bbox 1537 3612 1633 3695; x_wconf 89' lang='lat' dir='ltr'><strong>culpa</strong></span> <span class='ocrx_word' id='word_1_222' title='bbox 1655 3618 1714 3676; x_wconf 91' lang='lat' dir='ltr'><strong>est.</strong></span> <span class='ocrx_word' id='word_1_223' title='bbox 1762 3631 1837 3676; x_wconf 90' lang='lat' dir='ltr'><strong>nam</strong></span> <span class='ocrx_word' id='word_1_224' title='bbox 1860 3630 1911 3676; x_wconf 88' lang='lat' dir='ltr'><strong>me</strong></span> <span class='ocrx_word' id='word_1_225' title='bbox 1933 3630 2059 3699; x_wconf 88' lang='lat' dir='ltr'><strong>quoque</strong></span> <span class='ocrx_word' id='word_1_226' title='bbox 2083 3612 2127 3676; x_wconf 91' lang='lat' dir='ltr'><strong>ab</strong></span> 
     </span>
     <span class='ocr_line' id='line_1_24' title="bbox 497 3714 2126 3803; baseline 0.003 -24"><span class='ocrx_word' id='word_1_227' title='bbox 497 3714 555 3779; x_wconf 90' lang='lat' dir='ltr'><strong>tali</strong></span> <span class='ocrx_word' id='word_1_228' title='bbox 579 3714 766 3780; x_wconf 89' lang='lat' dir='ltr'><strong>commercio</strong></span> <span class='ocrx_word' id='word_1_229' title='bbox 788 3715 843 3781; x_wconf 92' lang='lat' dir='ltr'><strong>diu</strong></span> <span class='ocrx_word' id='word_1_230' title='bbox 866 3716 993 3785; x_wconf 87' lang='lat' dir='ltr'><strong>infirma</strong></span> <span class='ocrx_word' id='word_1_231' title='bbox 1015 3720 1167 3786; x_wconf 88' lang='lat' dir='ltr'><strong>valetudo</strong></span> <span class='ocrx_word' id='word_1_232' title='bbox 1189 3720 1361 3787; x_wconf 89' lang='lat' dir='ltr'><strong>revocavit.</strong></span> <span class='ocrx_word' id='word_1_233' title='bbox 1408 3718 1604 3786; x_wconf 89' lang='lat' dir='ltr'><strong>inhorruisse</strong></span> <span class='ocrx_word' id='word_1_234' title='bbox 1625 3726 1657 3784; x_wconf 91' lang='lat' dir='ltr'><strong>te</strong></span> <span class='ocrx_word' id='word_1_235' title='bbox 1680 3725 1773 3803; x_wconf 93' lang='lat' dir='ltr'><strong>puto,</strong></span> <span class='ocrx_word' id='word_1_236' title='bbox 1807 3724 1977 3803; x_wconf 76' lang='lat' dir='ltr'><strong>postquam</strong></span> <span class='ocrx_word' id='word_1_237' title='bbox 2008 3718 2048 3784; x_wconf 90' lang='lat' dir='ltr'><strong>de</strong></span> <span class='ocrx_word' id='word_1_238' title='bbox 2072 3739 2126 3784; x_wconf 88' lang='lat' dir='ltr'><strong>me</strong></span> 
     </span>
     <span class='ocr_line' id='line_1_25' title="bbox 497 3817 2126 3907; baseline 0.002 -24"><span class='ocrx_word' id='word_1_239' title='bbox 497 3817 625 3901; x_wconf 88' lang='lat' dir='ltr'><strong>cognitu</strong></span> <span class='ocrx_word' id='word_1_240' title='bbox 647 3838 759 3884; x_wconf 87' lang='lat' dir='ltr'><strong>amara</strong></span> <span class='ocrx_word' id='word_1_241' title='bbox 780 3820 898 3903; x_wconf 87' lang='lat' dir='ltr'><strong>legisti.</strong></span> <span class='ocrx_word' id='word_1_242' title='bbox 947 3824 1017 3890; x_wconf 91' lang='lat' dir='ltr'><strong>redi</strong></span> <span class='ocrx_word' id='word_1_243' title='bbox 1039 3823 1074 3890; x_wconf 91' lang='lat' dir='ltr'><strong>in</strong></span> <span class='ocrx_word' id='word_1_244' title='bbox 1097 3824 1242 3892; x_wconf 89' lang='lat' dir='ltr'><strong>habitum</strong></span> <span class='ocrx_word' id='word_1_245' title='bbox 1263 3824 1362 3891; x_wconf 80' lang='lat' dir='ltr'><strong>animi</strong></span> <span class='ocrx_word' id='word_1_246' title='bbox 1384 3823 1565 3890; x_wconf 88' lang='lat' dir='ltr'><strong>laetiorem:</strong></span> <span class='ocrx_word' id='word_1_247' title='bbox 1600 3822 1663 3888; x_wconf 92' lang='lat' dir='ltr'><strong>diis</strong></span> <span class='ocrx_word' id='word_1_248' title='bbox 1685 3822 1804 3907; x_wconf 91' lang='lat' dir='ltr'><strong>quippe</strong></span> <span class='ocrx_word' id='word_1_249' title='bbox 1829 3822 2012 3888; x_wconf 86' lang='lat' dir='ltr'><strong>auctoribus</strong></span> <span class='ocrx_word' id='word_1_250' title='bbox 2035 3822 2126 3887; x_wconf 90' lang='lat' dir='ltr'><strong>sani-</strong></span> 
     </span>
     <span class='ocr_line' id='line_1_26' title="bbox 495 3921 2178 4010; baseline 0.002 -23"><span class='ocrx_word' id='word_1_251' title='bbox 495 3929 593 3987; x_wconf 90' lang='lat' dir='ltr'><strong>tatem</strong></span> <span class='ocrx_word' id='word_1_252' title='bbox 623 3921 734 3987; x_wconf 84' lang='lat' dir='ltr'><strong>refori.</strong></span> <span class='ocrx_word' id='word_1_253' title='bbox 782 3922 888 3990; x_wconf 84' lang='lat' dir='ltr'><strong>facilis</strong></span> <span class='ocrx_word' id='word_1_254' title='bbox 916 3926 1015 4010; x_wconf 85' lang='lat' dir='ltr'><strong>igitur</strong></span> <span class='ocrx_word' id='word_1_255' title='bbox 1042 3927 1216 3993; x_wconf 86' lang='lat' dir='ltr'><strong>litterariae</strong></span> <span class='ocrx_word' id='word_1_256' title='bbox 1246 3926 1435 3993; x_wconf 87' lang='lat' dir='ltr'><strong>cessationis</strong></span> <span class='ocrx_word' id='word_1_257' title='bbox 1464 3926 1589 4010; x_wconf 84' lang='lat' dir='ltr'><strong>utrique</strong></span> <span class='ocrx_word' id='word_1_258' title='bbox 1617 3925 1713 3992; x_wconf 88' lang='lat' dir='ltr'><strong>venia</strong></span> <span class='ocrx_word' id='word_1_259' title='bbox 1742 3924 1793 3990; x_wconf 91' lang='lat' dir='ltr'><strong>sit.</strong></span> <span class='ocrx_word' id='word_1_260' title='bbox 1841 3924 1936 3990; x_wconf 89' lang='lat' dir='ltr'><strong>ambo</strong></span> <span class='ocrx_word' id='word_1_261' title='bbox 1957 3924 2050 3990; x_wconf 90' lang='lat' dir='ltr'><strong>nobis</strong></span> <span class='ocrx_word' id='word_1_262' title='bbox 2072 3924 2126 3989; x_wconf 88' lang='lat' dir='ltr'><strong>in-</strong></span> <span class='ocrx_word' id='word_1_263' title='bbox 2146 3949 2178 3991; x_wconf 71' lang='lat' dir='ltr'><strong>aa</strong></span> 
     </span>
    </p>

    <p class='ocr_par' dir='ltr' id='par_1_14' title="bbox 455 4023 2125 4319">
     <span class='ocr_line' id='line_1_27' title="bbox 455 4023 2125 4114; baseline 0.003 -27"><span class='ocrx_word' id='word_1_264' title='bbox 455 4030 473 4087; x_wconf 84' lang='lat'><strong>2</strong></span> <span class='ocrx_word' id='word_1_265' title='bbox 496 4023 600 4089; x_wconf 86' lang='lat' dir='ltr'><strong>vicem</strong></span> <span class='ocrx_word' id='word_1_266' title='bbox 624 4024 948 4113; x_wconf 74' lang='lat' dir='ltr'><strong>1·curittamus,quod</strong></span> <span class='ocrx_word' id='word_1_267' title='bbox 969 4031 1065 4095; x_wconf 87' lang='lat' dir='ltr'><strong>ambo</strong></span> <span class='ocrx_word' id='word_1_268' title='bbox 1087 4030 1290 4114; x_wconf 86' lang='lat' dir='ltr'><strong>deliquimus.</strong></span> <span class='ocrx_word' id='word_1_269' title='bbox 1338 4031 1398 4097; x_wconf 89' lang='lat' dir='ltr'><strong>scd</strong></span> <span class='ocrx_word' id='word_1_270' title='bbox 1419 4028 1497 4113; x_wconf 87' lang='lat' dir='ltr'><strong>quid</strong></span> <span class='ocrx_word' id='word_1_271' title='bbox 1519 4028 1598 4094; x_wconf 93' lang='lat' dir='ltr'><strong>mihi</strong></span> <span class='ocrx_word' id='word_1_272' title='bbox 1620 4029 1803 4094; x_wconf 87' lang='lat' dir='ltr'><strong>insusurras</strong></span> <span class='ocrx_word' id='word_1_273' title='bbox 1825 4027 1928 4110; x_wconf 86' lang='lat' dir='ltr'><strong>frugis</strong></span> <span class='ocrx_word' id='word_1_274' title='bbox 1951 4027 2125 4093; x_wconf 83' lang='lat' dir='ltr'><strong>Africanae</strong></span> 
     </span>
     <span class='ocr_line' id='line_1_28' title="bbox 495 4130 2124 4218; baseline 0.002 -27"><span class='ocrx_word' id='word_1_275' title='bbox 495 4133 609 4191; x_wconf 92' lang='lat' dir='ltr'><strong>tenues</strong></span> <span class='ocrx_word' id='word_1_276' title='bbox 637 4135 853 4195; x_wconf 72' lang='lat' dir='ltr'><strong>commeatus?</strong></span> <span class='ocrx_word' id='word_1_277' title='bbox 888 4132 990 4216; x_wconf 88' lang='lat' dir='ltr'><strong>absit,</strong></span> <span class='ocrx_word' id='word_1_278' title='bbox 1025 4141 1060 4200; x_wconf 93' lang='lat' dir='ltr'><strong>ut</strong></span> <span class='ocrx_word' id='word_1_279' title='bbox 1088 4154 1242 4218; x_wconf 91' lang='lat' dir='ltr'><strong>praesens</strong></span> <span class='ocrx_word' id='word_1_280' title='bbox 1270 4154 1374 4201; x_wconf 90' lang='lat' dir='ltr'><strong>annus</strong></span> <span class='ocrx_word' id='word_1_281' title='bbox 1406 4134 1549 4199; x_wconf 88' lang='lat' dir='ltr'><strong>imitetur</strong></span> <span class='ocrx_word' id='word_1_282' title='bbox 1577 4133 1736 4197; x_wconf 86' lang='lat' dir='ltr'><strong>fortunam</strong></span> <span class='ocrx_word' id='word_1_283' title='bbox 1767 4130 1981 4216; x_wconf 87' lang='lat' dir='ltr'><strong>superiorum!</strong></span> <span class='ocrx_word' id='word_1_284' title='bbox 2023 4130 2124 4195; x_wconf 89' lang='lat' dir='ltr'><strong>inter-</strong></span> 
     </span>
     <span class='ocr_line' id='line_1_29' title="bbox 496 4229 2125 4319; baseline 0.002 -25"><span class='ocrx_word' id='word_1_285' title='bbox 496 4229 622 4307; x_wconf 85' lang='lat' dir='ltr'><strong>cludet,</strong></span> <span class='ocrx_word' id='word_1_286' title='bbox 653 4238 688 4297; x_wconf 92' lang='lat' dir='ltr'><strong>ut</strong></span> <span class='ocrx_word' id='word_1_287' title='bbox 709 4252 821 4318; x_wconf 90' lang='lat' dir='ltr'><strong>spero,</strong></span> <span class='ocrx_word' id='word_1_288' title='bbox 852 4235 1054 4319; x_wconf 84' lang='lat' dir='ltr'><strong>providentia</strong></span> <span class='ocrx_word' id='word_1_289' title='bbox 1075 4237 1183 4303; x_wconf 85' lang='lat' dir='ltr'><strong>tristes</strong></span> <span class='ocrx_word' id='word_1_290' title='bbox 1206 4257 1339 4304; x_wconf 89' lang='lat' dir='ltr'><strong>casuum</strong></span> <span class='ocrx_word' id='word_1_291' title='bbox 1361 4238 1432 4304; x_wconf 88' lang='lat' dir='ltr'><strong>vias</strong></span> <span class='ocrx_word' id='word_1_292' title='bbox 1454 4235 1555 4302; x_wconf 88' lang='lat' dir='ltr'><strong>sacris</strong></span> <span class='ocrx_word' id='word_1_293' title='bbox 1577 4234 1709 4301; x_wconf 89' lang='lat' dir='ltr'><strong>auribus</strong></span> <span class='ocrx_word' id='word_1_294' title='bbox 1731 4233 1905 4301; x_wconf 88' lang='lat' dir='ltr'><strong>edocendis</strong></span> <span class='ocrx_word' id='word_1_295' title='bbox 1927 4240 1961 4299; x_wconf 93' lang='lat' dir='ltr'><strong>et</strong></span> <span class='ocrx_word' id='word_1_296' title='bbox 1981 4233 2125 4317; x_wconf 88' lang='lat' dir='ltr'><strong>castiga-</strong></span> 
     </span>
    </p>

    <p class='ocr_par' dir='ltr' id='par_1_15' title="bbox 453 4332 2177 4731">
     <span class='ocr_line' id='line_1_30' title="bbox 453 4332 2124 4426; baseline 0.001 -25"><span class='ocrx_word' id='word_1_297' title='bbox 453 4340 471 4401; x_wconf 85' lang='lat'><strong>3</strong></span> <span class='ocrx_word' id='word_1_298' title='bbox 494 4332 581 4399; x_wconf 91' lang='lat' dir='ltr'><strong>tione</strong></span> <span class='ocrx_word' id='word_1_299' title='bbox 603 4334 761 4419; x_wconf 89' lang='lat' dir='ltr'><strong>iudicum,</strong></span> <span class='ocrx_word' id='word_1_300' title='bbox 794 4358 876 4420; x_wconf 88' lang='lat' dir='ltr'><strong>quos</strong></span> <span class='ocrx_word' id='word_1_301' title='bbox 898 4339 1101 4407; x_wconf 86' lang='lat' dir='ltr'><strong>alimentaria</strong></span> <span class='ocrx_word' id='word_1_302' title='bbox 1123 4348 1247 4426; x_wconf 92' lang='lat' dir='ltr'><strong>spectat</strong></span> <span class='ocrx_word' id='word_1_303' title='bbox 1268 4342 1417 4407; x_wconf 88' lang='lat' dir='ltr'><strong>invectio.</strong></span> <span class='ocrx_word' id='word_1_304' title='bbox 1464 4360 1524 4406; x_wconf 88' lang='lat' dir='ltr'><strong>nec</strong></span> <span class='ocrx_word' id='word_1_305' title='bbox 1547 4359 1638 4425; x_wconf 91' lang='lat' dir='ltr'><strong>spem</strong></span> <span class='ocrx_word' id='word_1_306' title='bbox 1660 4337 1731 4403; x_wconf 90' lang='lat' dir='ltr'><strong>dies</strong></span> <span class='ocrx_word' id='word_1_307' title='bbox 1753 4337 1906 4415; x_wconf 87' lang='lat' dir='ltr'><strong>obstruit;</strong></span> <span class='ocrx_word' id='word_1_308' title='bbox 1937 4358 2011 4403; x_wconf 89' lang='lat' dir='ltr'><strong>nam</strong></span> <span class='ocrx_word' id='word_1_309' title='bbox 2035 4358 2124 4403; x_wconf 91' lang='lat' dir='ltr'><strong>mare</strong></span> 
     </span>
     <span class='ocr_line' id='line_1_31' title="bbox 495 4437 2177 4529; baseline 0.004 -27"><span class='ocrx_word' id='word_1_310' title='bbox 495 4437 602 4503; x_wconf 90' lang='lat' dir='ltr'><strong>adhuc</strong></span> <span class='ocrx_word' id='word_1_311' title='bbox 623 4438 715 4505; x_wconf 91' lang='lat' dir='ltr'><strong>iustis</strong></span> <span class='ocrx_word' id='word_1_312' title='bbox 738 4442 884 4507; x_wconf 89' lang='lat' dir='ltr'><strong>cursibus</strong></span> <span class='ocrx_word' id='word_1_313' title='bbox 906 4449 995 4528; x_wconf 89' lang='lat' dir='ltr'><strong>patet</strong></span> <span class='ocrx_word' id='word_1_314' title='bbox 1016 4453 1049 4510; x_wconf 93' lang='lat' dir='ltr'><strong>et</strong></span> <span class='ocrx_word' id='word_1_315' title='bbox 1071 4445 1211 4511; x_wconf 89' lang='lat' dir='ltr'><strong>nondum</strong></span> <span class='ocrx_word' id='word_1_316' title='bbox 1234 4445 1267 4511; x_wconf 91' lang='lat' dir='ltr'><strong>in</strong></span> <span class='ocrx_word' id='word_1_317' title='bbox 1290 4445 1428 4511; x_wconf 89' lang='lat' dir='ltr'><strong>hiemem</strong></span> <span class='ocrx_word' id='word_1_318' title='bbox 1451 4442 1641 4529; x_wconf 90' lang='lat' dir='ltr'><strong>praecipitat</strong></span> <span class='ocrx_word' id='word_1_319' title='bbox 1662 4449 1844 4508; x_wconf 89' lang='lat' dir='ltr'><strong>autumnus.</strong></span> <span class='ocrx_word' id='word_1_320' title='bbox 1885 4442 1993 4525; x_wconf 88' lang='lat' dir='ltr'><strong>placet</strong></span> <span class='ocrx_word' id='word_1_321' title='bbox 2013 4448 2122 4507; x_wconf 66' lang='lat' dir='ltr'><strong>umen</strong></span> <span class='ocrx_word' id='word_1_322' title='bbox 2145 4469 2177 4509; x_wconf 78' lang='lat' dir='ltr'><strong>ao</strong></span> 
     </span>
     <span class='ocr_line' id='line_1_32' title="bbox 494 4540 2123 4633; baseline 0.003 -28"><span class='ocrx_word' id='word_1_323' title='bbox 494 4540 578 4606; x_wconf 90' lang='lat' dir='ltr'><strong>inter</strong></span> <span class='ocrx_word' id='word_1_324' title='bbox 599 4542 690 4622; x_wconf 91' lang='lat' dir='ltr'><strong>haec,</strong></span> <span class='ocrx_word' id='word_1_325' title='bbox 715 4544 800 4626; x_wconf 85' lang='lat' dir='ltr'><strong>quod</strong></span> <span class='ocrx_word' id='word_1_326' title='bbox 822 4545 987 4613; x_wconf 89' lang='lat' dir='ltr'><strong>inaestuas</strong></span> <span class='ocrx_word' id='word_1_327' title='bbox 1010 4556 1043 4614; x_wconf 91' lang='lat' dir='ltr'><strong>et</strong></span> <span class='ocrx_word' id='word_1_328' title='bbox 1065 4549 1117 4633; x_wconf 91' lang='lat' dir='ltr'><strong>pio</strong></span> <span class='ocrx_word' id='word_1_329' title='bbox 1140 4558 1226 4615; x_wconf 91' lang='lat' dir='ltr'><strong>metu</strong></span> <span class='ocrx_word' id='word_1_330' title='bbox 1248 4548 1425 4615; x_wconf 87' lang='lat' dir='ltr'><strong>antevertis</strong></span> <span class='ocrx_word' id='word_1_331' title='bbox 1448 4547 1684 4614; x_wconf 88' lang='lat' dir='ltr'><strong>necessitatem.</strong></span> <span class='ocrx_word' id='word_1_332' title='bbox 1732 4543 1988 4611; x_wconf 88' lang='lat' dir='ltr'><strong>remunerabitur</strong></span> <span class='ocrx_word' id='word_1_333' title='bbox 2013 4564 2123 4610; x_wconf 91' lang='lat' dir='ltr'><strong>curam</strong></span> 
     </span>
     <span class='ocr_line' id='line_1_33' title="bbox 496 4645 2119 4731; baseline 0.002 -23"><span class='ocrx_word' id='word_1_334' title='bbox 496 4650 583 4708; x_wconf 90' lang='lat' dir='ltr'><strong>tuam</strong></span> <span class='ocrx_word' id='word_1_335' title='bbox 606 4645 718 4711; x_wconf 88' lang='lat' dir='ltr'><strong>melior</strong></span> <span class='ocrx_word' id='word_1_336' title='bbox 740 4654 891 4731; x_wconf 88' lang='lat' dir='ltr'><strong>eventus,</strong></span> <span class='ocrx_word' id='word_1_337' title='bbox 918 4656 951 4715; x_wconf 94' lang='lat' dir='ltr'><strong>et</strong></span> <span class='ocrx_word' id='word_1_338' title='bbox 973 4651 1081 4717; x_wconf 84' lang='lat' dir='ltr'><strong>laudis</strong></span> <span class='ocrx_word' id='word_1_339' title='bbox 1102 4659 1176 4719; x_wconf 85' lang='lat' dir='ltr'><strong>tuae</strong></span> <span class='ocrx_word' id='word_1_340' title='bbox 1199 4652 1322 4718; x_wconf 85' lang='lat' dir='ltr'><strong>fructus</strong></span> <span class='ocrx_word' id='word_1_341' title='bbox 1344 4650 1477 4729; x_wconf 84' lang='lat' dir='ltr'><strong>efficiet,</strong></span> <span class='ocrx_word' id='word_1_342' title='bbox 1509 4658 1544 4717; x_wconf 91' lang='lat' dir='ltr'><strong>ut</strong></span> <span class='ocrx_word' id='word_1_343' title='bbox 1565 4650 1608 4715; x_wconf 88' lang='lat' dir='ltr'><strong>sit</strong></span> <span class='ocrx_word' id='word_1_344' title='bbox 1628 4648 1687 4715; x_wconf 93' lang='lat' dir='ltr'><strong>tibi</strong></span> <span class='ocrx_word' id='word_1_345' title='bbox 1709 4653 1822 4731; x_wconf 90' lang='lat' dir='ltr'><strong>postea</strong></span> <span class='ocrx_word' id='word_1_346' title='bbox 1843 4645 1939 4713; x_wconf 86' lang='lat' dir='ltr'><strong>dulce</strong></span> <span class='ocrx_word' id='word_1_347' title='bbox 1960 4646 2119 4713; x_wconf 86' lang='lat' dir='ltr'><strong>timuisse.</strong></span> 
     </span>
    </p>
   </div>
   <div class='ocr_carea' id='block_1_7' title="bbox 495 4854 905 4868">
    <p class='ocr_par' dir='ltr' id='par_1_16' title="bbox 495 4854 905 4868">
     <span class='ocr_line' id='line_1_34' title="bbox 495 4854 905 4868; baseline 0.01 -4"><span class='ocrx_word' id='word_1_348' title='bbox 495 4854 650 4863; x_wconf 77' lang='lat'><strong>--—-—</strong></span> <span class='ocrx_word' id='word_1_349' title='bbox 664 4858 905 4868; x_wconf 69' lang='lat'><strong>--.-—....-..-.</strong></span> 
     </span>
    </p>
   </div>
   <div class='ocr_carea' id='block_1_8' title="bbox 581 4992 2119 5063">
    <p class='ocr_par' dir='ltr' id='par_1_17' title="bbox 581 4992 2119 5063">
     <span class='ocr_line' id='line_1_35' title="bbox 581 4992 2119 5063; baseline 0.003 -22"><span class='ocrx_word' id='word_1_350' title='bbox 581 4992 693 5055; x_wconf 77' lang='lat' dir='ltr'><strong>lpauca</strong></span> <span class='ocrx_word' id='word_1_351' title='bbox 710 4998 821 5058; x_wconf 83' lang='lat' dir='ltr'><strong>poscentl</strong></span> <span class='ocrx_word' id='word_1_352' title='bbox 845 4997 893 5046; x_wconf 82' lang='lat' dir='ltr'><strong>VM</strong></span> <span class='ocrx_word' id='word_1_353' title='bbox 996 4998 1157 5050; x_wconf 74' lang='lat' dir='ltr'><strong>brecnrrera</strong></span> <span class='ocrx_word' id='word_1_354' title='bbox 1174 5004 1336 5063; x_wconf 84' lang='lat' dir='ltr'><strong>conspectum</strong></span> <span class='ocrx_word' id='word_1_355' title='bbox 1355 4999 1408 5060; x_wconf 63' lang='grc' dir='ltr'><strong>ΡΥ,</strong></span> <span class='ocrx_word' id='word_1_356' title='bbox 1429 5001 1540 5048; x_wconf 80' lang='lat' dir='ltr'><strong>reuisere</strong></span> <span class='ocrx_word' id='word_1_357' title='bbox 1556 5000 1718 5059; x_wconf 83' lang='lat' dir='ltr'><strong>conspectum</strong></span> <span class='ocrx_word' id='word_1_358' title='bbox 1738 4993 1767 5042; x_wconf 72' lang='lat' dir='ltr'><em>n</em></span> <span class='ocrx_word' id='word_1_359' title='bbox 1877 4994 2004 5046; x_wconf 70' lang='lat' dir='ltr'><strong>diuellat!</strong></span> <span class='ocrx_word' id='word_1_360' title='bbox 2024 4996 2069 5045; x_wconf 84' lang='lat' dir='ltr'><strong>Pl</strong></span> <span class='ocrx_word' id='word_1_361' title='bbox 2084 5013 2119 5046; x_wconf 86' lang='lat' dir='ltr'><strong>m.</strong></span> 
     </span>
    </p>
   </div>
   <div class='ocr_carea' id='block_1_9' title="bbox 494 5077 2084 5246">
    <p class='ocr_par' dir='ltr' id='par_1_18' title="bbox 494 5077 2084 5246">
     <span class='ocr_line' id='line_1_36' title="bbox 581 5077 2084 5169; baseline -0.002 -17"><span class='ocrx_word' id='word_1_362' title='bbox 581 5095 612 5145; x_wconf 74' lang='lat'><strong>1²</strong></span> <span class='ocrx_word' id='word_1_363' title='bbox 630 5111 679 5147; x_wconf 78' lang='lat' dir='ltr'><strong>vm·</strong></span> <span class='ocrx_word' id='word_1_364' title='bbox 704 5098 759 5169; x_wconf 32' lang='lat' dir='ltr'><strong>VM,</strong></span> <span class='ocrx_word' id='word_1_365' title='bbox 879 5103 909 5153; x_wconf 79' lang='lat'><strong>14</strong></span> <span class='ocrx_word' id='word_1_366' title='bbox 929 5104 1000 5153; x_wconf 76' lang='lat' dir='ltr'><strong>nulla</strong></span> <span class='ocrx_word' id='word_1_367' title='bbox 1016 5077 1133 5154; x_wconf 63' lang='lat' dir='ltr'><strong>edoxium</strong></span> <span class='ocrx_word' id='word_1_368' title='bbox 1156 5104 1178 5151; x_wconf 83' lang='lat' dir='ltr'><em>V</em></span> <span class='ocrx_word' id='word_1_369' title='bbox 1295 5103 1424 5165; x_wconf 80' lang='lat' dir='ltr'><strong>depulloet</strong></span> <span class='ocrx_word' id='word_1_370' title='bbox 1442 5102 1533 5151; x_wconf 88' lang='lat' dir='ltr'><strong>honore</strong></span> <span class='ocrx_word' id='word_1_371' title='bbox 1552 5100 1598 5148; x_wconf 80' lang='lat' dir='ltr'><strong>Pr</strong></span> <span class='ocrx_word' id='word_1_372' title='bbox 1612 5114 1647 5148; x_wconf 84' lang='lat' dir='ltr'><strong>m.</strong></span> <span class='ocrx_word' id='word_1_373' title='bbox 1773 5096 1804 5147; x_wconf 78' lang='lat'><strong>18</strong></span> <span class='ocrx_word' id='word_1_374' title='bbox 1822 5098 1967 5161; x_wconf 79' lang='lat' dir='ltr'><strong>intellegam</strong></span> <span class='ocrx_word' id='word_1_375' title='bbox 1988 5100 2084 5149; x_wconf 75' lang='lat' dir='ltr'><strong>Plus.</strong></span> 
     </span>
     <span class='ocr_line' id='line_1_37' title="bbox 494 5182 799 5246; baseline 0.02 -18"><span class='ocrx_word' id='word_1_376' title='bbox 494 5182 535 5229; x_wconf 90' lang='lat' dir='ltr'><strong>uel</strong></span> <span class='ocrx_word' id='word_1_377' title='bbox 553 5188 611 5231; x_wconf 75' lang='lat' dir='ltr'><strong>nate</strong></span> <span class='ocrx_word' id='word_1_378' title='bbox 628 5185 692 5246; x_wconf 85' lang='lat' dir='ltr'><strong>quid</strong></span> <span class='ocrx_word' id='word_1_379' title='bbox 709 5199 757 5236; x_wconf 88' lang='lat' dir='ltr'><strong>om.</strong></span> <span class='ocrx_word' id='word_1_380' title='bbox 779 5188 799 5234; x_wconf 84' lang='lat' dir='ltr'><strong><em>V</em></strong></span> 
     </span>
    </p>
   </div>
   <div class='ocr_carea' id='block_1_10' title="bbox 493 5285 2122 5615">
    <p class='ocr_par' dir='ltr' id='par_1_19' title="bbox 493 5285 2122 5615">
     <span class='ocr_line' id='line_1_38' title="bbox 580 5285 2121 5353; baseline 0.002 -18"><span class='ocrx_word' id='word_1_381' title='bbox 580 5285 610 5335; x_wconf 79' lang='lat'><strong>21</strong></span> <span class='ocrx_word' id='word_1_382' title='bbox 631 5301 679 5337; x_wconf 88' lang='lat' dir='ltr'><strong>om.</strong></span> <span class='ocrx_word' id='word_1_383' title='bbox 704 5288 747 5337; x_wconf 64' lang='grc' dir='ltr'><strong>ΥΡ</strong></span> <span class='ocrx_word' id='word_1_384' title='bbox 865 5291 897 5340; x_wconf 81' lang='grc'><strong>24</strong></span> <span class='ocrx_word' id='word_1_385' title='bbox 916 5294 1015 5352; x_wconf 79' lang='lat' dir='ltr'><strong>cognito</strong></span> <span class='ocrx_word' id='word_1_386' title='bbox 1039 5293 1059 5340; x_wconf 89' lang='lat' dir='ltr'><em>V</em></span> <span class='ocrx_word' id='word_1_387' title='bbox 1178 5293 1258 5342; x_wconf 80' lang='lat' dir='ltr'><strong>anlml</strong></span> <span class='ocrx_word' id='word_1_388' title='bbox 1275 5307 1325 5341; x_wconf 85' lang='lat' dir='ltr'><strong>om.</strong></span> <span class='ocrx_word' id='word_1_389' title='bbox 1340 5292 1363 5338; x_wconf 80' lang='lat' dir='ltr'><em>F</em></span> <span class='ocrx_word' id='word_1_390' title='bbox 1476 5290 1521 5339; x_wconf 89' lang='lat' dir='ltr'><strong>deo</strong></span> <span class='ocrx_word' id='word_1_391' title='bbox 1538 5291 1634 5353; x_wconf 85' lang='lat' dir='ltr'><strong>qulppe</strong></span> <span class='ocrx_word' id='word_1_392' title='bbox 1652 5296 1752 5338; x_wconf 82' lang='lat' dir='ltr'><strong>auctora</strong></span> <span class='ocrx_word' id='word_1_393' title='bbox 1775 5288 1818 5337; x_wconf 69' lang='lat' dir='ltr'><strong>Vl*</strong></span> <span class='ocrx_word' id='word_1_394' title='bbox 1937 5287 1969 5338; x_wconf 80' lang='lat'><strong>25</strong></span> <span class='ocrx_word' id='word_1_395' title='bbox 1987 5288 2121 5339; x_wconf 72' lang='lat' dir='ltr'><strong>litteratius</strong></span> 
     </span>
     <span class='ocr_line' id='line_1_39' title="bbox 495 5367 2117 5446; baseline 0.002 -23"><span class='ocrx_word' id='word_1_396' title='bbox 495 5367 742 5430; x_wconf 70' lang='lat' dir='ltr'><strong>llllllllceauttonh</strong></span> <span class='ocrx_word' id='word_1_397' title='bbox 766 5377 786 5424; x_wconf 83' lang='lat' dir='ltr'><strong>l&#39;</strong></span> <span class='ocrx_word' id='word_1_398' title='bbox 900 5381 994 5428; x_wconf 89' lang='lat' dir='ltr'><strong>uticem</strong></span> <span class='ocrx_word' id='word_1_399' title='bbox 1017 5381 1038 5429; x_wconf 82' lang='lat' dir='ltr'><em>V</em></span> <span class='ocrx_word' id='word_1_400' title='bbox 1156 5378 1190 5428; x_wconf 71' lang='lat' dir='ltr'><strong>ab</strong></span> <span class='ocrx_word' id='word_1_401' title='bbox 1208 5376 1286 5446; x_wconf 87' lang='lat' dir='ltr'><strong>quod]</strong></span> <span class='ocrx_word' id='word_1_402' title='bbox 1303 5379 1363 5441; x_wconf 82' lang='lat' dir='ltr'><strong>qnia</strong></span> <span class='ocrx_word' id='word_1_403' title='bbox 1384 5378 1406 5426; x_wconf 85' lang='lat' dir='ltr'><strong><em>V</em></strong></span> <span class='ocrx_word' id='word_1_404' title='bbox 1518 5376 1676 5438; x_wconf 83' lang='lat' dir='ltr'><strong>dallquemus</strong></span> <span class='ocrx_word' id='word_1_405' title='bbox 1695 5376 1741 5424; x_wconf 88' lang='lat' dir='ltr'><strong>Pl</strong></span> <span class='ocrx_word' id='word_1_406' title='bbox 1755 5392 1790 5424; x_wconf 87' lang='lat' dir='ltr'><strong>m.</strong></span> <span class='ocrx_word' id='word_1_407' title='bbox 1907 5375 1987 5435; x_wconf 72' lang='lat' dir='ltr'><strong>frugis</strong></span> <span class='ocrx_word' id='word_1_408' title='bbox 2005 5388 2053 5426; x_wconf 85' lang='lat' dir='ltr'><strong>orn.</strong></span> <span class='ocrx_word' id='word_1_409' title='bbox 2070 5375 2117 5439; x_wconf 84' lang='grc' dir='ltr'><strong>(Γ)</strong></span> 
     </span>
     <span class='ocr_line' id='line_1_40' title="bbox 493 5459 2122 5527; baseline 0.002 -17"><span class='ocrx_word' id='word_1_410' title='bbox 493 5459 524 5510; x_wconf 81' lang='grc' dir='ltr'><strong>2Ί</strong></span> <span class='ocrx_word' id='word_1_411' title='bbox 543 5462 697 5511; x_wconf 86' lang='lat' dir='ltr'><strong>intercludet</strong></span> <span class='ocrx_word' id='word_1_412' title='bbox 717 5463 737 5523; x_wconf 88' lang='lat' dir='ltr'><strong>(t</strong></span> <span class='ocrx_word' id='word_1_413' title='bbox 746 5469 822 5527; x_wconf 75' lang='lat' dir='ltr'><strong>pcctr.</strong></span> <span class='ocrx_word' id='word_1_414' title='bbox 838 5467 865 5513; x_wconf 84' lang='lat' dir='ltr'><strong>tn</strong></span> <span class='ocrx_word' id='word_1_415' title='bbox 875 5465 937 5526; x_wconf 79' lang='lat' dir='ltr'><strong>rue.)</strong></span> <span class='ocrx_word' id='word_1_416' title='bbox 958 5465 981 5513; x_wconf 90' lang='lat' dir='ltr'><strong><em>P</em></strong></span> <span class='ocrx_word' id='word_1_417' title='bbox 1083 5464 1116 5514; x_wconf 81' lang='lat'><strong>28</strong></span> <span class='ocrx_word' id='word_1_418' title='bbox 1135 5465 1212 5513; x_wconf 84' lang='lat' dir='ltr'><strong>sacris</strong></span> <span class='ocrx_word' id='word_1_419' title='bbox 1231 5478 1279 5514; x_wconf 89' lang='lat' dir='ltr'><strong>om.</strong></span> <span class='ocrx_word' id='word_1_420' title='bbox 1295 5465 1317 5512; x_wconf 79' lang='lat' dir='ltr'>F</span> <span class='ocrx_word' id='word_1_421' title='bbox 1419 5461 1452 5513; x_wconf 77' lang='grc'><strong>29</strong></span> <span class='ocrx_word' id='word_1_422' title='bbox 1470 5463 1617 5512; x_wconf 83' lang='lat' dir='ltr'><strong>luuactloue</strong></span> <span class='ocrx_word' id='word_1_423' title='bbox 1634 5477 1705 5526; x_wconf 82' lang='lat' dir='ltr'><strong>spem</strong></span> <span class='ocrx_word' id='word_1_424' title='bbox 1724 5461 1747 5509; x_wconf 90' lang='lat' dir='ltr'><strong><em>P</em></strong></span> <span class='ocrx_word' id='word_1_425' title='bbox 1850 5460 1883 5509; x_wconf 85' lang='lat'><strong>30</strong></span> <span class='ocrx_word' id='word_1_426' title='bbox 1901 5462 2079 5525; x_wconf 78' lang='lat' dir='ltr'><strong>praecipltatur</strong></span> <span class='ocrx_word' id='word_1_427' title='bbox 2099 5466 2122 5513; x_wconf 74' lang='grc' dir='ltr'><em>Ρ</em></span> 
     </span>
     <span class='ocr_line' id='line_1_41' title="bbox 493 5548 1738 5615; baseline 0 -17"><span class='ocrx_word' id='word_1_428' title='bbox 493 5548 523 5598; x_wconf 79' lang='grc'><strong>31</strong></span> <span class='ocrx_word' id='word_1_429' title='bbox 543 5548 684 5604; x_wconf 76' lang='lat' dir='ltr'><strong>lulaestuu</strong></span> <span class='ocrx_word' id='word_1_430' title='bbox 702 5554 726 5601; x_wconf 84' lang='lat' dir='ltr'><em>P</em></span> <span class='ocrx_word' id='word_1_431' title='bbox 827 5550 860 5601; x_wconf 80' lang='grc'><strong>32</strong></span> <span class='ocrx_word' id='word_1_432' title='bbox 877 5558 908 5601; x_wconf 80' lang='lat' dir='ltr'><strong>at</strong></span> <span class='ocrx_word' id='word_1_433' title='bbox 925 5553 973 5601; x_wconf 83' lang='lat' dir='ltr'><strong>tibi</strong></span> <span class='ocrx_word' id='word_1_434' title='bbox 991 5554 1025 5601; x_wconf 82' lang='lat' dir='ltr'><strong>alt</strong></span> <span class='ocrx_word' id='word_1_435' title='bbox 1042 5553 1116 5602; x_wconf 87' lang='lat' dir='ltr'><strong>dulce</strong></span> <span class='ocrx_word' id='word_1_436' title='bbox 1134 5556 1220 5615; x_wconf 82' lang='lat' dir='ltr'><strong>postea</strong></span> <span class='ocrx_word' id='word_1_437' title='bbox 1239 5550 1297 5615; x_wconf 81' lang='grc' dir='ltr'>(Γ),</span> <span class='ocrx_word' id='word_1_438' title='bbox 1318 5556 1349 5601; x_wconf 85' lang='lat' dir='ltr'><strong>ut</strong></span> <span class='ocrx_word' id='word_1_439' title='bbox 1366 5551 1401 5599; x_wconf 84' lang='lat' dir='ltr'><strong>ait</strong></span> <span class='ocrx_word' id='word_1_440' title='bbox 1419 5551 1468 5599; x_wconf 85' lang='lat' dir='ltr'><strong>tibi</strong></span> <span class='ocrx_word' id='word_1_441' title='bbox 1487 5551 1606 5613; x_wconf 83' lang='lat' dir='ltr'><strong>posthaec</strong></span> <span class='ocrx_word' id='word_1_442' title='bbox 1622 5551 1696 5600; x_wconf 83' lang='lat' dir='ltr'><strong>dulce</strong></span> <span class='ocrx_word' id='word_1_443' title='bbox 1715 5550 1738 5598; x_wconf 82' lang='lat' dir='ltr'><em>F</em></span> 
     </span>
    </p>
   </div>
   <div class='ocr_carea' id='block_1_11' title="bbox 0 0 2372 6471">
    <p class='ocr_par' dir='ltr' id='par_1_20' title="bbox 0 0 2372 6471">
     <span class='ocr_line' id='line_1_42' title="bbox 0 0 2372 6471; baseline 0 0"><span class='ocrx_word' id='word_1_444' title='bbox 0 0 2372 6471; x_wconf 95' lang='lat' dir='ltr'><strong> </strong></span> 
     </span>
    </p>
   </div>
  </div>
 </body>
</html>
