4746 6472
863 493 981 550 EPIST.
1000 493 1071 549 VIII
1090 494 1200 548 13-22.
1731 490 1847 560 CXCV

222 722 391 788 cohaerere
422 721 537 787 docent
567 719 600 785 hi
627 719 703 784 loci:
743 721 780 781 13
804 720 859 783 irbi
879 729 916 783 ci
938 721 1024 782 saluis
1047 720 1154 783 aulida
1176 728 1204 782 et
1224 720 1342 781 reditura
1361 718 1445 800 felioc
1467 708 1625 796 caecutiat,
1658 725 1717 780 iam
1740 726 1847 781 austra

221 840 863 926 conquamiaamerirapraestabant.
906 844 944 902 14
965 840 1173 922 praestabit
1195 839 1484 920 caelesticmsncor,
1510 847 1548 899 ai
1570 843 1631 901 etc.
1674 839 1712 900 16
1733 857 1847 919 prae-

221 964 332 1027 stabii
360 982 437 1025 urus
467 964 602 1045 turpior,
636 969 675 1023 at
696 965 757 1024 eto.
804 958 882 1042 quia
911 958 1009 1042 igitur
1034 963 1070 1023 15
1095 958 1243 1042 epistulis
1272 979 1355 1025 auno
1380 961 1442 1021 ico
1473 957 1600 1043 scriptis
1627 957 1754 1023 inclusa
1784 963 1844 1037 est,

222 1082 395 1150 secundum
418 1083 523 1166 legem
546 1081 697 1146 librorum
721 1080 826 1145 octavi
848 1087 881 1146 et
902 1079 978 1144 noni
1002 1079 1108 1145 eidem
1131 1100 1215 1145 anno
1238 1078 1443 1162 adsignanda
1465 1078 1602 1144 videtur.

880 1326 965 1333 w——
971 1325 1189 1332 -----

777 1578 863 1661 VIII
895 1577 1018 1661 itm-19
1050 1578 1287 1661 1111110391.

308 1774 346 1834 18
370 1771 583 1856 Symmachus
606 1770 726 1854 pedum
749 1767 952 1852 aegritudine
975 1768 1127 1834 laborans
1148 1768 1182 1832 in
1205 1768 1388 1834 suburbano
1411 1774 1561 1849 moratur,
1588 1787 1698 1834 mense
1719 1767 1848 1835 Octobri

225 1899 278 1958 aut
298 1891 474 1958 Novembri
496 1911 527 1956 a.
554 1893 628 1954 391.
675 1910 707 1953 v.
732 1910 764 1973 p.
791 1888 909 1953 LXIX.
1187 1876 1192 1883 ’

309 2016 347 2077 19
370 2012 411 2078 de
435 2012 520 2077 fame
542 2010 576 2076 in
599 2030 678 2093 agro
700 2007 884 2074 dominante
907 2029 1011 2074 sermo
1035 2015 1093 2089 est,
1120 2009 1204 2093 quod
1227 2015 1379 2074 autumno
1401 2030 1432 2075 a.
1458 2013 1532 2093 397,
1558 2030 1620 2093 quo
1645 2008 1741 2075 Gildo
1763 2029 1850 2074 com-

224 2140 344 2200 meatus
366 2132 535 2198 Africanos
557 2120 695 2196 relidere
719 2135 869 2214 coeperat
877 2131 943 2213 ⁰⁹¹),
969 2128 1087 2213 optime
1111 2130 1269 2196 convenit.

309 2258 345 2318 17
378 2253 419 2318 de
449 2253 505 2319 lite
535 2251 645 2336 aliqua
674 2251 708 2315 in
736 2249 856 2316 iudicio
891 2250 1079 2335 provinciali
1111 2251 1238 2336 perdita
1270 2251 1409 2334 loquitur
1438 2249 1686 2335 Symmachique
1720 2250 1849 2316 domum

224 2378 323 2439 maliis
345 2377 471 2437 lareriis
494 2374 727 2436 circumlatrari
748 2369 837 2435 uicit.
883 2370 967 2435 inter
996 2390 1097 2435 annos
1122 2374 1183 2435 3911
1210 2377 1243 2436 ο1
1265 2373 1328 2435 399
1358 2377 1514 2436 oratorem
1545 2371 1691 2455 pluribus
1720 2370 1850 2436 iudiciis

224 2501 421 2579 persecutum
446 2512 530 2572 esse,
556 2491 672 2578 prohat
693 2491 738 2555 VI
763 2495 813 2556 11.

903 2991 990 3075 VIII
1015 2993 1163 3075 29-22.

307 3187 388 3252 Tres
417 3184 594 3269 epistulae,
627 3203 711 3266 quae
742 3181 803 3247 hoc
824 3181 895 3247 loco
918 3181 1106 3248 coniunctae
1129 3181 1296 3265 leguntur,
1330 3181 1468 3248 diversis
1490 3181 1688 3267 temporibus
1711 3180 1849 3265 scriptae

226 3312 296 3372 sunt
324 3305 454 3389 legique
483 3304 517 3369 in
548 3303 610 3367 hac
639 3302 779 3387 corporis
802 3301 1043 3387 Symmachiani
1071 3309 1162 3386 parte
1192 3302 1381 3369 observatae
1403 3323 1466 3369 nen
1489 3301 1696 3389 respondent.
1746 3322 1850 3385 neque

226 3427 334 3492 mimm
359 3433 418 3507 est,
445 3424 529 3490 inter
551 3423 724 3490 schedulas
747 3422 960 3502 librariorum,
985 3441 1066 3505 quas
1088 3421 1257 3488 Memmius
1273 3422 1485 3507 Symmachus
1508 3425 1540 3489 in
1563 3423 1678 3489 librum
1702 3430 1849 3488 octavum

226 3555 256 3614 et
287 3566 404 3612 nonum
437 3544 588 3627 contulit,
627 3543 774 3627 quamvis
807 3543 995 3626 plerumque
1028 3543 1137 3628 plures
1169 3543 1326 3628 epistulas
1356 3544 1553 3610 continerent
1585 3546 1627 3629 (v.
1652 3566 1684 3629 p.
1712 3542 1847 3627 XXVI),

224 3666 379 3733 interdum
403 3672 510 3731 tamen
533 3665 681 3748 singulas
705 3683 830 3747 quoque
853 3663 977 3730 litteras
1001 3662 1138 3747 singulis
1161 3662 1249 3728 foliis
1271 3663 1443 3750 inscriptas
1465 3664 1578 3731 fuisse.

308 3792 348 3851 20
372 3787 457 3852 circa
487 3807 518 3851 a.
544 3788 606 3850 375
638 3785 730 3867 data,
768 3784 865 3869 paulo
899 3792 1067 3869 postquam
1098 3783 1310 3868 Symmachus
1343 3785 1602 3869 proconsulatum
1631 3783 1759 3850 Africae
1793 3783 1852 3849 de-

225 3908 338 3993 posuit.
386 3927 417 3971 v.
445 3909 524 3987 220,
555 3909 592 3970 13
623 3926 718 3989 aeque
740 3908 818 3967 τοῖοι
841 3907 926 3968 uobis
949 3908 1014 3968 aliu
1036 3906 1072 3967 de
1094 3926 1191 3968 caasa
1214 3907 1352 3969 arbitror
1374 3915 1476 3990 opinio
1499 3907 1657 3969 succedere
1679 3926 1771 3988 quom
1795 3908 1852 3967 ia-

225 4031 316 4093 dicr'o
339 4039 371 4093 ei
393 4047 513 4091 amore
538 4027 787 4110 Carthaginis.

308 4152 344 4213 21
372 4147 586 4233 Symmachus
608 4146 669 4212 iter
690 4146 732 4212 ad
756 4144 940 4211 Stilichonis
963 4145 1047 4212 festa
1068 4145 1251 4212 consularia
1272 4145 1477 4229 ingressums
1500 4153 1559 4228 est,
1587 4145 1707 4212 ultimis
1730 4165 1761 4211 a.
1788 4147 1850 4209 399

225 4268 398 4334 mensibus.
446 4289 476 4333 v.
504 4289 537 4353 p.
565 4266 666 4332 LXII.

309 4392 350 4451 22
371 4388 548 4473 respondet
569 4386 767 4467 Andronico,
803 4386 857 4469 qui
879 4385 1072 4470 Symmacho
1094 4386 1237 4452 carmina
1258 4406 1319 4453 sua
1341 4386 1467 4453 Graeca
1488 4388 1630 4454 miserat.
1678 4394 1774 4473 poeta
1794 4388 1851 4454 ille

227 4528 263 4575 ex
282 4508 422 4594 Aegypti
445 4509 523 4574 urbe
539 4507 722 4592 Hermopoli
746 4506 901 4590 originem
925 4507 1091 4591 duxisse).
1133 4527 1163 4572 a.
1191 4512 1253 4573 359
1276 4507 1480 4591 adulescens,
1507 4509 1562 4591 qui
1583 4508 1752 4575 nulladum
1774 4508 1853 4573 clari

225 4628 344 4714 Ingenii
374 4628 596 4713 experimenta
625 4626 777 4709 dederat,
811 4626 989 4692 maiestatis
1019 4628 1199 4709 quaestioni
1228 4627 1412 4715 implicatus
1442 4635 1507 4711 est,
1540 4650 1623 4714 quae
1653 4629 1693 4694 de
1723 4630 1852 4694 oraculo

226 4748 380 4833 Abydeno
409 4749 444 4813 in
466 4747 611 4814 fraudem
636 4748 837 4833 imperatoris
860 4748 1004 4812 consulto
1027 4749 1251 4828 exercebatur,
1286 4749 1344 4815 sed
1366 4750 1542 4835 periculum
1565 4750 1735 4815 immInens
1757 4750 1852 4815 absc-

226 4868 309 4935 lutus
332 4869 511 4952 erasitllll.
559 4875 624 4934 tum
649 4868 954 4953 Constantinopolim
987 4887 1023 4934 se
1051 4868 1200 4950 contulit,
1234 4869 1290 4934 uhi
1319 4870 1409 4935 brevi
1438 4876 1581 4955 ternpore
1604 4871 1798 4936 carminibus
1821 4876 1853 4935 et

311 5179 371 5243 9911
392 5180 478 5232 01ιιιι1.
499 5183 559 5233 bell.
580 5183 647 5232 (illd.
667 5180 701 5230 66
719 5181 781 5228 tour
800 5196 893 5244 quoqne
910 5195 976 5230 abac
994 5181 1068 5229 Gildo
1085 5185 1170 5243 rapuit
1187 5182 1232 5230 aab
1250 5182 1298 5243 {lac
1316 5181 1426 5231 cadentis
1443 5186 1569 5233 uninmrrr'.

310 5274 369 5335 992)
391 5275 462 5325 Phot.
483 5277 543 5325 bibl.
564 5277 618 5328 cod.
640 5275 690 5324 219
709 5290 734 5337 p.
755 5275 805 5324 536
824 5278 853 5326 Α.
875 5277 891 5327 8
917 5272 943 5325 tr
968 5273 996 5327 δὲ
1019 5275 1057 5343 τῷ
1084 5273 1153 5345 αὐτῷ
1176 5272 1262 5346 τεὺχει
1285 5276 1325 5343 τῷ
1349 5274 1418 5345 αὐτῷ
1439 5275 1579 5349 περιείχετο
1599 5274 1683 5347 μέτρῳ
1705 5278 1769 5337 1ιι11.
1790 5277 1853 5324 lara-

227 5362 286 5425 bicc)
307 5387 342 5398 —
357 5354 516 5422 Ἀνδρονίκου
535 5358 742 5428 πολιτευομένου,
762 5359 806 5412 καὶ
823 5359 901 5414 αὑτοῦ
918 5353 1115 5430 ‘Eppcrrottuoo¹
1135 5361 1197 5431 πρὸς
1215 5364 1258 5412 τὸν
1276 5359 1379 5431 ababuc
1392 5357 1570 5432 Φοιβάμμιουο
1586 5362 1630 5414 τοι
1647 5359 1851 5429 retroactus-rip.

226 5445 267 5499 zui
285 5443 360 5503 οὗτος
379 5445 407 5497 δὲ
426 5444 562 5516 δραμάτων
583 5444 635 5498 ἐστὶ
653 5446 770 5516 ποιητής,
792 5445 922 5517 διαφόροις
942 5446 1043 5517 μέτροις
1060 5447 1120 5506 τοὺς
1138 5446 1231 5517 λόγους
1250 5445 1373 5499 ἐντείνων.
1400 5451 1552 5512 AegyptIum
1572 5465 1631 5499 eum
1648 5449 1738 5510 inisse,
1759 5448 1853 5496 ludicra

229 5534 348 5584 leanins
366 5547 474 5597 quoqne,
496 5548 552 5582 cum
571 5536 597 5581 iu
617 5549 658 5598 ep.
681 5534 713 5583 15
732 5536 832 5596 scribat,
854 5537 943 5584 samam
962 5537 1018 5583 aius
1037 5535 1168 5597 usquead
1189 5537 1326 5598 Acthlcpas
1344 5543 1497 5598 penetrasse.

310 5628 473 5690 9931Αιιιιιι.
496 5628 560 5677 XIX
581 5627 620 5688 12,
644 5628 672 5678 11
703 5629 873 5692 Andronicus,
902 5636 1014 5692 pericu
1040 5631 1129 5680 studiis
1156 5629 1298 5679 liberalibus
1324 5636 1347 5679 ei
1372 5632 1521 5681 claritudine
1546 5636 1684 5682 carminum
1709 5637 1797 5694 ructus,
1826 5637 1853 5682 in

227 5715 345 5764 Iudicium
371 5714 541 5777 Introductus,
568 5730 624 5763 cum
650 5730 737 5765 secura
763 5722 842 5765 menie
868 5718 946 5765 anuis
971 5717 1152 5777 suspicionibus
1178 5723 1315 5779 urgeretur,
1341 5717 1473 5779 purpuraria
1500 5732 1593 5779 semper
1617 5724 1640 5767 ci
1667 5720 1781 5780 accursus
1807 5722 1853 5769 ab·

227 5803 320 5850 ιο1ιι1υι
338 5806 383 5851 tsi.

1609 5907 1647 5959 z}
