4736 6478
847 872 999 940 xxxxv
1018 872 1228 957 (nxxxnn.

790 1028 1050 1095 srnnncnvs
1072 1027 1288 1095 usnrroro.
1877 1031 2027 1095 rvr-rr

317 1204 410 1283 Quod
433 1203 590 1289 epistulas
612 1222 701 1269 meas
725 1201 851 1284 condis,
881 1201 999 1267 amoris
1021 1208 1070 1266 est
1092 1201 1155 1281 tui,
1188 1200 1243 1284 qui
1265 1199 1479 1267 describenda
1501 1201 1604 1269 nescit
1625 1202 1763 1286 eligere3
1796 1203 1854 1269 sed

228 1327 279 1374 me
301 1307 395 1373 fucus
418 1306 470 1373 bic
492 1307 619 1392 decipit.
667 1327 742 1372 nam
764 1305 959 1391 praecipitor
980 1305 1024 1370 nd
1046 1304 1206 1371 scribendi
1235 1304 1383 1370 fiduciam
1413 1303 1563 1389 placendi
1594 1306 1776 1372 securitate.
1823 1313 1855 1372 ct

197 1419 350 1493 stamen,
384 1411 411 1476 si
434 1410 563 1492 quando
586 1409 757 1495 resipisco,
790 1407 885 1473 nimis
908 1428 1037 1487 vereor,
1070 1428 1110 1473 ue
1140 1407 1203 1477 istu
1232 1406 1421 1492 simplicitas
1449 1407 1572 1473 incidat
1600 1408 1791 1491 quaudoque
1820 1409 1853 1474 in

228 1516 378 1580 lectorem
401 1514 537 1579 alterum
560 1512 618 1578 tibi
641 1512 815 1596 disparem.
856 1531 956 1594 quare
970 1511 1078 1593 velim,
1103 1510 1160 1576 tibi
1184 1510 1316 1591 habeas,
1343 1530 1427 1592 quac
1449 1509 1625 1593 incogitata
1646 1511 1850 1596 proferimus3
1878 1515 1897 1574 2

228 1618 304 1683 licet
326 1616 439 1683 eadem
463 1616 525 1681 mci
548 1635 672 1699 quoque
695 1615 817 1680 librarii
841 1633 969 1680 servare
992 1613 1155 1695 dicantur,
1188 1614 1246 1679 sed
1276 1613 1323 1678 illi
1353 1634 1410 1699 per
1439 1614 1597 1680 examinis
1626 1614 1851 1699 ignorantiam,

228 1720 313 1805 quod
336 1727 367 1786 te
390 1720 497 1786 iacere
520 1739 582 1784 nou
605 1724 728 1804 oportet
750 1717 948 1783 Mercurialis
970 1717 1049 1783 artis
1081 1717 1228 1802 peritum.
1275 1738 1348 1783 nam
1380 1717 1592 1783 mediocribus
1620 1718 1747 1804 scriptis
1774 1719 1857 1784 ami-

228 1843 335 1888 cornm
359 1822 542 1906 benignitas
565 1821 626 1887 scit
647 1820 777 1903 favere,
804 1819 980 1885 alienorum
1003 1818 1127 1884 invidia
1148 1819 1253 1884 nescit
1274 1818 1452 1902 ignoscere.
1499 1821 1584 1903 quod
1607 1829 1771 1908 superest,
1801 1842 1855 1886 oro
1878 1826 1897 1887 3

182 1926 292 1992 roiam
316 1926 429 1992 venias
452 1932 484 1991 et
505 1924 688 2010 praesentia
709 1931 765 1989 tua
786 1942 908 2007 augeas
931 1922 1082 1988 bonorem
1105 1922 1258 1987 festorum
1282 1922 1417 1988 dierum.
1465 1943 1580 2009 nempe
1603 1924 1767 1990 Minervae
1797 1924 1855 1991 tibi

230 2030 386 2095 sollemne
408 2029 450 2094 de
472 2028 590 2094 scholis
612 2034 720 2094 notum
744 2034 810 2109 est,
844 2034 879 2092 ut
905 2025 972 2092 fere
996 2044 1152 2091 memores
1174 2045 1284 2092 sumus
1307 2025 1404 2092 etiam
1427 2025 1618 2111 procedente
1645 2048 1725 2093 aevo
1748 2027 1856 2112 pueri-

229 2134 307 2199 lium
330 2132 494 2198 feriarum.
541 2131 583 2197 ad
606 2151 679 2197 eum
707 2130 792 2197 diem
822 2129 878 2196 tibi
909 2129 1085 2195 convictum
1116 2149 1266 2213 paramus
1296 2129 1479 2214 agrestibus
1509 2130 1685 2198 holusculis
1715 2138 1851 2215 partum,

230 2236 305 2320 quia
327 2235 469 2301 luxuries
491 2234 624 2300 offendit
646 2234 739 2300 deam
763 2233 914 2301 sobriam.

834 2576 1002 2642 LXXXVI
1024 2577 1249 2660 (LXXXIllI).

794 2730 1053 2797 SYMMAOHVS
1076 2730 1290 2796 HELPIDIO.
1880 2739 1994 2801 pyra

319 2904 486 2971 insidiaris
503 2903 658 2970 infantiae
673 2922 776 2983 meae,
802 2922 898 2985 quam
913 2910 987 2985 tego
1003 2900 1123 2967 silentii
1138 2900 1342 2968 verecundia.
1379 2922 1453 2967 nam
1468 2902 1510 2968 ad
1526 2902 1687 2970 elicienda
1701 2924 1856 2990 respousa

119 3044 123 3051 ·
231 3016 418 3091 venturum,
451 3008 480 3074 si
509 3007 666 3088 adunam,
700 3005 880 3090 polliceris,
913 3024 984 3070 oum
1014 3004 1075 3070 hoc
1103 3003 1160 3071 tibi
1191 3005 1298 3071 iacere
1328 3004 1368 3071 de
1399 3007 1544 3090 proximo
1574 3027 1668 3091 quam
1699 3007 1858 3091 spondere

231 3112 409 3199 promptius
432 3110 538 3178 fuerit.
586 3110 663 3176 mihi
685 3129 760 3175 vero
783 3108 919 3194 adipisci
941 3113 1085 3192 gratum
1118 3128 1249 3194 sperare
1272 3109 1431 3193 prolixum
1453 3119 1513 3177 est.
1561 3118 1722 3176 ettamen
1744 3111 1859 3177 volnu-

232 3216 290 3283 tati
312 3223 388 3282 tnae
411 3235 507 3300 pareo
531 3234 589 3280 nec
611 3233 738 3295 vereor,
771 3233 810 3278 ne
840 3218 959 3278 temere
989 3232 1009 3276 a
1037 3232 1088 3277 me
1119 3213 1223 3278 effusa
1252 3212 1350 3279 verba
1379 3214 1412 3279 in
1435 3214 1571 3299 paginas
1595 3215 1716 3280 librarii
1738 3215 1785 3281 tui
1808 3236 1859 3280 re-

185 3342 215 3384 no
233 3321 328 3386 ieras.
376 3339 450 3383 uam
474 3317 503 3383 si
525 3317 602 3402 quid
624 3318 746 3393 horum,
772 3335 856 3398 quae
878 3316 967 3400 apud
989 3321 1021 3381 te
1042 3314 1232 3382 incuriosius
1254 3316 1380 3400 loquor,
1407 3317 1547 3402 cuipiam
1570 3317 1680 3383 lectori
1704 3337 1857 3384 nauseam

233 3421 382 3501 moverit,
418 3442 480 3486 uon
503 3421 537 3486 iu
560 3419 727 3487 scribendo
749 3419 958 3503 neglegentia
980 3439 1070 3503 mea,
1104 3439 1200 3501 quam
1227 3426 1282 3485 tua
1304 3420 1337 3485 in
1367 3420 1578 3488 describendo
1601 3420 1770 3506 diligentia
1792 3420 1859 3486 dis-

233 3525 375 3611 plicebit.
420 3525 505 3589 vale.

844 3866 1030 3931 nxxxvn
1057 3867 1244 3952 dxxxv).

796 4019 1055 4086 erumnosus
1077 4020 1292 4087 unnrmro.

187 4219 216 4260 rs
319 4196 506 4262 Nostrorum
530 4192 679 4258 duritiam
703 4191 786 4258 ferre
809 4212 871 4256 non
902 4212 1089 4277 possumus,
1124 4192 1178 4275 qui
1209 4212 1279 4258 cunr
1310 4194 1434 4277 reliqua
1465 4195 1632 4280 superiora
1661 4216 1724 4260 non
1753 4197 1860 4261 exsol-

235 4299 347 4381 verint,
373 4298 471 4365 etiam
493 4295 678 4382 pensionem
703 4294 837 4381 proximi
860 4295 936 4360 anui
959 4295 1043 4361 ferre
1067 4296 1255 4362 detrectant.
1294 4296 1413 4363 idcirco
1435 4318 1565 4380 quaeso,
1593 4306 1628 4365 ut
1642 4318 1713 4364 cunr
1731 4300 1859 4366 homine

235 4425 315 4487 mco,
341 4422 436 4487 quem
459 4399 502 4466 ad
519 4400 717 4465 exactionem
734 4406 910 4464 nostrorum
927 4399 1082 4479 misimus,
1108 4419 1216 4464 euram
1234 4400 1465 4467 communicare
1482 4401 1635 4485 digneris.
1676 4402 1858 4486 religiosam

234 4527 363 4593 operam
387 4505 525 4571 libenter
545 4502 703 4587 adripias!
752 4521 851 4586 grave
874 4509 924 4567 est
945 4501 1029 4568 euim
1053 4521 1110 4567 nos
1140 4501 1269 4584 quidem
1299 4523 1356 4587 pro
1384 4504 1472 4588 agris
1500 4505 1617 4570 nostris
1645 4504 1861 4571 functionibus

235 4608 372 4694 publicis
394 4626 466 4674 esse
488 4605 673 4687 munificos,
704 4612 830 4670 actores
852 4610 959 4669 autem
982 4604 1121 4669 locorum
1147 4625 1188 4670 ne
1217 4604 1251 4670 id
1279 4604 1408 4689 quidem
1438 4606 1524 4672 velle
1554 4606 1741 4688 redhibere,
1776 4609 1861 4691 qnod

188 4738 216 4778 ao
235 4712 341 4778 sciunt
362 4731 420 4797 per
441 4728 542 4776 annos
565 4708 709 4791 singulos
732 4726 804 4773 esse
827 4707 1027 4773 solvendum.

323 5041 339 5092 2
359 5056 390 5089 ·s·
411 5041 436 5089 b.
456 5039 484 5100 F,
505 5053 554 5087 om.
573 5039 594 5086 V
723 5036 739 5086 4
758 5052 815 5087 nom
834 5039 960 5088 scribendi
978 5040 1008 5087 ad
1027 5038 1142 5087 ddnclnm
1160 5042 1309 5102 praecipitor
1332 5039 1361 5087 11
1495 5041 1510 5089 5
1529 5037 1639 5107 quando]
1657 5041 1804 5104 quandoque
1826 5039 1863 5090 11

236 5131 401 5192 bplectorem
425 5125 454 5174 11
577 5138 680 5187 quornm
704 5122 738 5171 11
859 5122 934 5191 qnae]
951 5126 1017 5188 quod
1042 5125 1068 5170 11
1192 5128 1318 5186 incognita
1336 5126 1359 5172 F
1482 5125 1495 5173 7
1515 5127 1681 5187 ignorantiam
1700 5129 1825 5176 examinis
1843 5128 1866 5174 F

236 5214 339 5265 boidin
363 5212 395 5260 11
522 5211 552 5259 ill
572 5211 687 5259 bonorem
706 5213 839 5272 nugensi*
954 5211 981 5261 11
1004 5214 1068 5261 turre
1093 5210 1127 5259 11
1245 5212 1275 5262 12
1294 5213 1469 5260 conuictnrnm
1493 5211 1526 5258 11
1643 5226 1743 5274 parcum
1763 5214 1862 5261 iuretur

238 5302 267 5350 13
287 5301 398 5350 luxuries
417 5299 511 5365 le.
618 5296 729 5345 ostendit
752 5294 785 5345 11
888 5298 947 5360 dcis
965 5299 1101 5347 sobriorum
1124 5298 1158 5345 11

324 5386 354 5436 15
373 5399 421 5433 σπι.
440 5384 474 5443 1,·
495 5387 572 5432 tolum
589 5384 720 5445 epbroleon
738 5398 787 5435 om.
802 5383 831 5431 Μ
952 5384 981 5432 li
1000 5387 1108 5433 abnuam
1132 5382 1169 5433 11
1287 5382 1317 5433 18
1336 5385 1396 5433 mibi
1415 5387 1491 5434 inerit
1508 5399 1568 5433 uero
1591 5382 1626 5432 11
1743 5384 1774 5433 19
1792 5399 1861 5434 meae

236 5488 321 5538 pareor
343 5470 381 5520 V²
492 5468 632 5532 paginisP
742 5470 820 5520 20111
838 5483 937 5519 numam
960 5468 1005 5531 11,
1025 5472 1052 5520 ln
1072 5485 1146 5520 aurea
1168 5470 1204 5519 V¹
1321 5470 1350 5520 21
1373 5474 1478 5521 mouerit
1499 5472 1654 5533 (miurus.)
1676 5471 1699 5518 P
1728 5460 1732 5469 ’
1800 5473 1861 5519 sorl-

236 5561 317 5609 beuda
340 5556 375 5605 11
480 5556 639 5617 neglegentis
656 5582 691 5591 -
709 5556 874 5604 describendo
891 5570 940 5605 cru.
962 5556 995 5601 11
1100 5557 1263 5607 describenda
1286 5554 1321 5604 11

323 5643 356 5695 21
374 5656 422 5691 orn.
443 5642 476 5700 1,·
496 5647 572 5689 totum
589 5644 721 5703 epistolum
738 5655 787 5692 om.
805 5642 831 5688 11
952 5643 984 5693 25
1003 5642 1064 5702 [οτι.
1083 5645 1213 5693 nvndtlnm
1329 5640 1387 5710 qni]
1404 5641 1443 5711 sul
1464 5644 1486 5690 P
1604 5643 1638 5693 26
1656 5642 1786 5710 pclslolsru
1808 5644 1828 5691 P

237 5726 369 5795 detractus!
388 5728 433 5775 Pl
448 5742 482 5776 m.
632 5727 664 5776 21
683 5727 744 5789 sort.
763 5728 794 5777 cd
812 5730 965 5777 exactionem
986 5730 1113 5778 nominum
1263 5728 1295 5780 29
1314 5736 1412 5779 autores
1430 5728 1457 5779 Γ
1588 5726 1685 5795 auteur]
1703 5732 1770 5777 enlm
1795 5730 1825 5776 11

237 5820 337 5882 quidem
355 5815 434 5862 uellet
452 5813 570 5862 exbibete
594 5812 634 5875 11,
656 5828 730 5876 quern
750 5816 845 5863 uellent
863 5815 983 5863 exbibete
1006 5812 1042 5863 11
1145 5815 1177 5862 311
1196 5817 1282 5864 sciunt
1299 5830 1395 5878 pannos
1418 5815 1454 5863 11
