4736 6478
975 461 1089 517 LIBER
1105 461 1140 516 V.
1813 460 1871 522 133

248 650 377 717 fratrem
394 671 500 716 meum
516 652 715 736 exemplaria
737 651 843 716 omnia
861 652 1068 717 mitteremus.
1110 650 1169 716 erit
1190 656 1264 715 tuae
1288 650 1372 715 eirca
1387 671 1438 715 me
1461 649 1654 716 adfectionis
1677 649 1718 715 de
1732 649 1871 714 omniurn
1895 649 1997 713 PVF

246 774 351 819 rernm
373 754 531 819 fidelitate
552 754 738 821 rescribere.
779 755 954 822 reddentur
976 754 1068 821 vobis
1091 754 1187 820 etiam
1211 754 1374 819 chartulae
1391 774 1484 819 curas
1499 754 1692 819 domesticas
1708 753 1873 818 continen-

246 864 305 938 tes,
331 856 404 941 quis
427 855 571 923 decursis
593 857 816 939 aestimabitis,
845 857 923 941 quid
946 858 1100 924 honorum
1123 863 1302 940 temporum
1324 856 1448 923 iustitia
1470 857 1610 923 etfama
1632 855 1805 922 desideret.

891 1164 1017 1234 xxxv
1040 1166 1222 1249 (narina

749 1323 1008 1390 sunurouvs
1034 1322 1364 1388 assumseram.
1893 1322 2004 1385 Puri

328 1494 512 1577 Sequuntur
533 1496 721 1561 abscessum
744 1503 831 1561 tnum
855 1496 1030 1561 litterarum
1052 1496 1207 1578 cohortes,
1234 1503 1267 1561 et
1288 1501 1324 1561 ut
1345 1495 1451 1560 solent
1465 1496 1609 1561 Athenas
1625 1497 1748 1562 Atticas
1770 1496 1870 1578 aliqui

242 1599 293 1663 vel
316 1599 489 1683 gymnasia
510 1605 619 1684 petere
641 1600 821 1681 Musarum,
853 1599 901 1664 ita
922 1598 1197 1684 peregrinationes
1219 1604 1292 1664 tuas
1315 1598 1476 1664 desiderio
1499 1598 1644 1664 trahente
1667 1598 1867 1664 comitantur.

241 1720 300 1765 nee
322 1700 399 1782 tihi,
433 1709 468 1768 ut
489 1703 641 1784 aestimo,
674 1702 808 1768 militiae
836 1701 1006 1787 stipendiis
1035 1701 1191 1768 adfluenti
1220 1702 1395 1768 amicorum
1425 1708 1600 1768 conventus
1631 1722 1783 1768 onerosus
1806 1709 1866 1769 est.

241 1823 340 1889 pasce
362 1805 462 1889 igitur·
484 1806 626 1873 eruditos
649 1806 816 1890 dignitatis
831 1812 906 1872 tuae
926 1805 1027 1891 copiis
1050 1811 1083 1871 et
1104 1824 1200 1891 spera
1215 1807 1324 1891 plures
1340 1813 1482 1871 actutum
1497 1806 1557 1870 tihi
1579 1806 1723 1890 hospites
1738 1805 1869 1870 adfutu-

195 1930 222 1969 ιι
240 1927 303 1991 ros,
329 1916 499 1993 postquam
515 1911 677 1976 Romanae
700 1910 875 1976 iuventutis
890 1909 1053 1993 magistris
1068 1909 1215 1975 subsidia
1237 1910 1381 1975 detracta
1396 1918 1470 1975 sunt
1492 1910 1657 1976 sollemnis
1680 1909 1865 1975 alimoniae.

744 2219 886 2284 xxxvi
906 2218 1087 2303 (xxxma
1125 2241 1156 2285 a.
1177 2221 1359 2285 ser-asa.

745 2373 1006 2441 sruurcnvs
1028 2373 1362 2440 nnusussuroru.
1894 2368 1994 2433 Pru

326 2546 466 2630 Aegrum
490 2548 633 2631 proxime
656 2547 796 2612 animum
819 2554 908 2612 tuum
930 2547 1126 2627 litterarum,
1160 2565 1241 2630 quas
1264 2546 1415 2627 miseras,
1448 2547 1585 2614 lectione
1608 2549 1758 2630 cognovi,
1785 2550 1869 2615 mul-

239 2656 369 2734 tumque
399 2650 532 2716 miratus
560 2651 644 2716 inter
672 2650 948 2716 coniunctissimos
978 2648 1139 2714 fortuitam
1168 2648 1273 2715 subito
1303 2649 1472 2716 emersisse
1494 2650 1687 2717 discordiam
1713 2702 1864 2715 ......

195 2773 222 2815 rs
239 2759 273 2818 et
293 2753 457 2819 dominum
488 2775 526 2820 ac
555 2755 686 2821 fratrem
717 2774 823 2819 meum
854 2753 970 2819 litteris
993 2752 1177 2835 obsecravi,
1211 2774 1251 2819 ne
1274 2773 1295 2818 a
1317 2773 1375 2819 suo
1397 2773 1485 2820 more
1513 2752 1692 2819 dissentiat.
1739 2762 1771 2821 te
1793 2776 1869 2821 vero

239 2877 302 2922 non
323 2876 396 2922 meo
418 2864 552 2940 tantum,
581 2878 691 2923 verum
715 2859 811 2924 etiam
833 2865 888 2924 tuo
909 2858 1037 2923 nomine
1060 2876 1148 2940 rogo,
1175 2862 1210 2922 ut
1232 2857 1346 2924 ceteris
1369 2858 1462 2924 bonis
1484 2878 1607 2923 morum
1630 2864 1754 2923 tuorum
1779 2858 1869 2924 simi-

239 2960 301 3025 lem
324 2960 512 3046 patientiam
543 2968 687 3047 praestes
717 2961 867 3045 ferasque
890 2961 1013 3044 omnia,
1046 2979 1131 3042 quae
1161 2962 1244 3027 solet
1272 2960 1539 3046 peregrinationis
1568 2961 1687 3026 hahere
1710 2962 1864 3028 condicio.

239 3083 330 3148 spero
363 3070 470 3129 autem
502 3072 534 3130 et
561 3065 619 3130 filii
649 3066 712 3131 mei
740 3065 889 3131 Flaviani
919 3063 1141 3130 conciliatione
1169 3071 1201 3131 et
1230 3064 1350 3132 Eusebi
1380 3065 1532 3130 archiatri
1569 3064 1736 3131 blanditiis
1772 3086 1867 3151 posse

239 3168 345 3233 omnia
369 3168 522 3251 mitigari.

751 3476 908 3543 xxxun
929 3476 1073 3559 (xxxv)
1108 3498 1139 3542 a.
1160 3479 1352 3543 asa-asar

741 3631 1001 3698 erumnosus
1024 3631 1356 3698 nsrurnsrrosr.
1886 3632 1999 3696 Puri

323 3804 464 3871 Litterae
495 3810 570 3870 tuae
592 3804 751 3890 Spartana
779 3804 934 3870 brevitate
961 3804 1144 3871 succinctae
1167 3810 1257 3887 sont,
1291 3804 1349 3872 sed
1378 3805 1475 3870 rebus
1505 3805 1700 3887 exuberant,
1734 3813 1767 3873 et
1793 3827 1864 3873 cum

236 3916 387 3974 moveant
416 3906 456 3974 de
486 3908 617 3974 raritate
644 3909 894 3993 querimoniam,
934 3915 1042 3975 tamen
1073 3907 1171 3974 officii
1200 3908 1402 3993 plenitudine
1432 3909 1617 3973 memoriam
1648 3911 1865 3975 suscensionis

235 4012 431 4078 oblitterant.
478 4011 591 4095 quodsi
614 4031 670 4077 cas
693 4012 804 4077 creber
824 4030 902 4077 usus
925 4018 1091 4094 exerceat,
1125 4011 1320 4077 desiderium
1349 4032 1456 4077 meum
1487 4011 1556 4076 sine
1580 4010 1710 4078 fastidio
1732 4013 1865 4078 satieta-

188 4135 217 4176 ιι
236 4116 277 4181 tis
299 4115 485 4201 explebunt.
533 4114 590 4180 sed
613 4115 725 4196 video,
762 4114 839 4197 quid
862 4115 997 4182 obsistat
1018 4115 1141 4196 animo,
1169 4114 1247 4196 qnid
1269 4114 1425 4199 impediat
1448 4115 1657 4180 voluntatem.
1704 4115 1864 4181 Eusebius

235 4226 266 4284 te
289 4226 397 4284 noster
419 4218 538 4284 fabulis
562 4224 594 4284 et
615 4217 739 4303 poculis
762 4218 955 4284 demoratur.
1002 4239 1097 4300 quem
1121 4236 1193 4283 curn
1216 4216 1395 4283 reddideris
1417 4238 1512 4282 curae
1536 4218 1697 4284 hortorum
1720 4239 1859 4295 suorum,

235 4322 302 4388 fore
317 4322 462 4403 arbitror,
489 4329 524 4387 ut
546 4321 673 4388 animus
695 4328 769 4387 tuus
792 4320 987 4387 iocularibus
1010 4319 1142 4407 ineptiis
1165 4321 1333 4386 absolutus
1355 4321 1398 4386 ad
1416 4320 1545 4404 negotia
1568 4320 1653 4386 seria
1667 4321 1860 4388 conferatur.

323 4669 333 4718 l
354 4672 466 4718 omnium
486 4669 547 4717 &aas
652 4670 778 4717 mitterem
797 4668 819 4714 F
922 4668 1069 4717 ‘lfaelitatc
1092 4668 1137 4716 Vi
1151 4683 1196 4729 aa,
1217 4667 1352 4716 faelicitate
1369 4668 1462 4717 Vim.
1568 4670 1677 4719 catulae
1697 4669 1790 4717 Pam.
1811 4670 1859 4729 VF,

235 4758 329 4806 cartule
348 4756 443 4804 Pim.

320 4843 512 4902 5symmschns
531 4842 650 4890 elostionl
670 4841 731 4890 Pet
749 4844 784 4890 itu
795 4841 917 4905 deinceps,
938 4856 986 4890 om.
1007 4840 1055 4888 VM
1156 4839 1415 4889 hsecunturPim.
1522 4842 1689 4890 abcessan
1790 4843 1861 4890 litta-

235 4937 341 4979 ratorum
360 4931 461 4978 iuratus
565 4930 652 4977 sitiens
666 4928 688 4975 P
702 4932 712 4975 1
727 4944 760 4976 m.
868 4926 1067 4977 sanueutii’r
1082 4942 1115 4975 m.
1223 4926 1368 4988 tiparceV
1465 4928 1552 4989 plures
1570 4925 1695 4995 actutum]
1714 4928 1808 4977 Pam.
1825 4927 1859 4989 M,

234 5018 319 5078 plnres
336 5020 437 5064 actuum
456 5015 550 5063 le.
573 5014 593 5061 V
1291 5071 1293 5075 ι

321 5099 352 5150 12
370 5115 511 5161 symmacus
529 5101 619 5149 lationi
637 5101 664 5163 V,
685 5116 733 5150 om.
755 5101 776 5148 V
879 5100 909 5149 13
928 5103 1041 5163 proxime
1056 5104 1111 5162 post
1130 5114 1200 5162 quas,
1220 5101 1328 5148 lectione
1347 5104 1404 5148 onte
1422 5115 1484 5163 quas
1501 5100 1623 5148 cotteai'
1727 5098 1759 5147 14
1778 5101 1861 5149 subito

233 5190 376 5248 emersisset
390 5187 418 5250 P,
439 5188 536 5236 subitae
550 5187 716 5236 mersissetV
811 5188 958 5236 discordiam
972 5193 998 5236 ct
1012 5187 1087 5250 PVF,
1108 5189 1223 5236 bamam
1236 5186 1343 5234 indicavi
1450 5186 1480 5235 15
1499 5182 1538 5251 sc]
1555 5185 1618 5234 aa
1721 5184 1752 5234 16
1770 5188 1864 5234 moaV

237 5274 266 5324 18
284 5271 381 5341 autem]
399 5276 466 5322 enlm
486 5275 508 5321 F
608 5273 758 5336 bulanditiis
778 5274 800 5320 P

318 5360 348 5409 21
369 5374 417 5409 ons.
443 5359 490 5408 VM
625 5357 659 5407 22
677 5356 812 5425 breuitate]
832 5359 871 5421 Μ,
901 5362 1017 5409 breritate
1037 5360 1060 5407 P
1076 5362 1092 5408 i
1108 5374 1159 5420 aa,
1185 5360 1293 5407 uariata
1312 5357 1363 5406 Pl
1384 5373 1418 5408 m.
1443 5358 1464 5405 V
1601 5355 1633 5405 23
1651 5358 1818 5405 successionis
1842 5357 1862 5404 V
1935 5427 1937 5431 ι

233 5446 264 5497 ll
283 5449 417 5497 obliterant
441 5446 532 5496 le.
638 5448 766 5495 sacietatis
786 5446 860 5494 PVM
962 5447 995 5495 26
1013 5444 1214 5495 reddldlmnsV
