4736 6478
944 494 1058 549 LIBER
1077 494 1144 550 1111.
1801 499 1859 560 101

232 683 476 767 praerogativae
499 682 630 764 babeat,
657 704 721 748 non
743 683 855 763 rideo,
882 703 953 748 cum
976 684 1073 750 etiarn
1097 685 1264 750 censuales
1287 684 1467 751 absentium
1490 704 1623 749 munera
1645 684 1713 750 illic
1735 685 1862 750 soleant
1884 687 1917 748 P

231 786 395 868 exhibere,
422 806 555 868 qnorum
578 784 830 852 mediocritatem
853 787 1000 852 volumus
1023 787 1189 852 aemulari.
1237 788 1318 852 haec
1339 807 1378 853 eo
1401 786 1515 868 scribo,
1542 808 1583 852 ne
1606 787 1719 853 videar
1740 788 1860 871 iniqui-

232 889 308 955 tatis
331 896 388 955 ant
408 888 601 955 insolentiae
624 888 733 972 argui,
767 889 795 954 si
817 889 940 972 aliquid
964 889 1158 973 denegetur,
1192 890 1250 956 sed
1280 889 1555 955 eminentissimae
1578 897 1610 956 et
1632 910 1760 976 semper
1781 890 1861 955 mihi

231 992 429 1058 reverendae
451 992 641 1057 sublimitati
664 999 739 1057 tuae
769 992 1015 1076 expendendum
1044 993 1206 1076 relinquo,
1240 993 1317 1075 quid
1347 993 1459 1058 merito
1487 992 1652 1059 existimes
1675 994 1857 1060 convenire.

200 1095 272 1160 sde
294 1115 346 1159 me
369 1094 455 1161 enim
485 1095 593 1179 opinio
624 1095 787 1161 hominurn
816 1094 989 1171 iudicabit,
1023 1095 1051 1160 si
1075 1096 1160 1161 iusta
1189 1116 1251 1161 non
1281 1096 1465 1181 impetrem,
1499 1117 1571 1161 cum
1601 1102 1677 1161 tuae
1705 1115 1859 1162 censurae

230 1197 359 1262 animus
382 1199 487 1263 soleat
509 1218 628 1280 magna
650 1205 825 1284 praestare.

919 1439 1011 1504 VIIII
1045 1460 1077 1504 a.
1095 1443 1168 1503 402.

851 1576 911 1640 AD
934 1575 1237 1642 Suluroflonrlr.

318 1749 398 1814 Cum
421 1748 550 1814 sublimi
573 1748 767 1814 excellentia
788 1756 844 1813 tna
865 1748 1060 1831 legationem
1083 1748 1162 1812 inibi
1176 1747 1396 1833 amplissimus
1411 1747 1488 1813 ordo
1504 1748 1679 1832 mandavit,
1707 1753 1858 1834 adquam

186 1876 213 1915 m
232 1850 470 1936 suscipiendam
494 1872 544 1917 me
566 1859 599 1917 et
619 1851 797 1917 necessitas
819 1850 937 1936 inpulit
959 1851 1083 1936 patriae
1104 1858 1137 1917 et
1150 1850 1196 1916 tui
1213 1850 1360 1915 culminis
1376 1851 1562 1934 provocavit
1576 1851 1744 1917 auxilium.
1786 1873 1860 1938 per-

231 1961 341 2019 vectus
363 1954 463 2037 igitur
484 1953 529 2018 ad
550 1953 732 2019 comitatum
755 1952 874 2018 domini
897 1961 930 2019 et
951 1953 1104 2038 principis
1125 1953 1224 2017 nostri
1240 1953 1370 2025 Honorii
1393 1953 1425 2018 in
1439 1954 1584 2019 notitiam
1600 1954 1859 2037 magnificentiae

230 2064 304 2122 tuae
328 2056 454 2122 deferre
477 2076 540 2121 non
562 2056 672 2121 distuli
695 2056 853 2122 adventus
875 2056 938 2123 mei
961 2076 1104 2122 causam.
1143 2057 1183 2122 de
1207 2076 1361 2122 censurae
1385 2058 1469 2123 enim
1492 2063 1567 2123 tuae
1592 2059 1712 2143 pendet
1725 2059 1856 2124 arbitrio

231 2179 304 2243 spes
327 2160 504 2226 communis
526 2160 633 2226 officii.
675 2180 794 2245 quaeso
816 2160 923 2244 igitur,
950 2168 985 2226 ut
1007 2161 1098 2226 lectis
1120 2160 1313 2245 amplissimi
1335 2160 1457 2226 ordinis
1480 2160 1697 2245 petitionibus,
1724 2182 1859 2244 quarum

231 2264 380 2347 exempla
402 2263 567 2344 coniunxi,
600 2263 684 2329 inter
713 2263 825 2329 felices
854 2264 1087 2347 magnitudinis
1116 2272 1190 2329 tuae
1221 2271 1311 2329 actus
1339 2284 1435 2349 super
1457 2265 1518 2329 hac
1540 2285 1665 2348 quoque
1689 2271 1779 2349 parte
1802 2256 1860 2331 ex-

186 2367 446 2451 spectationem
469 2387 573 2432 meam
597 2366 712 2432 litteris
735 2366 879 2451 digneris
902 2368 1071 2433 instruere.

1022 2626 1065 2690 X.

971 2763 1032 2828 OS.
1057 2763 1118 2829 OS.

318 2936 409 3001 ltane
432 2934 601 2999 sublimem
625 2933 767 2999 animum
790 2941 878 3000 tuum
902 2934 965 2999 mei
987 2935 1073 3020 cepit
1095 2934 1227 3015 obliuio,
1242 2953 1244 2957 ’
1261 2941 1296 2999 ut
1318 2933 1440 2999 tamdiu
1463 2941 1605 2999 exortem
1629 2935 1788 3018 conloquii
1809 2935 1857 3002 tui

232 3058 282 3103 me
305 3058 377 3103 esse
399 3037 558 3122 patiami
601 3058 642 3101 an
672 3037 838 3102 existimas
866 3038 1047 3120 neglectum
1078 3038 1249 3102 familiaris
1271 3036 1369 3102 officii
1392 3036 1625 3131 aequanimiter
1646 3058 1667 3101 a
1689 3058 1740 3103 me
1762 3058 1858 3122 posse

184 3164 212 3205 nn
232 3141 384 3207 tolerari?
420 3141 496 3224 quin
520 3160 598 3223 age,
627 3146 660 3203 nt
683 3160 750 3204 mos
773 3147 822 3205 est
844 3141 1015 3205 virtutibus
1038 3142 1119 3223 tuis,
1145 3148 1178 3207 et
1198 3141 1371 3206 amicitiam
1396 3140 1582 3224 scriptorum
1606 3140 1733 3207 celebra
1755 3145 1858 3206 reluta

232 3246 389 3328 simulque
413 3244 565 3326 aestima,
598 3254 716 3327 quanto
746 3244 872 3309 uberior
902 3266 940 3309 ac
970 3245 1145 3330 promptior
1171 3244 1285 3310 litteris
1306 3244 1370 3310 tuis
1393 3265 1413 3308 a
1435 3263 1486 3307 me
1509 3264 1587 3307 cura
1609 3242 1779 3308 referenda
1802 3245 1853 3329 sit,

231 3368 314 3430 qnae
337 3347 434 3413 etiam
456 3347 576 3412 tacenti
597 3346 715 3429 iugiter
737 3347 917 3413 exhibetur.

1015 3590 1074 3654 XI.

852 3727 912 3790 AD
934 3725 1238 3791 STILIOHONEM.
1884 3727 1950 3789 PF

187 3921 216 3962 rs
320 3900 425 3984 Saepe
448 3898 491 3963 ad
512 3906 544 3964 te
567 3899 690 3964 litteras
712 3899 799 3982 dedi,
825 3918 906 3982 quas
927 3898 1021 3963 credo
1044 3917 1246 3983 suppressas.
1286 3896 1415 3981 qnando
1429 3896 1515 3963 enim
1536 3899 1585 3963 vir
1600 3901 1860 3966 servantissimus

233 4002 394 4068 amicitiae
425 4002 598 4086 multisque
626 4002 726 4068 animi
756 4002 847 4067 bonis
879 4000 1044 4087 praeditus
1074 4000 1293 4083 dignationem
1323 3999 1402 4063 mihi
1432 3999 1529 4066 officii
1558 4001 1605 4067 tui
1639 4001 1861 4086 denegasses?

233 4105 330 4171 inerit
358 4105 419 4171 hoc
447 4125 572 4185 eornm,
607 4105 722 4188 quibus
753 4104 787 4169 in
810 4104 984 4170 reddendis
1012 4103 1140 4189 paginis
1170 4104 1274 4169 defuit
1302 4102 1394 4168 fides.
1441 4124 1526 4168 nuno
1551 4111 1685 4170 eventus
1708 4105 1859 4190 optabilis

234 4216 376 4274 veterum
398 4228 520 4273 morum
544 4214 740 4291 sequestrem
763 4208 891 4293 scriptis
913 4207 993 4273 meis
1015 4207 1183 4292 praestitit.
1230 4206 1328 4290 igitur
1350 4206 1533 4288 diligentia,
1565 4229 1660 4290 quam
1684 4208 1763 4273 mibi
1785 4230 1859 4294 pro-

233 4311 406 4378 ficiscentis
435 4310 577 4378 fidelitas
605 4312 790 4397 pollicetur,
823 4331 902 4394 erga
930 4317 962 4376 te
985 4311 1104 4377 cultum
1128 4310 1330 4375 salutationis
1351 4309 1506 4374 instauro.
1553 4328 1708 4396 responsa
1731 4318 1787 4376 tua
1808 4311 1859 4377 fa-

186 4436 215 4478 ao
233 4415 328 4495 cient,
357 4422 391 4481 ut
413 4434 505 4480 nsum
530 4414 594 4480 stili
618 4436 675 4499 per
696 4413 922 4480 verecundiam
946 4432 1017 4479 sero
1040 4414 1221 4498 repetitum,
1248 4412 1469 4478 vicissitudine
1492 4422 1685 4498 provocatus
1708 4415 1858 4497 frequen-

232 4525 281 4584 ter
303 4538 483 4584 exerceam,

932 4759 996 4824 XII
1030 4779 1062 4823 a,
1080 4763 1154 4822 400.

850 4896 909 4960 ΑΙ)
932 4895 1236 4963 STlLlCHONEll.
1878 4897 1912 4959 Ρ

318 5069 526 5138 Consulatum
554 5071 680 5151 [meum]
707 5068 901 5134 liberalitate
924 5068 1093 5134 continuus
1115 5075 1148 5134 et
1170 5075 1205 5133 ut
1226 5067 1374 5153 publicus
1396 5088 1514 5152 parens
1543 5069 1577 5132 in
1607 5068 1730 5134 loturos
1759 5069 1854 5134 etiam

187 5194 216 5235 ss
233 5160 440 5257 magistratus
462 5173 661 5259 imperialem
684 5190 839 5256 provocas
861 5171 1056 5253 largitatem,
1103 5191 1165 5255 quo
1195 5191 1271 5254 ergo
1299 5170 1377 5235 mibi
1405 5191 1459 5236 ore
1482 5170 1694 5237 celebrandus
1717 5192 1770 5254 es,
1801 5173 1855 5255 qui

318 5450 382 5499 ssu
401 5465 448 5499 orn.
465 5449 495 5512 P,
516 5454 588 5499 turer.
604 5449 703 5499 Lectius
821 5448 848 5498 ll
870 5446 961 5516 nostrl]
979 5450 1084 5509 Pam,
1106 5450 1123 5500 ᾗ
1142 5450 1188 5499 Pl
1202 5464 1236 5499 m.
1355 5447 1485 5497 bonorlP
1587 5446 1715 5516 notltlam]
1734 5447 1788 5513 ΙΨ,
1810 5463 1855 5498 no-

233 5537 330 5586 titlaP

320 5624 350 5673 17
369 5624 427 5684 sort.
448 5621 512 5684 qlnl)
530 5622 620 5684 slrrpra)
639 5621 698 5684 elui)
717 5622 810 5685 s(upra)
915 5620 948 5672 20
966 5624 1062 5672 celebra
1080 5619 1171 5688 relatu]
1188 5636 1241 5683 epo,
1261 5620 1423 5684 celebrnroP
1525 5618 1553 5668 21
1575 5598 1680 5686 ducato]
1697 5634 1750 5681 epo,
1772 5621 1858 5683 qnoP

318 5709 350 5759 24
367 5710 462 5759 σπη’
564 5706 597 5757 26
614 5708 757 5769 praedictus
777 5708 800 5755 P
902 5707 935 5759 28
953 5705 1081 5783 netarum]
1100 5709 1182 5757 utrum
1204 5708 1297 5756 ram.
1405 5706 1591 5768 dlllgeuttaeF

318 5794 351 5847 ³4
370 5809 452 5844 meum
470 5796 659 5855 satisfacturi,
680 5809 777 5844 niseum
797 5793 933 5843 Mommsen
1036 5789 1179 5860 continuas]
1198 5795 1302 5854 Iuratus,
1324 5794 1458 5841 continuus
1478 5792 1499 5843 P
