4736 6478
934 516 1048 573 LIBER
1065 519 1117 573 ΙΙΙ.
1415 532 1427 561 ·
1796 521 1837 583 85

213 702 320 767 lovem
342 702 484 787 deosque
506 710 630 770 eeteros
653 704 784 771 Catonis
807 707 881 790 lege
903 706 1136 791 praefabimur,
1162 729 1203 774 ne
1225 674 1317 774 nobis
1340 709 1417 774 vitio
1439 711 1533 776 detur
1554 708 1606 775 vel
1630 704 1837 792 neglegentia
1859 708 1924 770 PF

214 805 414 889 antiquitatis
436 807 489 873 vel
510 806 658 874 inscitia?
694 809 783 890 atqui
807 817 952 894 praestat
966 810 1108 877 Tullium
1132 812 1239 893 sequi,
1265 812 1320 894 qui
1344 813 1491 896 ignorata
1511 812 1684 878 maioribus
1707 820 1839 897 usurpat

215 908 357 975 exordia.
398 908 457 975 sed
479 909 559 993 quid
580 931 641 993 ego
663 911 704 978 de
726 913 787 978 boo
809 913 913 997 plura,
939 934 1011 980 oum
1034 915 1095 980 sim
1117 915 1177 981 tibi
1200 914 1284 981 dioto
1307 915 1443 981 audiens
1464 921 1560 999 atque
1583 916 1714 981 herbam
1738 914 1838 982 dede-

216 1011 273 1076 rim
296 1012 453 1079 voluntati
476 1019 575 1079 tuael
606 1021 641 1078 ut
663 1034 762 1100 saepe
784 1016 915 1099 scribas,
943 1038 1147 1103 nequaquam
1169 1017 1246 1083 mihi
1269 1019 1409 1085 orandus
1428 1039 1488 1086 ess
1522 1019 1641 1085 efficiet
1661 1017 1840 1084 adsiduitas

186 1113 390 1182 alitterarum
413 1135 566 1197 mearum,
593 1123 628 1183 nt
648 1118 750 1185 mutui
772 1118 977 1187 admonearis
999 1121 1108 1188 officii.

942 1397 1114 1463 XXXXV.

793 1535 1054 1603 SYMMAdflvs
1077 1536 1259 1603 SIBVRIO.

301 1704 388 1771 Vera
409 1725 461 1772 res
482 1714 547 1789 est,
582 1707 700 1773 lamam
723 1727 797 1774 esse
819 1708 979 1787 velocem;
1013 1706 1073 1773 sed
1093 1728 1154 1771 uon
1175 1711 1263 1773 ultro
1284 1706 1448 1774 adsentior
1469 1707 1659 1790 Mantuano,
1691 1706 1746 1788 qui
1769 1727 1841 1773 eam

216 1813 307 1893 putat
327 1808 363 1875 in
385 1809 480 1879 malis
503 1808 620 1877 debere
642 1810 814 1877 numerari.
861 1831 936 1875 nam
958 1809 1036 1893 quid
1058 1810 1120 1876 hae
1141 1809 1356 1895 praeclarius,
1389 1831 1461 1876 oum
1490 1810 1585 1876 laetis
1614 1810 1735 1875 nuntiis
1757 1809 1842 1893 rigat

172 1926 199 1966 ¹⁰
216 1931 310 1976 aures
332 1917 365 1976 et
386 1919 525 1978 mentem
548 1913 721 1979 bonorum?
755 1912 835 1978 mibi
858 1921 943 1979 uerte
967 1912 1088 1998 oppido
1116 1921 1210 1997 grata
1238 1921 1305 1995 est,
1338 1920 1506 1999 postquam
1536 1913 1737 1999 purgationis
1766 1920 1842 1979 tuae

119 2082 121 2086 Α
215 2012 319 2098 prima
347 2014 436 2080 vexit
457 2015 621 2082 indicium.
667 2015 732 2082 ruri
755 2036 841 2082 eram
864 2022 1006 2083 maestus
1028 2016 1127 2082 animi
1148 2018 1190 2083 ob
1212 2017 1364 2082 amissam
1385 2024 1565 2102 parentem3
1599 2036 1636 2082 eo
1659 2036 1710 2083 me
1733 2024 1844 2083 secuta

217 2116 304 2182 fama
332 2117 435 2200 euris,
469 2139 551 2202 quas
573 2119 615 2186 de
640 2127 672 2186 te
701 2120 910 2205 gerebamus,
944 2119 1094 2186 absoluit.
1141 2141 1201 2186 nee
1230 2119 1311 2186 fides
1342 2119 1455 2187 deluit.
1501 2117 1577 2185 ilioo
1607 2119 1693 2185 enim
1720 2119 1843 2186 oredidi

216 2239 325 2285 verum
348 2240 440 2304 esse,
469 2222 554 2306 quod
576 2243 730 2290 noveram
752 2230 785 2290 et
807 2231 882 2289 tuae
903 2224 1105 2290 innocentiae
1127 2231 1159 2289 et
1181 2223 1336 2307 aequitati
1358 2232 1535 2308 temporum
1559 2224 1741 2290 convenire.
1788 2244 1843 2289 ao-
1866 2224 1886 2285 2

218 2331 383 2391 cesserunt
404 2325 500 2391 etiam
523 2327 652 2393 litterae
673 2335 749 2393 tuae
771 2334 838 2393 tam
860 2327 987 2412 lepidae
1017 2348 1055 2393 ao
1083 2335 1257 2407 venustae,
1290 2326 1385 2392 utin
1413 2347 1447 2392 re
1476 2326 1541 2392 iam
1572 2327 1701 2411 cognita
1730 2347 1847 2392 novum

174 2443 200 2483 ιε
217 2426 294 2491 mibi
317 2434 465 2513 putarem
488 2428 530 2496 de
552 2437 584 2496 te
606 2430 759 2515 gaudium
781 2430 933 2495 nuntiari.
974 2429 1099 2496 eratin
1121 2430 1187 2495 illis
1209 2429 1328 2495 fiducia
1350 2429 1565 2496 eonscientiae
1582 2430 1687 2496 bonae
1701 2428 1761 2495 sed
1775 2449 1848 2495 oum

218 2529 314 2596 laude
335 2531 479 2598 iustitiae
501 2533 661 2617 publicae.
709 2555 784 2600 nam
807 2541 840 2600 et
861 2533 1060 2619 principibus
1084 2533 1233 2598 maximis
1259 2534 1384 2618 gratias
1412 2541 1448 2599 ut
1475 2534 1641 2599 absolutus
1671 2531 1784 2617 egisti,
1816 2537 1849 2598 et

219 2632 258 2698 de
281 2634 350 2699 sola
372 2633 500 2700 fortuna
522 2642 556 2702 ut
578 2636 730 2704 innoeens
752 2645 885 2722 questus
908 2657 955 2703 es.
1002 2658 1112 2703 verum
1134 2636 1212 2720 quid
1234 2637 1341 2703 ultral
1384 2636 1513 2721 quando
1535 2637 1685 2720 Romam,
1719 2635 1848 2719 quando

219 2735 262 2802 ad
291 2736 449 2802 urbanum
480 2738 597 2823 otium,
630 2739 759 2824 quando
781 2741 826 2807 ad
847 2739 978 2824 legendi
1000 2747 1033 2806 et
1059 2739 1219 2807 scribendi
1249 2739 1373 2806 solaria
1403 2738 1595 2806 reverteris?
1639 2759 1732 2824 spero
1759 2739 1874 2805 velo·

219 2837 312 2919 altem
350 2839 508 2925 siqnidem
539 2862 592 2909 res
619 2844 777 2928 postulat,
815 2850 849 2909 ut
877 2843 937 2910 tibi
970 2843 1238 2929 peregrinationis
1266 2843 1384 2909 iniuria
1413 2842 1610 2909 desiderium
1646 2841 1848 2909 commendet

175 2957 202 2999 ²⁰
218 2941 347 3025 quietis.

822 3241 893 3316 AD
927 3237 1245 3317 EVTROPIVM.

942 3412 1129 3478 XXXXVI.

805 3550 1065 3617 SYMMACHVS
1089 3549 1317 3617 EVTROPIO.

309 3721 359 3785 Ex
381 3721 541 3788 sententia
562 3722 640 3787 mibi
661 3722 771 3807 eupita
791 3721 984 3818 suooednnt,
1018 3721 1045 3787 si
1075 3721 1206 3804 quando
1235 3721 1358 3807 perfrui
1388 3720 1483 3786 datur
1504 3721 1618 3786 salutis
1641 3725 1716 3787 tuae
1739 3720 1852 3804 cogni-

181 3836 209 3878 aa
226 3823 309 3889 tione
331 3823 475 3909 adloquii
497 3844 640 3891 munere.
690 3872 869 3890 .......
894 3844 955 3909 ego
978 3823 1101 3907 liquere
1123 3824 1212 3909 apud
1234 3832 1265 3891 te
1288 3824 1367 3891 satis
1397 3824 1501 3889 habeo
1530 3830 1727 3908 conpertum.
1774 3824 1853 3908 quid

226 3926 309 3992 enim
337 3927 418 3993 mihi
446 3928 564 3994 amoris
593 3928 802 4014 inpenderes‚
836 3928 863 3993 si
887 3928 929 3994 de
950 3948 1003 3994 me
1030 3927 1171 3995 ineertus
1200 3936 1311 3996 esses?
1354 3934 1451 4010 atque
1482 3926 1603 3992 aduam
1630 3927 1751 4011 soripta
1772 3927 1853 3993 haee

226 4036 291 4111 tua,
316 4051 412 4114 quam
436 4039 510 4098 suut
530 4032 661 4097 bonoria
683 4032 791 4117 plena,
817 4040 882 4098 tam
906 4032 1018 4097 erebra
1040 4031 1113 4098 sint.
1154 4031 1264 4115 gravis
1287 4038 1337 4096 est
1359 4030 1444 4096 enim
1466 4029 1537 4094 sitis
1559 4049 1663 4095 rerum
1683 4030 1850 4111 bonarum,

139 4216 141 4220 Ι
227 4133 277 4199 oui
300 4134 371 4200 sola
392 4134 520 4201 fruendi
541 4134 724 4200 adsiduitas
754 4135 946 4202 medicinam
977 4134 1067 4201 fauit.
1114 4154 1191 4218 ergo
1219 4132 1441 4215 indulgentius
1470 4131 1604 4197 abutere
1634 4132 1854 4199 munificentia

228 4237 444 4323 scriptionum.
489 4258 564 4303 nam
586 4258 650 4320 quo
671 4239 745 4324 plus
767 4239 872 4306 estin
894 4238 1008 4304 litteris
1031 4238 1111 4319 tuis,
1144 4236 1229 4320 quod
1252 4234 1429 4319 gaudeam,
1463 4234 1523 4300 boo
1554 4234 1658 4319 magis
1691 4241 1849 4320 superest,

184 4352 211 4395 ³⁰
229 4340 311 4424 quod
332 4341 503 4424 requiram.
551 4341 636 4408 vale.

866 4613 1058 4680 xxxxvfl
1088 4633 1120 4679 a.
1140 4616 1213 4678 378.

867 4752 927 4817 AD
949 4750 1208 4817 EVTROPIVM.
1877 4755 1910 4816 P

313 4926 427 4993 Nonae
449 4945 570 4992 vacuus
592 4925 694 4993 otiare
716 4932 749 4991 et
770 4923 879 4991 liberis
901 4924 1055 4990 remissus
1077 4923 1223 5008 invigila,
1249 4921 1379 5006 quaudo
1403 4922 1448 4988 ita
1469 4923 1631 4988 volvenda
1645 4924 1755 4989 attulit
1770 4923 1851 5005 dies,

233 5034 264 5093 ut
279 5029 313 5094 d.
331 5050 364 5093 n.
383 5028 532 5094 Gratiani
554 5028 730 5095 fortissima
753 5027 849 5094 simul
872 5047 910 5093 ao
932 5026 1123 5094 felicissima
1137 5046 1234 5092 manu
1250 5024 1397 5092 nutantia
1412 5025 1493 5111 reip.
1511 5025 1655 5111 pondera
1669 5025 1851 5093 luleiantur.

313 5221 329 5271 8
347 5218 434 5288 Verg.
454 5214 526 5274 Aen.
546 5217 604 5274 1111
624 5219 681 5271 174.
719 5218 815 5280 Fama,
835 5217 938 5272 malum
956 5232 1013 5288 qua
1030 5233 1084 5272 non
1102 5215 1181 5271 aliud
1199 5215 1327 5273 velocius
1345 5214 1442 5269 ullum.

314 5464 544 5546 2rtquel'1ms
646 5479 798 5529 3nerball'
900 5478 1043 5528 turandus
1062 5492 1089 5527 es
1108 5477 1212 5526 mlblF
1314 5472 1443 5539 bmuitul
1462 5475 1486 5523 Ρ

314 5569 397 5618 loru.
412 5570 436 5617 F
536 5566 679 5628 sybnrloP
782 5563 865 5614 Snon
878 5564 944 5613 ultra
957 5560 1094 5631 adsentior]
1106 5577 1159 5627 eoo,
1179 5564 1305 5613 adsentior
1317 5560 1396 5621 Pte,
1416 5562 1573 5610 dlssentloF
1672 5559 1826 5610 alaetusl’

234 5658 335 5706 nuntlur
353 5655 447 5704 Pam.
557 5652 588 5703 12
606 5653 733 5702 credebam
753 5650 823 5714 Fls)
933 5650 1097 5715 reputarem
1114 5656 1170 5712 port
1188 5651 1302 5699 nuntlarl
1321 5649 1406 5698 oollae.
1428 5649 1451 5696 P
1554 5645 1583 5695 l'l
1603 5651 1755 5708 conquestus
1774 5649 1798 5695 Ρ

314 5740 344 5792 21
365 5742 474 5805 explicit
491 5741 521 5789 aul
540 5741 664 5790 slburlum
682 5739 733 5788 inb.
754 5739 784 5787 ud
803 5738 946 5800 eutropium
965 5736 996 5800 P,
1014 5753 1063 5787 om.
1077 5739 1100 5785 F
1211 5736 1243 5786 23
1262 5750 1310 5785 orn.
1326 5735 1349 5782 Ρ
1455 5732 1599 5782 241th
1699 5731 1732 5782 25
1751 5747 1856 5786 munero

233 5840 274 5890 ego
291 5828 342 5891 PF,
362 5831 479 5877 lacunam
499 5826 609 5877 ladleaol
712 5825 746 5877 26
764 5822 951 5888 inpenderlsP
1053 5822 1225 5877 athenarum
1243 5822 1368 5875 rerunt?
1468 5818 1501 5873 28
1519 5818 1632 5871 urerer
