4716 6476
463 997 494 1060 F

1111 467 1306 527 srnmAcffl
1324 467 1537 526 EPISTVLAE

1164 834 1306 899 xxvia
1334 833 1477 916 [xxva.

1229 988 1413 1053 maximo.

594 1163 727 1248 Agitare
756 1171 787 1229 te
810 1165 980 1230 venatibus
1002 1162 1088 1228 feras
1111 1168 1144 1227 et
1166 1160 1308 1226 bibernis
1331 1160 1497 1226 mensibus
1520 1159 1705 1245 Appennini
1727 1160 1839 1244 gelida
1860 1161 2015 1243 lustrare,
2047 1163 2135 1227 vale-

507 1267 631 1334 tudinis
652 1275 728 1334 tuae
750 1266 992 1334 aestimatione*
1001 1313 1410 1330 ...............
1437 1263 1567 1347 putavi3
1602 1263 1735 1329 amicior
1762 1263 1847 1329 enim
1875 1263 2006 1346 litteris,
2040 1286 2133 1349 quarn

509 1371 672 1437 laboribus
702 1369 876 1436 videbaris.
924 1370 1037 1434 horum
1060 1369 1196 1434 alterum
1219 1367 1261 1432 de
1283 1374 1315 1433 te
1338 1367 1519 1449 ignoratum
1543 1386 1658 1432 munus
1682 1367 1830 1433 silvestre
1853 1367 2022 1453 patefecit,
2054 1368 2164 1433 alter

508 1495 577 1539 rum
606 1475 689 1539 bene
718 1473 872 1539 creditum
903 1473 1093 1557 paginarum
1121 1479 1248 1537 tuarum
1272 1471 1376 1536 cultus
1399 1469 1552 1535 adseruit.
1600 1490 1699 1554 quare
1720 1471 1804 1536 inter
1825 1470 1954 1536 sodales
1976 1470 2134 1556 Apollinis

507 1598 547 1642 ae
568 1576 695 1643 Dianae
728 1583 864 1643 sectator
887 1576 1052 1658 utriusque
1075 1575 1302 1657 numerabere,
1336 1574 1397 1639 etsi
1419 1581 1452 1639 te
1475 1574 1597 1657 magis,
1631 1581 1666 1640 ut
1688 1574 1806 1660 scripta
1828 1580 2005 1658 testantur,
2036 1594 2134 1640 vena-

508 1679 593 1746 ticae
623 1680 701 1744 artis
732 1680 836 1762 gloria
864 1679 963 1745 iuvat.
1011 1699 1086 1743 nam
1115 1699 1186 1743 cum
1218 1685 1249 1744 te
1279 1678 1400 1743 nivosis
1431 1677 1568 1743 saltibus
1596 1677 1756 1743 inerrasse
1785 1676 2002 1759 describeres,
2040 1698 2133 1763 supra

509 1783 667 1868 epistulae
690 1790 975 1868 temperamentum
999 1782 1106 1848 verbis
1129 1780 1331 1866 tripudiasti,
1356 1778 1506 1846 nimirum
1529 1781 1634 1846 laetus
1657 1801 1697 1846 ex
1720 1779 1820 1846 arduo
1843 1788 1876 1847 et
1897 1781 2005 1847 adbuc
2027 1782 2132 1846 calens

509 1886 652 1950 montani
676 1887 785 1970 operis
807 1894 936 1951 eventu.
982 1886 1106 1951 interea
1128 1885 1207 1950 satis
1229 1883 1334 1950 fuerat
1355 1884 1539 1969 Appennini
1563 1884 1666 1968 spolia
1688 1883 1834 1963 misisse3
1872 1883 2000 1950 adiecta
2028 1890 2131 1949 autem
2153 1905 2180 1947 ro

509 1990 550 2055 de
573 1996 658 2056 corte
680 1991 776 2074 plura
798 1988 928 2054 fastidio
952 2007 1024 2054 esse
1048 1994 1227 2073 potuerunt,
1253 1987 1317 2052 nisi
1340 2007 1431 2075 amor
1451 1987 1498 2052 tui
1521 1987 1709 2052 removisset
1731 1987 1926 2053 satietatem.
1974 1987 2057 2054 vale.

1163 2314 1322 2379 XXVIIII
1352 2335 1381 2380 a.
1402 2317 1477 2381 397.

1118 2468 1379 2536 SYMMAGHVS
1401 2470 1527 2537 VARO.

594 2644 679 2708 Dum
709 2640 952 2727 provincialium
982 2640 1120 2737 mederis
1148 2640 1293 2707 adversis
1322 2648 1355 2707 et
1385 2642 1559 2707 salutarem
1589 2643 1809 2710 laborantibus
1831 2664 1962 2708 manum
1985 2643 2130 2728 porrigis,

508 2746 636 2831 gravior
658 2746 781 2832 Apulos
807 2762 902 2810 casus
923 2743 1073 2823 incessit,
1106 2743 1265 2827 aquibus
1288 2745 1328 2810 ob
1351 2744 1480 2811 inanem
1503 2746 1623 2813 famam
1647 2746 1854 2813 fecunditatis
1877 2745 2039 2812 frumenta
2060 2766 2133 2831 pos·
2155 2767 2181 2806 m

509 2856 623 2916 cuntur
652 2855 686 2915 et
714 2847 915 2914 detrahenda
943 2845 1125 2932 provinciae
1155 2852 1187 2912 et
1217 2847 1295 2932 reip.
1328 2848 1402 2914 usui
1431 2870 1495 2915 non
1518 2849 1636 2916 futura.
1683 2849 1811 2933 quando
1834 2848 1919 2916 enim
1942 2849 1976 2915 in
1998 2849 2134 2934 hiemem

508 2959 661 3036 vergente
683 2971 767 3016 anno
789 2950 905 3035 poterit
926 2949 1080 3015 maturari
1101 2956 1210 3015 tantae
1233 2950 1334 3034 frugis
1361 3000 1567 3017 ........
1594 2952 1742 3037 eiigitur
1764 2952 1824 3018 tibi
1845 2952 2006 3038 suppetit,
2032 2952 2135 3019 facul-

508 3062 592 3121 tates
617 3102 1316 3120 .........................

1218 3312 1379 3378 XXVIIII
1393 3331 1426 3378 A.

598 3535 1009 3551 ...............
1034 3484 1158 3550 itineris
1180 3485 1328 3551 celeriter
1350 3484 1392 3550 ad
1415 3485 1625 3571 Campaniam
1648 3487 1873 3570 promovendi,
1907 3488 1990 3555 seire
2012 3509 2064 3554 me
2085 3489 2133 3554 fa·
2152 3506 2180 3546 ro

509 3590 581 3671 cito,
609 3597 644 3655 ut
665 3596 697 3655 te
720 3588 885 3674 paulisper
907 3587 1073 3673 opperiar;
1100 3594 1157 3654 aut
1179 3590 1206 3654 si
1230 3588 1421 3674 promissam
1444 3588 1547 3654 maior
1567 3610 1668 3656 causa
1690 3591 1840 3669 mutavit,
1867 3590 1902 3656 id
1923 3591 2029 3675 ipsum
2053 3592 2134 3657 noti-

508 3693 574 3759 tiae
603 3713 695 3758 meae
724 3691 867 3775 protinus
899 3690 1023 3776 pande,
1056 3698 1092 3756 ut
1114 3691 1326 3775 Symmachus
1355 3698 1462 3757 noster
1490 3692 1544 3757 diu
1575 3692 1608 3757 in
1631 3693 1811 3759 Formianis
1841 3693 1989 3759 litoribus
2018 3694 2133 3760 otiatus

438 3824 442 3831 .
510 3816 645 3882 propere
667 3816 790 3862 meeum
813 3796 857 3861 ad
880 3795 988 3861 studia
1010 3802 1198 3860 revertatur.
1245 3797 1329 3861 vale,

1180 4123 1277 4187 xxx
1300 4122 1461 4206 lxxma.

1108 4277 1368 4344 srmnscnvs
1394 4279 1537 4345 asom.
2152 4297 2180 4339 s

596 4449 680 4535 Opto
709 4449 839 4533 quidem
869 4455 902 4514 te
931 4448 965 4513 in
993 4455 1116 4514 tantum
1147 4450 1248 4535 copiis
1277 4451 1433 4535 pecuniae
1456 4449 1626 4517 familiaris
1648 4450 1809 4534 adfluere,
1843 4459 1878 4517 ut
1899 4450 2004 4536 possis
2028 4451 2134 4537 opima

509 4553 644 4638 praedia
671 4572 861 4638 conparare,
895 4551 954 4617 sed
975 4552 1107 4616 mallem
1130 4552 1200 4617 sine
1222 4551 1396 4619 amicorum
1419 4573 1504 4619 noxa
1526 4560 1622 4637 atque
1644 4554 1761 4620 iniuria
1784 4556 1911 4620 oculum
1933 4562 1965 4621 te
1987 4575 2027 4621 ac
2048 4554 2133 4620 desi-

510 4655 634 4722 derium
657 4655 749 4721 novis
771 4654 987 4739 emptionibus
1010 4655 1194 4721 admovere.
1242 4677 1316 4721 nam
1340 4677 1400 4740 ego
1422 4657 1720 4723 Postumianensem
1742 4678 1810 4724 rem
1832 4658 1902 4724 iure
1924 4658 2044 4743 optimo
2065 4658 2134 4724 sine

510 4759 578 4825 ulla
603 4758 765 4825 mentione
792 4758 942 4824 consortii
964 4759 1011 4824 tui
1033 4759 1074 4823 ab
1097 4759 1323 4841 antiquissimo
1344 4780 1529 4846 possessore
1552 4767 1713 4826 mercatus
1734 4781 1819 4826 nunc
1841 4762 1977 4847 primum
1998 4768 2055 4828 tua
2076 4761 2132 4826 ad·

509 4861 681 4927 monitione
703 4861 884 4943 convenior,
911 4869 946 4928 ut
967 4882 1065 4947 prope
1087 4862 1151 4928 iam
1175 4863 1355 4929 inveterata
1376 4863 1579 4947 possessione
1602 4862 1775 4947 decedam,
1802 4866 1893 4931 culus
1915 4864 2050 4949 pretium
2073 4884 2134 4930 non
2151 4884 2179 4925 ao

595 5175 610 5225 2
629 5172 750 5242 Maximo]
769 5175 830 5239 (II),
851 5173 1013 5235 Symmachus
1032 5175 1142 5224 Maximo
1159 5177 1274 5239 Lypeiae,
1294 5178 1381 5225 om.F
1484 5176 1691 5227 inestimatione
1708 5180 1799 5241 pauni
1818 5178 1847 5240 F,
1867 5180 2043 5229 aestimatione
2060 5193 2133 5228 num·

508 5278 583 5327 quem
601 5264 691 5325 puteal
708 5262 825 5325 Lyprias,
843 5263 919 5323 parra
935 5263 1015 5311 deesse
1032 5262 1148 5311 videatur
1267 5264 1391 5311 amiciclor
1409 5261 1473 5311 Hi'1
1602 5264 1616 5311 7
1635 5267 1736 5327 uirique
1755 5261 1792 5311 F²
1919 5264 1935 5315 8
1953 5266 2045 5326 mycale
2063 5261 2101 5312 F²

508 5346 673 5416 describeres]
686 5350 724 5412 H,
745 5350 906 5412 descripseris
918 5347 994 5397 ΜΨ
1005 5351 1021 5397 2
1032 5367 1079 5411 m.,
1101 5350 1234 5411 descripsit
1247 5347 1285 5395 Fi
1298 5354 1310 5398 l
1325 5364 1358 5399 m.
1465 5347 1481 5397 9
1499 5363 1532 5398 ex
1545 5347 1633 5418 arduo]
1646 5350 1758 5412 Lppaica,
1780 5352 1886 5400 exardeo
1899 5353 1922 5399 F
2027 5350 2057 5401 10
2075 5365 2133 5413 opa-

509 5437 544 5486 ris
562 5439 675 5485 montani
694 5434 733 5484 Fi
838 5435 867 5485 11
887 5436 999 5485 dec-cirtae
1018 5434 1048 5496 Γ,
1070 5436 1171 5484 decurte
1188 5436 1211 5481 F
1313 5441 1452 5499 potuerunt
1469 5450 1525 5485 erse
1543 5434 1582 5483 Fi

598 5522 628 5571 13
647 5523 705 5570 baec
722 5523 864 5584 fraumenta
882 5537 930 5571 om.
952 5521 1012 5585 lli),
1030 5525 1127 5583 primas
1144 5520 1220 5570 edidit
1238 5523 1337 5571 iaretas
1355 5526 1382 5570 in
1400 5521 1539 5584 Symmachi
1557 5521 1662 5571 editione
1679 5524 1789 5573 seeundo
1803 5538 1831 5585 p.
1848 5526 1909 5586 301,
1929 5524 1972 5572 icc
1990 5526 2043 5572 ioco
2060 5525 2133 5572 eoiio·

509 5613 575 5657 cavit
592 5608 720 5670 Scioppius
848 5608 1011 5669 Symmachus
1031 5609 1105 5657 Varro
1124 5605 1165 5670 (Γ)
1308 5609 1338 5657 15
1356 5609 1447 5658 famem
1466 5606 1514 5657 112
1653 5607 1685 5658 16
1702 5608 1891 5672 prouinclesP,
1913 5612 2053 5674 prouinciis
2072 5608 2134 5673 (Hp

511 5693 541 5742 11
561 5696 640 5755 frugis
659 5696 681 5743 sl
699 5694 769 5759 (111²,
790 5697 908 5743 lucanam
926 5695 1035 5745 indicavi
1187 5694 1217 5743 18
1234 5700 1288 5756 post
1305 5696 1438 5744 facultates
1455 5698 1565 5757 apetiam
1581 5710 1689 5744 vacuam
1708 5699 1784 5746 irtam
1799 5710 1914 5746 versarem
1932 5700 1959 5746 ia
1977 5696 2005 5759 Γ,
2030 5698 2132 5756 facultas

509 5781 608 5831 itineris
626 5782 741 5833 celeriter
760 5779 830 5845 (llll,
850 5782 967 5844 epistulae
984 5782 1069 5831 divisit
1087 5780 1146 5830 aare
