4736 6478
972 477 1087 533 LIBER
1104 475 1156 533 III.
1836 476 1878 540 95

244 671 482 741 sincerissimos
504 690 609 739 mores
632 680 703 738 tuos
726 669 896 756 benignius
919 668 1065 755 respicit,
1099 688 1180 752 quos
1210 686 1321 734 severe
1350 674 1383 734 et
1404 665 1577 750 diligenter
1597 666 1750 751 inspexit.
1800 665 1878 748 quid
1900 668 1965 733 PF

243 777 454 861 quodetiam
478 778 574 861 louge
595 775 732 842 intendit
753 775 863 840 oculos
884 780 917 839 et
944 794 1003 860 per
1029 773 1211 839 inmensum
1240 771 1373 854 requirit
1401 791 1502 838 venes
1531 772 1685 837 bonomm
1707 771 1878 854 nullosque

241 882 376 947 enidius
405 880 504 947 trabit
530 899 627 962 quam
656 878 738 944 nibil
768 876 1011 944 desiderantes?
1047 884 1082 943 ut
1103 876 1294 942 Flauianum
1322 895 1429 941 mcum
1452 882 1549 959 utque
1570 874 1644 941 ideo
1665 882 1755 940 tuum
1777 893 1881 959 nuper

242 984 382 1066 excivit,
416 1004 511 1068 quem
534 982 641 1048 adbuc
670 980 867 1048 verecundia
895 988 1038 1066 tegeret,
1069 979 1131 1045 uisi
1161 981 1250 1045 clara
1271 978 1386 1045 merita
1411 978 1639 1064 prodidissent.
1685 978 1768 1043 haec
1790 983 1874 1057 sunt,
1900 984 1919 1043 4

243 1104 334 1170 uuae
356 1088 435 1152 mibi
456 1107 514 1172 pro
536 1092 679 1170 tempore
701 1084 827 1150 laetitia
848 1083 992 1150 dictavit.
1038 1103 1124 1149 nnnc
1147 1090 1181 1147 ut
1202 1082 1458 1148 amantissimum
1481 1080 1622 1162 fratrem,
1649 1081 1701 1146 vel
1724 1080 1808 1164 quod
1831 1087 1881 1146 est

242 1190 371 1272 uerius,
399 1197 523 1275 partem
546 1189 609 1255 mei
632 1187 769 1272 diliges,
797 1207 873 1271 rogo
896 1194 1009 1271 sponte
1031 1186 1201 1253 factnmm.
1247 1207 1322 1254 ame
1342 1185 1376 1251 iu
1399 1206 1437 1251 co
1459 1185 1569 1251 studia
1590 1191 1648 1251 tua
1669 1190 1702 1250 et
1723 1183 1879 1267 quidquid

250 1294 424 1378 agnoveris
445 1293 616 1359 virtutibus
637 1292 702 1357 tuis
723 1290 915 1376 proximum.
962 1290 1043 1357 mihi
1066 1298 1101 1357 ut
1121 1297 1172 1357 est
1192 1309 1306 1369 curae,
1340 1288 1426 1371 quod
1455 1309 1476 1354 a
1497 1289 1596 1354 fratre
1619 1288 1801 1368 discernor,
1833 1286 1880 1351 ita

250 1397 370 1463 solacio
392 1397 462 1477 erit,
478 1396 516 1496 ‘si
539 1416 612 1462 cum
635 1396 736 1461 sciam
758 1414 835 1460 vere
857 1393 890 1459 in
913 1402 946 1460 te
969 1394 1197 1478 Symmachum
1221 1392 1411 1478 repperisse.

186 1034 207 1089 b

855 1687 1012 1752 LXXXII
1040 1708 1071 1752 a.
1090 1688 1273 1751 382-391.

208 1849 234 1888 ιι
921 1824 979 1889 ΑΙ)
1003 1824 1207 1891 RVFINVM.

338 1998 452 2065 Adhuc
481 1998 574 2076 siles;
608 1995 668 2063 scd
695 1996 873 2080 loquacitas
895 2016 969 2061 mea
990 2016 1053 2061 non
1076 1997 1242 2062 cohibetur
1263 1995 1430 2080 exemplo,
1463 2002 1496 2060 et
1524 2006 1575 2060 est
1602 1994 1700 2059 otium
1730 1993 1810 2059 milri
1837 1992 1880 2058 ad

242 2090 419 2168 'verborum
442 2100 566 2185 copiam
590 2100 685 2165 nimis
708 2100 918 2165 commodum.
966 2120 1040 2165 nam
1063 2100 1129 2165 ruri
1151 2120 1240 2179 som,
1275 2120 1335 2165 nec
1364 2106 1472 2164 tamen
1501 2098 1646 2164 rusticor.
1693 2106 1817 2163 tantum
1840 2096 1881 2163 de

254 2206 324 2290 ripa
345 2204 473 2270 [liberis
494 2242 537 2252 —
560 2224 634 2268 nam
658 2223 716 2288 per
738 2202 819 2268 fines
841 2222 930 2268 meos
952 2200 1069 2267 fluvius
1092 2203 1230 2269 clabitur
1250 2240 1293 2250 —
1316 2208 1431 2268 onuste
1453 2209 1561 2287 specto
1584 2201 1717 2286 navigia
1739 2221 1802 2266 non
1816 2200 1879 2265 iam

254 2309 427 2389 sollicitus,
454 2314 599 2390 utente,
626 2306 667 2373 de
690 2306 776 2372 fame
799 2306 929 2371 civium.
976 2325 1090 2372 versus
1112 2313 1164 2373 est
1183 2326 1322 2390 nemque
1343 2306 1376 2371 in
1399 2306 1522 2390 gaudia
1543 2306 1691 2390 publicus
1713 2327 1756 2368 ecc
1778 2310 1881 2388 inopia

210 2432 236 2472 ιι
255 2419 372 2494 metus,
407 2418 577 2496 postquam
606 2409 801 2476 venerabilis
831 2414 926 2495 pater
952 2409 1076 2494 patriae
1107 2409 1324 2475 Macedonicis
1352 2409 1582 2475 commeatibus
1604 2409 1733 2475 Africae
1763 2408 1882 2474 damna

254 2514 411 2600 pensavit.
458 2533 553 2597 quem
581 2533 666 2578 nuno
695 2532 805 2579 omnes
828 2518 863 2578 ut
884 2512 1018 2578 altorem
1041 2513 1170 2596 generis
1196 2513 1330 2578 hnmani
1358 2512 1455 2578 deum
1484 2513 1636 2597 diligunt.
1683 2512 1765 2577 nihil
1793 2513 1921 2577 enimt

254 2638 368 2702 passus
397 2625 448 2684 est
475 2617 595 2683 austrIs
617 2615 858 2683 contumacibus
880 2615 1053 2681 adversum
1075 2617 1209 2681 Romam
1231 2616 1340 2682 licere.
1387 2636 1464 2699 ergo
1492 2615 1534 2682 dc
1562 2615 1633 2699 agri
1659 2615 1723 2681 mci
1749 2615 1883 2701 specula

254 2722 497 2807 peregrlnarum
519 2720 648 2786 navium
671 2739 803 2785 numero
820 2725 1047 2800 transcursus,
1079 2726 1112 2785 et
1134 2719 1262 2802 gaudeo
1290 2719 1408 2785 victum
1438 2718 1549 2803 populi
1571 2719 1706 2784 Romani
1728 2739 1792 2784 non
1815 2718 1881 2784 sato

255 2825 486 2910 provinciamm
510 2823 569 2889 scd
591 2830 664 2888 voto
686 2822 840 2907 principis
863 2821 943 2905 regi.
985 2821 1051 2887 scio
1074 2821 1154 2888 baec
1175 2823 1208 2887 iu
1231 2842 1327 2889 aures
1349 2822 1419 2888 eius
1442 2841 1515 2888 csse
1538 2829 1673 2888 ventura
1695 2822 1878 2903 devotione,

210 2945 238 2987 ro
255 2950 316 3012 qua
337 2929 425 2995 soles
446 2947 509 2991 non
531 2925 678 2993 occulere
699 2926 816 2991 bonum
839 2925 1014 3010 publicum.
1068 2926 1182 2991 merito
1204 2926 1333 3012 parcius
1356 2926 1470 3008 loquar
1490 2932 1566 2992 tuac
1589 2924 1761 2991 facundiae
1783 2925 1882 2990 relin-

256 3051 365 3115 quens,
391 3037 427 3097 ut
447 3030 529 3096 baec
550 3028 704 3111 ornatius,
730 3030 758 3095 si
780 3029 827 3093 ite
841 3029 990 3113 placebit,
1017 3029 1174 3111 insinues,
1200 3050 1283 3112 quse
1302 3050 1361 3096 nos
1377 3030 1499 3095 inculta
1513 3029 1649 3095 veritate
1664 3028 1879 3094 narravimus.

856 3321 1029 3388 LXXXIII
1058 3328 1133 3388 ante
1148 3344 1178 3389 a.
1200 3327 1275 3387 396.

921 3459 980 3526 ΑΙ)
1004 3460 1211 3526 RVFINVM.

338 3632 419 3713 Iter,
447 3637 482 3697 ut
503 3631 651 3716 opinione
673 3632 802 3714 metior,
829 3630 1007 3717 expedisti,
1043 3632 1129 3714 quod
1151 3633 1254 3699 solum
1277 3633 1336 3700 tibi
1359 3633 1402 3701 sd
1425 3634 1546 3700 silentii
1569 3634 1696 3700 veniam
1720 3635 1881 3718 suffraga-

209 3754 239 3795 ιι
256 3735 356 3801 batur.
403 3754 489 3800 nunc
511 3735 629 3801 stativa
650 3735 779 3818 requies
802 3735 874 3801 stilo
898 3743 930 3800 ct
951 3735 1058 3800 animo
1081 3742 1136 3802 tuo
1159 3737 1321 3803 scribendi
1343 3737 1386 3803 ad
1408 3757 1466 3803 nos
1488 3757 1580 3804 usum
1604 3738 1771 3820 reformet,
1805 3740 1880 3805 licet

253 3839 313 3904 orIs
335 3838 382 3903 tui
405 3838 554 3920 facultas,
582 3844 615 3904 ct
637 3858 708 3903 cum
730 3840 817 3904 viam
840 3839 1008 3922 carpseris,
1036 3839 1198 3905 luculento
1220 3840 1360 3925 potuerit
1374 3841 1486 3909 adfatu
1502 3841 1587 3908 sitim
1604 3848 1743 3908 nostram
1759 3842 1876 3926 rigare.

253 3942 308 4008 sed
330 3941 427 4007 fucrit
447 3941 506 4006 tibi
529 3941 701 4007 adversum
724 3941 851 4026 culpam
873 3942 1100 4007 taciturnitatis
1122 3943 1163 4008 dc
1189 3943 1300 4009 labore
1329 3944 1495 4029 purgatio:
1527 3944 1609 4010 nibil
1637 3944 1702 4010 iam
1733 3940 1883 4028 suffragii

254 4051 365 4125 restat,
400 4064 472 4110 cum
495 4044 552 4110 tibi
576 4050 609 4110 et
630 4044 800 4126 facundia,
832 4065 916 4127 quae
939 4064 999 4110 nec
1021 4052 1096 4111 ante
1119 4044 1361 4131 inpediebatur,
1396 4048 1552 4131 supersit,
1585 4055 1617 4113 ct
1645 4049 1760 4127 otium,
1794 4048 1880 4130 qood

253 4147 504 4229 desiderabatur,
532 4148 716 4213 accesserit.

847 4421 1036 4487 cxxxmr
1066 4430 1187 4490 anea.
1207 4426 1281 4489 soc.
1384 4392 1390 4407 '

919 4560 978 4626 Ao
1001 4561 1206 4627 uvmnvu.
1901 4570 1934 4631 P

291 4788 293 4793 ,
336 4734 460 4816 Sequor
488 4740 519 4797 te
551 4731 686 4814 litteris,
720 4732 795 4814 quia
824 4738 931 4798 mente
959 4739 992 4798 ct
1021 4731 1202 4800 adiectione
1231 4755 1294 4799 non
1324 4735 1455 4805 desero:
1487 4756 1547 4803 nec
1576 4736 1688 4802 videor
1716 4738 1795 4803 mihi
1819 4739 1880 4804 cito

255 4836 330 4903 haec
352 4836 494 4921 arripere
516 4836 648 4917 solacia,
675 4855 745 4901 cum
769 4835 875 4901 adhuc
898 4834 986 4920 apud
1007 4856 1066 4901 nos
1089 4857 1202 4903 recens
1223 4838 1406 4904 iucunditas
1428 4847 1485 4905 tua
1506 4841 1625 4924 vigeat.
1666 4842 1770 4908 sentio
1793 4843 1878 4908 onim

337 5184 490 5248 lqnthuid
508 5184 587 5232 ctiam
605 5184 628 5230 F
729 5178 894 5246 IneuimP
996 5183 1077 5233 bour
1098 5183 1142 5248 (Γ)
1250 5187 1358 5236 loures
1376 5192 1415 5236 ost
1434 5185 1460 5235 Γ
1560 5188 1688 5237 discernor
1705 5189 1728 5236 P

338 5271 369 5322 10
387 5286 436 5320 οιιι.
451 5272 474 5319 F
586 5268 617 5319 12
635 5270 712 5318 ulmls
729 5266 861 5331 om.F(1'l
982 5268 1014 5318 13
1032 5271 1122 5320 ciberis
1141 5271 1187 5319 Pl
1202 5287 1236 5322 m.
1355 5271 1387 5322 11
1405 5287 1496 5322 uersus
1514 5278 1553 5321 eet
1571 5288 1679 5336 namque
1697 5288 1729 5322 cr
1748 5275 1833 5336 inopis
1851 5277 1878 5323 iu

255 5358 341 5414 gaudie
357 5358 476 5421 publicus
494 5363 577 5405 metus
597 5355 627 5417 P,
648 5370 680 5403 ex
698 5356 784 5417 inopia
802 5369 910 5417 nemque
928 5356 1046 5418 panIcus
1062 5361 1145 5405 metue
1157 5372 1247 5407 uersus
1260 5364 1298 5407 est
1309 5360 1336 5407 ln
1350 5360 1470 5420 gaudium
1489 5361 1518 5423 F,
1538 5363 1680 5421 troaaporul
1785 5359 1815 5409 l'l
1835 5363 1878 5409 ed-

254 5443 375 5493 ucrauslr'
479 5442 509 5492 18
528 5443 715 5505 peregrinarum
734 5455 782 5491 om.
798 5442 821 5488 F
922 5439 1017 5505 pir,
1038 5444 1207 5506 reipublicae
1227 5446 1249 5491 F
1352 5444 1451 5506 l9regl
1468 5445 1555 5494 ocal*
1657 5445 1690 5495 20
1708 5447 1847 5508 partiusP

255 5526 335 5591 loquor
352 5529 447 5579 Pam.
554 5529 582 5578 21
605 5530 705 5578 ornatui
724 5528 747 5575 P

335 5614 369 5666 23
387 5631 436 5664 cm.
458 5616 480 5662 F
577 5614 631 5665 «24
650 5617 780 5664 silentium
798 5615 980 5676 suffragabatur
1000 5616 1057 5678 (om.
1073 5618 1181 5679 ceulam)
1204 5617 1231 5666 Γ
1347 5618 1380 5667 25
1399 5621 1491 5667 statilio
1512 5620 1532 5665 l'
1644 5618 1676 5666 uu
1695 5619 1803 5680 corperis
1824 5618 1846 5664 P

254 5704 342 5756 actoru
360 5701 384 5748 F
485 5700 517 5750 27
537 5701 568 5750 de
586 5703 672 5751 om.F
775 5702 935 5750 laboriosaF

307 5787 368 5837 ·32
387 5803 436 5850 qua
455 5786 550 5836 le.
