4716 6476
1107 486 1303 545 SYMMAOHI
1320 489 1531 545 EPISTVLAE

1200 853 1281 916 XIII
1315 873 1346 916 a.
1366 856 1438 916 400.

353 1088 356 1092 Α
422 1014 492 1076 VII
1113 1009 1172 1073 AD
1199 1005 1528 1072 APOLLODORVM.

593 1182 804 1247 Praevenisse
827 1202 874 1244 rue
895 1180 1031 1246 arbitror
1052 1180 1181 1259 famam,
1208 1199 1292 1262 quae
1315 1185 1346 1243 te
1369 1179 1551 1244 absolutum
1572 1198 1636 1243 non
1650 1176 1746 1241 modo
1762 1176 1891 1241 honoris
1907 1197 2019 1242 verum
2036 1176 2130 1242 etiam

508 1306 655 1352 curarum
684 1285 773 1350 fasce
803 1284 960 1367 vulgavit.
1008 1283 1036 1346 si
1060 1282 1109 1347 ita
1137 1289 1200 1361 est,
1234 1301 1288 1346 ero
1318 1281 1378 1346 tibi
1408 1301 1493 1345 nunc
1523 1280 1723 1345 confirmator
1745 1280 1821 1344 boni
1843 1279 1918 1344 olim
1943 1279 2128 1344 desiderati.

507 1409 581 1453 mea
602 1407 674 1452 eum
697 1387 763 1452 filio
787 1387 908 1452 sanitas
932 1406 991 1469 ope
1015 1384 1192 1449 divinitatis
1214 1384 1247 1448 in
1270 1383 1375 1449 solido
1397 1390 1461 1463 est,
1488 1383 1605 1449 tibi'ut
1627 1384 1715 1448 salus
1737 1381 1847 1447 valida
1869 1389 1902 1447 et
1916 1382 2039 1448 reditus
2055 1383 2161 1448 felixs

510 1489 675 1574 secundet,
701 1498 766 1554 tarn
789 1497 898 1555 nostra
920 1495 995 1554 vota
1018 1509 1113 1571 quarn
1137 1494 1193 1552 tua
1215 1487 1330 1552 merita
1351 1487 1572 1570 praestabunt.

1195 1745 1293 1809 XIIII
1323 1767 1353 1810 a.
1372 1750 1446 1809 400.

416 1910 489 1971 PV
950 1901 1008 1965 AD
1033 1901 1327 1966 CAECILIANVM
1352 1901 1408 1963 ET
1431 1899 1691 1964 PROBIANVM.

594 2074 731 2140 Abundo
755 2073 888 2154 laetitia,
916 2081 1084 2157 postquam
1107 2074 1216 2138 valere
1238 2093 1296 2137 vos
1320 2072 1418 2137 didici
1441 2078 1633 2154 nostraeque
1656 2071 1816 2136 amicitiae
1839 2071 1921 2137 inter
1935 2072 2130 2155 negotiorum

457 2184 490 2246 P
509 2179 590 2245 dura
611 2177 808 2243 meminisse.
831 2177 835 2261 l
856 2176 914 2241 sed
935 2176 1063 2258 quando
1086 2176 1151 2255 fiet,
1179 2182 1213 2241 ut
1235 2176 1364 2241 solaciis
1381 2176 1557 2240 litterarum
1574 2174 1692 2239 damna
1707 2174 1921 2240 abstinentiae
1936 2176 2132 2240 sarciantur?
2150 2194 2176 2234 ιι

508 2303 569 2365 ego
591 2289 698 2347 autem
722 2300 778 2345 vos
802 2279 956 2364 praetoris
979 2279 1042 2344 mei
1065 2279 1207 2343 fascibus
1232 2279 1350 2363 primos
1373 2279 1528 2343 interesse
1550 2277 1724 2342 voluissem
1746 2276 1902 2360 festisque
1917 2278 2131 2344 communibus

508 2385 608 2450 decus
637 2384 760 2461 facere3
795 2382 854 2447 sed
884 2382 985 2447 feram
1009 2402 1142 2447 necesse
1166 2389 1215 2446 est
1239 2381 1393 2447 anteferri
1415 2381 1494 2445 mihi
1516 2400 1648 2455 causam
1671 2388 1813 2447 senatus.
1861 2403 1961 2464 quare
1983 2381 2016 2446 in
2039 2402 2133 2466 supe-

507 2488 644 2553 rioribus
667 2486 774 2552 verbis
800 2484 953 2551 desiderii
976 2485 1079 2567 magis
1102 2485 1290 2550 contestatio
1314 2492 1364 2550 cst
1385 2505 1481 2566 quarn
1506 2485 1651 2566 querella
1672 2484 1812 2549 discidii.
1859 2484 2037 2570 praestabit
2061 2503 2133 2549 oae-

508 2590 637 2657 lestinm
668 2590 774 2672 favor,
811 2596 845 2653 ut
867 2588 1026 2653 mandatis
1049 2589 1173 2672 patriae
1195 2588 1333 2653 absoluti
1356 2588 1417 2652 iter
1440 2588 1520 2652 felix
1545 2586 1589 2651 ad
1611 2586 1757 2653 ludorum
1780 2595 1958 2654 nostrorum
1981 2589 2133 2653 sollemne

510 2694 674 2777 relegatis.
2153 2709 2179 2748 ιι

1287 2933 1362 2998 XV.

1176 3088 1235 3152 ΑΙ)
1259 3088 1462 3153 ALEVlVM.

593 3262 642 3326 Ειι
665 3261 772 3327 debito
795 3261 883 3326 venit
904 3280 1018 3341 sermo,
1044 3261 1100 3342 qui
1122 3259 1276 3341 redditur,
1302 3282 1343 3326 eu
1365 3260 1532 3341 beneficio,
1559 3260 1613 3342 qui
1637 3244 1748 3346 sponte
1772 3260 1925 3327 defertur.
1971 3261 2132 3327 secundae

507 3366 606 3448 igitur
634 3365 712 3429 milri
741 3370 848 3449 partes
875 3364 1007 3429 relictae
1037 3370 1126 3446 sunt,
1161 3371 1330 3448 postquam
1360 3364 1453 3429 stilus
1482 3371 1556 3428 tuus
1585 3385 1658 3429 mea
1680 3365 1802 3448 scripta
1824 3364 2001 3448 praevenit.
2054 3385 2137 3429 nuno

508 3469 579 3533 vice
607 3468 808 3533 salutationis
837 3487 974 3551 repensa
1003 3488 1133 3551 operam
1155 3474 1243 3532 tuam
1267 3487 1439 3549 curamque
1462 3467 1601 3551 deposco
1622 3468 1656 3531 in
1679 3467 1735 3547 lis,
1769 3487 1852 3550 quae
1876 3469 1991 3534 Castor
2015 3489 2056 3534 ex
2079 3488 2136 3532 usu
2155 3486 2183 3527 ro

508 3577 603 3653 atque
627 3571 764 3636 utilitate
786 3577 895 3635 nostra
916 3570 1134 3654 promovenda
1157 3571 1365 3653 suggesserit.

1195 3798 1198 3805 ’
1283 3828 1370 3894 xva.

1155 3983 1214 4047 so
1238 3983 1497 4049 clausurum.

595 4154 729 4222 Gratum
750 4154 854 4220 babeo
877 4155 918 4221 de
940 4154 1122 4221 testimonio
1144 4174 1215 4219 meo
1238 4174 1301 4219 non
1324 4173 1396 4220 esse
1420 4155 1610 4235 dubitatum,
1639 4162 1867 4240 receptumque
1889 4175 1962 4221 esse
1984 4156 2018 4220 in
2042 4156 2138 4221 fami-

510 4257 585 4322 liam
615 4268 703 4326 tuam
726 4259 921 4324 Auxentium
951 4258 1051 4323 lilium
1081 4265 1224 4323 nostrum
1254 4257 1463 4323 lectissimum
1492 4259 1641 4324 iuvenem
1671 4260 1705 4324 in
1733 4279 1804 4324 meo
1834 4279 1909 4323 aere
1936 4257 2030 4325 duco.
2076 4280 2138 4342 quo
2158 4278 2187 4320 ιι

509 4360 636 4426 nomine
658 4361 800 4427 amicitia
821 4369 930 4427 nostra
952 4363 986 4426 in
1011 4362 1131 4427 artiora
1152 4361 1228 4426 fidei
1250 4361 1321 4426 iura
1343 4362 1502 4428 convenit.
1549 4362 1726 4448 praestabit
1749 4383 1826 4428 usus
1848 4362 1984 4444 longior,
2012 4370 2047 4427 nt
2069 4383 2139 4428 cum

509 4463 543 4528 in
573 4484 610 4529 eo
639 4465 723 4529 bona
752 4466 845 4549 plura
872 4465 1077 4548 cognoveris,
1115 4464 1398 4550 adstipulationem
1429 4486 1534 4530 meam
1565 4464 1606 4531 de
1635 4466 1747 4531 merito
1776 4466 1846 4531 eius
1874 4466 1959 4530 infra
1989 4466 2140 4531 terminos

510 4566 655 4633 venatis
678 4567 807 4634 stetisse
830 4568 974 4633 fatearis.

597 4845 763 4907 imperarant
781 4846 853 4895 lautas
870 4849 991 4908 epistolae
1009 4849 1036 4895 ιἰι
1056 4847 1167 4896 Pboec:
1266 4847 1394 4910 pollodorr‘r
1412 4847 1428 4896 3
1522 4850 1589 4896 fama
1606 4862 1671 4911 qnae
1689 4854 1714 4896 te
1732 4851 1763 4897 ab
1781 4884 1788 4899 .
1805 4884 1834 4897 ..
1855 4848 1904 4895 orla
1921 4875 1956 4883 —
1974 4861 2033 4896 cura
2051 4846 2067 4896 l

511 4932 550 4981 uit
567 4933 590 4980 al
606 4956 642 4968 ·-
659 4946 701 4981 aro
718 4934 764 4981 tibi
785 4969 791 4982 .
813 4970 818 4981 .
843 4971 848 4982 .
869 4940 959 4982 tor-
977 4934 1091 4982 desidera
1111 4934 1126 4982 5
1146 4969 1174 4982 ..
1193 4970 1199 4981 .
1219 4934 1458 4982 io-diuluttatis
1480 4969 1485 4981 .
1510 4970 1515 4981 .
1537 4969 1544 4984 .
1563 4937 1601 4983 ibi
1619 4937 1699 4982 nt-
1717 4935 1812 4982 reditus
1830 4934 1846 4983 6
1865 4972 1872 4985 ,
1893 4970 1899 4984 .
1923 4969 1929 4984 .
1950 4935 2081 4983 undet-
2098 4940 2141 4982 tna

585 5033 599 5065 a
616 5020 764 5080 prestabant
868 5018 1063 5082 dpraenanisse
1083 5016 1134 5085 me]
1153 5033 1204 5079 epo,
1226 5021 1372 5082 prouenisse
1389 5020 1415 5078 V,
1436 5022 1586 5082 peruenisse
1601 5020 1655 5083 (Π)
1762 5017 1799 5086 ta]
1812 5019 1841 5083 P,
1861 5020 1948 5069 om.V
1996 5021 2000 5027 ’
2052 5020 2141 5070 5cum

511 5100 574 5169 lllio]
596 5104 659 5165 (Π),
679 5102 774 5171 [mllio
793 5105 822 5166 P,
844 5106 903 5154 dum
926 5106 947 5153 V
1048 5103 1098 5172 est]
1118 5106 1182 5169 (Π),
1203 5108 1236 5154 sit
1258 5106 1279 5153 V

597 5189 613 5240 8
631 5188 817 5255 lllaoclllanum
837 5192 866 5253 Ρ,
896 5192 927 5239 ad
946 5193 1094 5243 cecilianum
1118 5194 1139 5239 V
1285 5192 1315 5241 10
1334 5193 1488 5242 meminlasa.
1510 5191 1554 5240 ual
1571 5191 1660 5241 desinit
1682 5193 1745 5242 Vin
1762 5193 1845 5241 medio
1861 5195 1958 5254 pucino
2097 5194 2140 5240 ab·

510 5278 607 5325 seutiae
626 5277 728 5326 faretras
832 5281 976 5326 sanciantur
997 5278 1090 5327 Plan.
1116 5278 1121 5285 '
1200 5278 1231 5327 14
1250 5284 1278 5327 ut
1296 5280 1393 5339 supplet
1412 5280 1473 5327 2m.
1495 5280 1522 5327 tn
1541 5283 1621 5339 apotto
1639 5279 1758 5327 ooeuoP
1863 5278 1894 5328 15
1913 5280 2026 5339 religatis
2044 5279 2138 5327 le.

597 5361 630 5412 20
649 5364 689 5412 hta
708 5364 732 5412 P

597 5448 629 5499 23
650 5449 813 5510 Symmachus
834 5450 945 5500 (tortario
964 5449 1006 5512 F1,
1026 5464 1075 5500 om.
1091 5447 1149 5497 Fi·a
1288 5449 1321 5498 24
1340 5450 1371 5499 do
1391 5450 1417 5513 (d
1437 5454 1464 5500 ta
1480 5451 1542 5511 ros.)
1564 5450 1587 5498 P
1724 5449 1980 5513 resumebamus,
2009 5453 2051 5499 ·A·
2072 5446 2108 5498 Η

511 5536 683 5585 doctisslmum
703 5537 725 5584 F
732 5536 740 5572 ¹
862 5551 917 5586 meo
935 5533 1002 5602 aare]
1020 5543 1078 5584 nola
1096 5551 1151 5585 mea
1169 5534 1207 5583 Fi
1335 5534 1368 5584 26
1387 5532 1501 5602 nomine]
1519 5538 1619 5598 negotio
1638 5534 1673 5583 sl
1794 5540 1822 5586 lu
1841 5533 1942 5604 artiora]
1960 5539 2052 5586 malora
2071 5535 2109 5586 Fi

511 5629 537 5671 et
554 5627 611 5671 onte
630 5626 764 5685 praestabit
783 5627 857 5673 laser.
873 5619 940 5686 W,
961 5625 1038 5671 etlam
1057 5626 1130 5672 ιιιιιτ.
1147 5620 1182 5670 Ρ3
1298 5621 1330 5671 27
1350 5624 1422 5685 plura
1440 5625 1505 5671 bona
1524 5620 1560 5671 Fi
1676 5626 1743 5672 lutra
1759 5626 1882 5673 tarmluos
1900 5624 2007 5673 Latmus
2026 5624 2141 5673 Latinior

512 5707 544 5758 28
564 5711 652 5757 leclssa
665 5710 688 5756 F
788 5709 898 5777 uideatis
917 5706 955 5756 sl
967 5712 980 5757 1
994 5725 1028 5757 m.
1136 5711 1219 5770 lpsum
1238 5715 1321 5757 autem
1341 5715 1365 5757 te
1384 5710 1448 5757 malo
1467 5710 1633 5758 delinimenta
1651 5712 1783 5758 uerborum
1802 5716 1901 5759 tuorum
1923 5711 2032 5771 (istttnm
2044 5725 2081 5772 ep.
2101 5712 2137 5772 19)

513 5794 572 5844 odd.
595 5792 637 5856 Fi,
657 5800 787 5857 raramque
804 5796 935 5857 epistolam
952 5798 1105 5856 coulanpant
1126 5792 1186 5842 Μ
