4716 6476
515 482 577 543 264
1116 475 1312 533 SYMMAGHI
1329 475 1540 533 EPISTVLAE

437 670 490 728 [12
512 666 574 731 uisi
605 666 647 732 ad
679 668 866 730 solutionem
898 667 989 748 vigor
1011 665 1172 731 iudicialis
1195 666 1419 748 adstrinxerit,
1454 666 1561 733 eliciet
1583 667 1745 750 publicam
1767 666 1943 748 querellam
1966 665 2067 731 series
2089 664 2140 729 in-

513 769 680 834 commodi.
727 789 827 852 quare
857 789 993 851 quaeso,
1028 776 1063 834 ut
1092 769 1175 835 inter
1203 777 1326 849 cetera,
1358 790 1443 852 quae
1474 769 1535 834 sibi
1566 768 1606 836 de
1639 769 1745 835 studio
1771 776 1825 834 tuo
1849 769 1949 833 Romu
1971 767 2135 853 promittit,

514 871 743 956 huncquoque
767 879 889 957 partem
913 871 1101 955 diligentiae
1122 880 1197 938 tuae
1219 872 1374 938 vindices.

1273 1129 1376 1195 01111.

464 1307 492 1365 Γ
598 1306 703 1370 Parva
725 1303 862 1368 fatemur
884 1322 970 1383 esse,
997 1324 1080 1384 quae
1104 1302 1264 1379 misimus,
1291 1301 1349 1367 sed
1370 1301 1629 1368 honorificentiae
1652 1301 1832 1387 praebentis
1855 1300 2011 1383 religione
2034 1300 2170 1384 potiuss

512 1429 607 1490 quam
632 1406 719 1471 modo
743 1426 906 1470 munemne
929 1406 1149 1471 aestimantur.
1192 1405 1271 1470 haec
1294 1404 1368 1489 ipsa
1389 1412 1497 1471 tamen
1521 1406 1616 1470 exilis
1638 1405 1757 1471 oblatio
1778 1405 1853 1490 plus
1876 1405 1917 1469 ad
1941 1423 1992 1468 me
2014 1403 2137 1487 gratiae

513 1509 659 1593 po1tabit,
688 1510 715 1573 si
739 1509 854 1591 religio
876 1516 930 1573 tua
954 1510 1025 1573 usui
1047 1528 1104 1574 suo
1127 1529 1148 1573 a
1169 1528 1220 1573 mc
1243 1507 1387 1573 delibata
1409 1508 1597 1593 susceperit.

1169 1766 1223 1832 ov
1244 1764 1479 1847 (cxxxxvii.

457 1942 492 1999 ll
599 1938 736 2003 lavandi
759 1944 834 2003 sunt
855 1937 1020 2022 mancipes
1043 1937 1236 2018 salinarum,
1263 1938 1319 2022 qui
1343 1936 1505 2021 splendori
1528 1944 1624 2020 atque
1648 1937 1719 2002 usui
1742 1938 1866 2022 patriae
1890 1937 2066 2001 communis
2088 1939 2137 2001 in-

512 2044 665 2108 serviunt.
714 2040 902 2123 dignaberis
934 2040 1032 2123 igitur
1064 2040 1184 2106 auditis
1218 2061 1326 2106 eorum
1361 2040 1514 2123 querellis
1544 2040 1736 2105 adeuntibus
1767 2040 1892 2105 deferre
1920 2039 2075 2104 iustitiam
2105 2047 2137 2105 ct
2156 2057 2183 2097 ¹⁰

513 2145 582 2210 urbi
606 2146 725 2209 ltornae
749 2144 858 2209 utilem
882 2151 914 2208 et
935 2143 998 2209 tuis
1021 2143 1162 2208 moribus
1184 2152 1423 2227 congruentem.
1471 2144 1556 2208 vale.

1149 2400 1220 2467 cvr
1240 2399 1494 2483 (cxxxxvn).

598 2575 658 2639 Pro
686 2574 763 2640 filiis
792 2573 908 2639 nostris
938 2572 999 2639 deo
1030 2573 1161 2638 iuvante
1183 2571 1360 2637 coniunctis
1382 2572 1414 2636 in
1439 2571 1563 2637 duobus
1586 2571 1699 2637 solidis
1721 2572 1764 2637 ad
1786 2579 1818 2637 te
1840 2572 1986 2638 misimus
2009 2579 2136 2657 sportu-

511 2679 575 2743 lam
598 2677 796 2763 nuptialem,
831 2696 927 2759 quam
950 2696 1021 2741 eum
1044 2682 1191 2760 prompta
1213 2673 1400 2759 dignatione
1423 2675 1620 2760 susceperis,
1648 2676 1871 2742 documentum
1895 2674 2002 2753 dabis,
2031 2673 2137 2741 omnia

511 2780 684 2846 amicorum
707 2780 791 2846 festa
814 2798 886 2844 esse
909 2777 1099 2844 communia.
2157 2795 2184 2835 rs

1130 3034 1220 3102 ovn
1243 3034 1513 3119 (namnum).

597 3210 726 3294 Nuptiis
748 3208 879 3291 quidem
902 3207 961 3273 dlii
982 3208 1046 3274 mei
1069 3215 1100 3273 te
1123 3227 1249 3291 quoque
1270 3208 1355 3273 inter
1376 3207 1549 3274 amicorum
1572 3208 1755 3293 potissimos
1769 3208 1925 3274 interesse
1940 3208 2132 3287 voluissem

511 3314 570 3379 sed
591 3313 668 3397 quia
689 3312 865 3395 longinqua
887 3311 1037 3377 absentia
1057 3317 1114 3377 tna
1136 3310 1354 3377 desideratum
1377 3311 1457 3376 mihi
1479 3311 1611 3394 negavit
1633 3310 1791 3393 officium,
1819 3311 1852 3376 in
1876 3311 2000 3377 duobus
2023 3311 2136 3377 solidis

512 3416 687 3501 sportulam
703 3416 787 3497 misi,
814 3422 848 3481 ut
871 3418 979 3497 vigere
1002 3413 1091 3498 apud
1112 3434 1163 3479 me
1185 3420 1272 3479 tuam
1295 3414 1480 3480 memoriam
1503 3414 1611 3480 votiva
1633 3415 1793 3481 oblatione
1816 3421 1960 3481 testarer.
2001 3434 2134 3499 parvum

514 3518 643 3603 quidem
667 3518 890 3584 munusculum
914 3524 972 3597 est,
1000 3517 1028 3582 si
1050 3517 1238 3582 aestimatur
1260 3516 1363 3601 pretio
1386 3517 1446 3599 sui,
1473 3516 1668 3601 religiosum,
1695 3518 1723 3582 si
1745 3537 1853 3583 amore
1876 3516 2046 3602 pendatur.
2154 3535 2182 3576 uo

1116 3790 1219 3858 ovln
1238 3792 1523 3876 (cxxxxvnnp

595 3964 729 4048 Omnia,
756 3983 838 4047 quae
861 3964 930 4029 sine
953 3970 1082 4029 auctore
1103 3962 1282 4046 iactantur,
1308 3963 1431 4029 ineerta
1453 3972 1542 4041 sunt;
1574 3965 1632 4031 sed
1654 3986 1715 4050 ego
1736 3966 1771 4030 in
1793 3986 1905 4033 sacrae
1926 3969 2061 4054 virginis
2084 3971 2133 4037 fa-

509 4089 593 4134 mam
625 4067 706 4133 nihil
729 4067 833 4152 patior
853 4067 951 4133 licere
974 4065 1187 4133 sermonibus.
1234 4086 1333 4149 quare
1356 4066 1463 4134 officio
1485 4067 1662 4153 pontificis,
1695 4069 1759 4136 fide
1782 4073 1940 4137 senatoris
1960 4073 2134 4140 admoneor

508 4173 649 4258 proferre
679 4177 842 4256 conperta.
890 4169 1006 4236 diceris
1029 4176 1103 4236 anto
1125 4189 1227 4235 annos
1249 4170 1377 4253 legibus
1400 4169 1549 4237 definitos
1571 4173 1686 4237 vestali
1710 4181 1832 4240 secreto
1855 4175 1939 4240 velle
1962 4175 2130 4243 decedere.

508 4275 648 4341 nondum
678 4275 772 4341 credo
802 4273 938 4355 rumori,
972 4273 1030 4339 sed
1057 4273 1274 4339 adsertionem
1304 4281 1379 4340 tuae
1410 4273 1499 4340 vocis
1529 4284 1681 4359 expecto,
1715 4295 1798 4359 quae
1820 4276 1978 4361 opinionis
2000 4278 2131 4344 dubium
2151 4290 2180 4331 ²⁶

507 4387 564 4444 aut
585 4384 740 4461 agnoscat
762 4384 817 4443 aut
839 4382 981 4462 respuat.
999 4389 1002 4395 ’

1217 4616 1338 4683 cvnss
1357 4617 1418 4699 (C).

592 4790 738 4856 Tandem
767 4788 807 4855 dc
835 4788 962 4880 ac‘tipps
994 4787 1059 4853 tuis
1090 4795 1209 4854 eertum
1240 4809 1292 4855 me
1314 4789 1421 4856 facere
1444 4790 1597 4873 dignatus
1619 4810 1671 4858 es:
1703 4793 1819 4876 quibus
1840 4795 1933 4862 lectis
1956 4806 2053 4883 atque
2075 4801 2131 4868 de

506 4892 608 4959 cursis
639 4893 778 4958 laetatus
806 4912 893 4971 sum,
925 4891 1009 4956 vitae
1032 4897 1064 4957 et
1086 4891 1291 4958 innocentiae
1314 4899 1389 4959 tuae
1413 4892 1500 4978 apud
1522 4893 1640 4959 iustum
1667 4945 1990 4965 ............
2016 4905 2130 4970 ceteris

593 5170 603 5218 l
625 5166 715 5236 sedes]
734 5167 811 5233 (Uti,
830 5167 959 5217 sentus!
1062 5168 1077 5217 3
1096 5165 1223 5235 uindices]
1245 5167 1302 5231 (Γ),
1324 5171 1442 5219 uendlcet
1463 5171 1506 5232 (Π
1512 5169 1532 5231 (2

589 5256 757 5318 5eptstutom
775 5270 822 5304 orn.
846 5255 908 5318 (Π),
928 5258 1024 5316 primus
1042 5254 1080 5303 ed.
1102 5255 1233 5316 Scioppius
1251 5271 1275 5304 o.
1298 5258 1364 5304 1608
1485 5255 1638 5325 praebentia]
1661 5260 1685 5308 (¹.
1710 5261 1735 5309 F.
1762 5260 1798 5310 W.
1820 5261 1930 5323 Mueller,
1950 5266 2063 5323 parentis
2084 5263 2119 5327 (Γ
2122 5274 2127 5325 t

504 5343 519 5391 6
539 5343 609 5391 modo
626 5356 757 5390 muncrum
776 5337 953 5407 aestimantur]
973 5341 999 5391 0.
1021 5342 1049 5390 F.
1076 5340 1111 5389 W.
1134 5340 1243 5403 Mueller,
1265 5356 1305 5390 me
1322 5343 1353 5392 de
1372 5358 1475 5391 munere
1494 5346 1642 5393 aestimatur
1661 5344 1706 5407 (Γ)
1835 5345 1922 5414 erilis]
1940 5348 2077 5414 Scioppius,
2099 5367 2129 5400 ex

504 5430 557 5478 utu
578 5427 623 5563 (a)
642 5511 797 5581 ,pertarid
817 5513 876 5577 (s),
896 5529 944 5562 om.
962 5514 1015 5576 (11(
1124 5510 1234 5580 uerene]
1255 5513 1313 5578 (Γ),
1332 5517 1429 5565 dorsuo
1448 5517 1499 5578 (Π)

592 5600 623 5649 18
641 5597 788 5666 longisque]
809 5598 865 5662 (Γ),
886 5602 959 5660 longa
981 5600 1032 5660 (Π)
1142 5598 1172 5649 19
1191 5597 1288 5667 uigere]
1306 5602 1414 5661 Iuratus,
1434 5605 1521 5664 ingere
1540 5604 1573 5651 Π
1673 5606 1706 5656 20
1725 5609 1899 5656 munusculum
1921 5608 1972 5669 (Π)

591 5687 623 5736 24
642 5688 732 5736 uestlll
751 5686 782 5734 Π

593 5771 626 5821 28
644 5769 754 5838 actibus]
773 5773 876 5821 uocibus
894 5769 922 5819 Γ
1021 5770 1054 5820 29
1073 5773 1168 5820 lustum
1187 5774 1278 5821 ceteris
1298 5773 1363 5835 (II),
1384 5777 1501 5824 lucanum
1520 5776 1640 5825 iudicauit
1658 5778 1786 5840 Scioppius
