4736 6478
509 463 569 525 162
1109 457 1306 514 sununcrss
1324 456 1535 513 EPISTVLAE
1575 514 1578 522 ,

428 652 493 715 PF
509 650 606 717 latius
628 650 832 734 explicarem,
859 649 921 714 nisi
943 658 1030 715 esset
1051 668 1168 733 operae
1191 646 1400 713 redundantis
1423 646 1544 713 cunctis
1567 652 1643 711 nota
1665 647 1832 730 replicare.
1872 646 1933 711 hoc
1953 666 2053 711 unum
2075 644 2136 710 ad-

506 755 622 821 iecisse
645 753 798 833 sufficiet,
825 752 982 837 quidquid
1004 752 1053 817 illi
1075 750 1336 817 honorificentiae
1357 750 1525 833 tribueris,
1551 748 1594 814 ad
1615 768 1726 815 omnes
1749 748 1860 829 bonos,
1885 747 1941 833 qui
1964 768 2037 813 eum
2060 746 2136 813 dili-

506 864 596 942 gunt,
622 856 801 942 pervenire.

1155 1182 1285 1248 xxxu
1304 1181 1485 1266 (mnu).

964 1336 1224 1403 sruuxcuvs
1249 1335 1513 1402 nroouaorus
1536 1335 1674 1401 aruns.
2156 1356 2169 1395 ⁵

592 1513 630 1577 ln
662 1512 847 1578 suburbano
880 1511 964 1595 dego
997 1529 1137 1576 secessu.
1185 1529 1261 1574 nam
1294 1514 1326 1574 et
1358 1508 1552 1573 urbanarum
1585 1507 1695 1574 taedet
1727 1507 1945 1574 molestiarum
1975 1515 2008 1575 et
2035 1509 2136 1575 villae

505 1623 658 1681 autumno
680 1615 865 1681 commodae
885 1614 1028 1680 iucunda
1049 1613 1279 1679 instauratione
1302 1611 1452 1677 delector.
1500 1619 1667 1696 praeterea
1688 1611 1901 1696 frequentiam
1923 1611 2018 1693 mibi,
2052 1606 2135 1696 quae

506 1721 576 1784 sola
598 1720 718 1785 Romae
747 1717 945 1784 honorabilis
973 1717 1148 1797 iudicatur,
1182 1715 1355 1781 amicorum
1383 1721 1526 1799 praestat
1547 1714 1719 1780 adventus.
1767 1714 1911 1780 sednon
1933 1715 2138 1782 mediocriter

506 1823 687 1907 nepticulae
713 1842 806 1887 meae
830 1821 946 1886 Gallae
968 1819 1137 1885 infirmitas
1161 1818 1327 1884 conturbat
1348 1817 1405 1883 otii
1427 1816 1527 1883 nosbi
1549 1817 1769 1895 securitatem
1805 1818 1845 1884 de
1867 1838 1932 1902 qua
1954 1825 1990 1884 ut
2011 1825 2136 1885 mature

506 1927 615 1992 votiva
642 1932 675 1992 et
703 1925 871 1992 commoda
899 1922 1070 2003 nuntietis,
1105 1922 1272 2007 opitulatio
1296 1921 1407 1986 divina
1427 1920 1616 2006 praestabit.
1665 1920 1723 1986 tibi
1744 1916 1868 2000 autem)
1902 1921 2132 2003 dominadba,
2157 1940 2185 1979 ¹⁰

506 2034 659 2111 quantum
683 2028 716 2093 in
740 2028 810 2094 dies
833 2028 977 2112 singulos
1000 2025 1182 2091 refectionis
1205 2024 1354 2107 accedat,
1385 2044 1506 2107 quaeso
1531 2044 1625 2090 curae
1648 2023 1769 2090 habeas
1791 2024 1946 2091 indicare.
1994 2025 2055 2091 erit
2076 2024 2137 2091 hoc

505 2131 721 2198 testimonium
745 2131 888 2216 religiosi
910 2130 943 2196 in
965 2151 1016 2196 me
1039 2128 1139 2194 animi
1161 2129 1217 2209 tui,
1246 2129 1273 2194 si
1297 2136 1330 2194 et
1352 2127 1551 2195 consulueris
1574 2127 1705 2194 sanitati
1722 2133 1754 2192 et
1768 2128 1802 2193 in
1817 2127 2015 2193 noscentiam
2030 2148 2135 2193 meam

506 2234 666 2321 placitura
687 2235 872 2318 pertuleris.

1065 2560 1211 2626 xxxin
1232 2560 1413 2644 (xxxam
1447 2581 1478 2625 a.
1497 2564 1571 2625 ror.

962 2715 1221 2783 sxuunouvs
1246 2714 1512 2782 uroouxoars
1534 2714 1672 2782 suns.
2157 2734 2186 2773 o

590 2891 626 2957 Si
648 2912 713 2975 qua
734 2890 841 2957 adhuc
863 2890 904 2956 de
919 2890 1032 2956 Sicilia
1054 2908 1232 2975 speramus,
1259 2889 1382 2954 incerta
1403 2895 1488 2954 sunt.
1534 2908 1609 2953 nam
1632 2908 1705 2955 cum
1728 2889 1855 2956 litterae
1871 2888 1981 2954 Euscii
2003 2889 2132 2955 nuntia-

505 2995 625 3077 verint,
653 2980 774 3061 dudum
797 2994 873 3061 circi
895 3001 928 3060 et
950 3013 1088 3060 scaenae
1110 2991 1249 3059 artifices
1272 2992 1463 3075 navigasse,
1494 2991 1591 3057 etiam
1613 3013 1698 3058 nunc
1720 2992 1761 3059 de
1784 2992 1925 3059 adventu
1948 3012 2058 3059 eorum
2081 3014 2134 3058 ru—

506 3118 574 3163 mor
601 3099 636 3164 in
665 3103 775 3182 operto
805 3105 871 3181 est,
904 3105 1001 3181 atque
1031 3096 1106 3163 ideo
1136 3097 1351 3181 apparitorem
1380 3095 1502 3180 placuit
1529 3094 1703 3180 postulari,
1734 3096 1788 3179 qui
1811 3095 1992 3181 peragratis
2014 3095 2133 3178 ubique

506 3200 654 3268 litoribus
683 3202 852 3286 explorata
880 3201 913 3267 in
943 3220 1038 3267 aures
1066 3206 1191 3266 nostras
1214 3206 1366 3285 reportet.
1412 3199 1513 3266 crevit
1533 3206 1640 3265 autem
1664 3220 1741 3266 eura
1764 3199 1928 3276 ludorum,
1962 3207 2132 3284 postquam

506 3305 726 3388 frequentibus
755 3305 841 3371 ludis
869 3305 1058 3371 relationem
1088 3303 1128 3370 de
1159 3303 1393 3388 amphitheatro
1422 3302 1632 3388 promerendo
1661 3303 1798 3389 populus
1820 3302 2013 3387 postulavit,
2047 3323 2130 3385 qnae
2150 3318 2182 3361 ²⁰

507 3428 580 3473 mox
601 3408 718 3474 iudicis
739 3407 924 3494 impetravit
944 3407 1131 3473 adsensum.
1178 3406 1232 3473 dei
1254 3412 1351 3472 nutus
1374 3405 1510 3488 efficiet,
1546 3412 1580 3471 ut
1603 3425 1698 3490 super
1720 3406 1780 3475 hoc
1802 3406 1899 3472 etiam
1923 3405 2023 3470 divini
2046 3404 2134 3491 prin-

506 3511 587 3596 cipis
610 3509 780 3578 concordet
800 3510 984 3577 auctoritas.
1031 3510 1117 3576 vale.

952 3880 956 3887 .
1073 3837 1237 3904 xxxuu
1257 3836 1401 3921 [xxxo
1438 3859 1469 3904 a.
1489 3841 1562 3902 ror.

963 3993 1224 4060 sruunoavs
1247 3992 1511 4059 uroounours
1534 3993 1674 4058 ureris

591 4167 703 4232 Frater
734 4174 842 4233 vester
874 4166 929 4233 diu
962 4166 1062 4231 animi
1095 4165 1242 4231 adfectus
1274 4164 1383 4231 dolore
1416 4165 1456 4230 ob
1486 4165 1639 4231 amissum
1670 4165 1857 4249 magistrum
1888 4166 1994 4249 coepit
2022 4186 2132 4232 aurern
2153 4182 2183 4224 τε

504 4269 659 4352 praebere
689 4270 884 4351 solantibus,
918 4270 1010 4335 cuius
1032 4268 1226 4334 maestitudo
1248 4289 1299 4334 me
1322 4288 1448 4351 quoque
1470 4269 1611 4351 graviter
1633 4268 1793 4334 sauciavit
1814 4277 1943 4353 praeter
1965 4269 2135 4353 cogitatio-

505 4392 588 4452 nem,
614 4392 698 4455 quae
720 4392 778 4438 nos
801 4373 842 4438 de
865 4372 1015 4456 eligendo
1037 4378 1244 4457 praeceptore
1268 4370 1429 4436 sollicitat.
1470 4371 1497 4435 si
1519 4371 1619 4455 igitur
1640 4372 1755 4456 placet,
1782 4371 2003 4438 communibus
2018 4372 2134 4438 litteris

505 4475 546 4540 ab
575 4474 702 4541 inlustri
725 4476 793 4541 viro
817 4476 980 4561 praefecto
1003 4474 1168 4541 Hadriano
1192 4475 1323 4540 Gallum
1346 4475 1523 4557 rhetorem,
1557 4494 1651 4557 quem
1675 4475 1819 4560 proxime
1841 4475 2003 4540 Eusebius
2025 4482 2134 4540 noster

504 4578 702 4662 ingesserat,
734 4579 950 4662 postulemus,
983 4599 1025 4644 ne
1054 4580 1223 4664 pignorum
1252 4585 1431 4644 nostrorum
1453 4578 1579 4644 indoles
1600 4579 1634 4643 in
1657 4578 1802 4663 profectu
1825 4577 1930 4663 posita
1953 4578 2131 4644 deseratur.

505 4700 556 4746 me
579 4679 706 4747 futurae
729 4681 877 4747 editionis
899 4688 932 4748 et
953 4682 1044 4748 labor
1066 4687 1099 4748 et
1117 4688 1262 4766 sumptus
1277 4690 1416 4748 exercet.
1456 4682 1490 4747 in
1506 4681 1714 4766 disponendis
1730 4681 1815 4747 enim
1831 4680 1995 4766 praemiis,
2020 4702 2135 4765 quam-
2155 4700 2185 4741 ro

505 4803 602 4865 quam
616 4803 748 4850 numero
763 4784 900 4851 vestium
915 4785 994 4851 satis
1008 4784 1159 4866 adduam,
1179 4785 1334 4851 nonnulla
1347 4784 1454 4851 adbuc
1470 4785 1586 4851 deesse
1600 4785 1771 4870 apparatui
1787 4784 2004 4869 deprehendo.
2045 4785 2131 4851 vale.

593 5078 605 5153 1
625 5078 771 5129 redundatls
791 5081 836 5129 ΡΙ
851 5098 885 5132 m.
991 5083 1091 5131 eunctis
1109 5079 1179 5149 nota]
1197 5089 1288 5131 ourrcta
1307 5083 1329 5129 F
1429 5083 1556 5132 ediecesse
1574 5082 1620 5130 Pl
1635 5098 1669 5130 m.

591 5166 606 5215 5
625 5180 764 5226 symmacus
783 5167 806 5215 P
907 5167 924 5218 6
941 5166 970 5234 su
989 5169 1132 5217 suburbano
1151 5168 1174 5215 P
1276 5168 1290 5217 1
1309 5169 1444 5217 bantumnl
1465 5168 1511 5216 ΡΙ
1526 5183 1559 5217 m.
1667 5165 1683 5217 8
1702 5167 1918 5216 nommedlocriter
1929 5167 1953 5215 P
2057 5167 2089 5218 11
2106 5169 2135 5217 lu

505 5248 672 5318 noscentium]
691 5253 796 5314 leretur,
816 5255 985 5304 innocentiam
1004 5254 1050 5303 Pl
1064 5270 1111 5317 m„
1132 5256 1159 5303 in
1178 5254 1294 5303 notitiam
1313 5254 1408 5305 Pam.

595 5339 624 5388 15
642 5352 782 5398 symmacus
802 5339 825 5386 P
929 5340 960 5391 18
978 5342 1111 5404 perngrttls
1129 5342 1301 5403 ubiquesltorl
1320 5342 1367 5390 Pl
1381 5357 1414 5390 m.

591 5424 624 5473 25
642 5425 781 5487 admissum
794 5424 817 5472 P
918 5425 952 5475 to
970 5427 1122 5476 moestitudo
1137 5425 1200 5490 (Π),
1221 5423 1360 5495 ωιοειΙΝΝ
1372 5426 1395 5474 Ρ
1479 5423 1699 5495 pasllljltatlonem
1711 5426 1734 5474 P
1837 5425 1869 5476 27
1889 5421 2025 5494 preolltorc
2037 5426 2084 5475 Pl
2099 5441 2133 5476 m.

505 5512 534 5565 31
556 5514 647 5567 aduam
666 5511 763 5565 le.
