4686 6472
482 523 651 590 LXXXIV
1011 524 1277 582 cflssosocoars
1296 496 1589 582 senuncfflam.

525 810 529 816 .
569 749 598 832 3)
625 749 753 815 Titulus
779 750 976 816 Praetextati
1005 751 1197 836 sepulcralis
1225 752 1259 818 in
1287 751 1357 817 basi
1388 769 1508 837 magna
1536 772 1715 818 marmorea
1744 758 1870 837 reperto
1899 753 2032 818 Romae.
2080 754 2114 817 in

481 866 586 935 fronte
608 869 742 934 baseos:
768 871 845 953 ldis)
873 872 1052 957 manibus).
1106 876 1217 937 Vettius
1239 872 1371 957 Aponius
1397 878 1630 953 Praetentalus,
1656 894 1773 957 aupur,
1796 874 1967 956 p[o]utdem
1997 877 2112 953 Vestae,

479 990 620 1072 pontileec
643 991 769 1073 Sol[is],
795 992 1035 1073 quindecemoir,
1061 995 1192 1057 curialis
1214 995 1404 1077 Herc[u]lis,
1430 1003 1574 1058 sacratus
1597 994 1704 1057 libero
1725 1002 1753 1057 et
1774 995 1986 1077 Eleusi[nir]s,
2012 995 2115 1057 ltiero-

476 1110 613 1200 plicata,
639 1130 804 1192 neocorus,
830 1113 1069 1195 tauroboliatus,
1092 1122 1185 1197 pater
1204 1122 1343 1197 patrum.
1368 1151 1408 1161 —
1433 1118 1465 1178 in
1492 1116 1552 1199 [rle
1571 1115 1697 1198 publico
1719 1114 1835 1198 oer[o]:
1870 1124 2014 1198 quaestor
2036 1136 2112 1180 con-

480 1231 621 1311 dr'datuS,
644 1241 752 1314 pretor
774 1233 927 1311 urbanus,
953 1244 1106 1297 corrector
1132 1237 1256 1298 Tusciae
1278 1245 1306 1299 et
1335 1237 1486 1317 Vmbriae,
1512 1237 1687 1299 consularis
1710 1238 1906 1317 Lusitaniae,
1931 1239 2113 1319 proconsule

480 1349 624 1431 Achaiae,
647 1354 825 1435 praefectus
847 1354 928 1434 urbi,
955 1356 1072 1438 lepalus
1094 1376 1115 1418 o
1137 1365 1247 1419 senatu
1269 1360 1383 1420 missus
1405 1357 1501 1439 Vim,
1527 1358 1701 1439 praefectus
1720 1359 1877 1439 praetorio
1896 1359 1933 1419 ll
1953 1359 2062 1421 ltaliae
2085 1367 2113 1421 et

479 1473 611 1554 Iltprici,
645 1475 751 1537 consui
778 1475 958 1538 ordinarius
981 1476 1168 1559 desipnolus.
1201 1512 1246 1522 -
1274 1486 1302 1540 et
1323 1474 1438 1540 Aconia
1461 1478 1555 1540 Fabia
1580 1479 1711 1540 Paulina
1733 1477 1928 1561 citarissima)
1952 1477 2107 1561 aemma),
2320 1492 2321 1525 r

479 1600 606 1656 sacrata
630 1594 737 1657 Cereri
757 1602 785 1657 et
806 1596 989 1676 Eleusiniis,
1023 1605 1152 1659 sacrato
1173 1598 1257 1679 apud
1279 1599 1408 1681 Epinom
1430 1600 1577 1678 Hecatae,
1610 1598 1831 1679 taurobolioto,
1865 1598 2107 1679 hierophantria.

477 1713 511 1775 ln'
532 1716 685 1777 coniuncti
706 1716 798 1778 simul
820 1717 970 1779 viderunt
991 1716 1104 1801 andis)
1132 1721 1191 1782 XL.
2320 1710 2321 1773 Ὗ

565 1867 603 1933 In
626 1867 727 1934 lutare
749 1868 880 1935 dextro:
900 1873 1023 1935 ¹Vettius
1047 1869 1179 1956 Aporius
1204 1877 1419 1935 Praetentatus
1445 1874 1592 1936 Paulinae
1614 1876 1753 1957 contupi:

947 1993 1096 2071 Paulino,
1121 1995 1190 2055 veri
1210 2001 1238 2055 et
1260 1995 1409 2056 castitatis
1432 1996 1569 2071 conscia,

944 2095 1048 2158 dicata
1070 2096 1187 2176 templis
1210 2095 1319 2178 alpino)
1347 2098 1448 2158 amica
1469 2098 1646 2174 numinum,

944 2198 1005 2260 sibi
1025 2201 1172 2262 maritum
1191 2199 1389 2281 praeferens,
1414 2202 1538 2261 Romam
1561 2201 1644 2275 viro,

940 2302 1080 2382 pudens,
1101 2303 1219 2384 fidelis,
1241 2323 1327 2386 pura
1349 2310 1445 2365 mente
1467 2311 1495 2366 et
1517 2322 1660 2385 corpore,

944 2404 1074 2489 benipna
1096 2408 1229 2485 cunctis,
1254 2409 1339 2470 utilis
1359 2407 1522 2489 penatibus

566 2642 605 2708 Iu
627 2643 728 2709 latore
751 2643 895 2710 sinistro:
928 2649 1038 2709 Vettius
1061 2644 1194 2731 Aporlus
1219 2652 1436 2711 praeacutos
1462 2648 1608 2710 Paulinae
1631 2650 1770 2731 coniupi:

945 2767 1096 2844 Paulina,
1120 2770 1220 2830 nostre¹
1238 2771 1370 2849 pectoris
1393 2770 1541 2832 consortio

940 2869 1037 2950 fomes
1055 2870 1202 2951 pudoris,
1228 2873 1377 2934 castitatis
1399 2872 1555 2934 vinculum

943 2992 1089 3056 amorque
1109 2993 1209 3056 purus
1231 2983 1260 3037 et
1277 2975 1353 3056 fides
1375 2976 1457 3037 coelo
1480 2983 1566 3052 sata,

943 3097 1065 3140 arcana
1087 3080 1195 3141 mentis
1217 3080 1268 3142 cui
1288 3080 1412 3142 reclusa
1433 3079 1552 3142 credidi
1559 3128 1567 3157 ,

943 3199 1054 3243 munus
1077 3181 1217 3260 demum,
1243 3184 1298 3266 qui
1318 3183 1493 3245 maritalem
1514 3191 1615 3246 torum

942 3291 1065 3345 nectunt
1086 3286 1194 3347 amicis
1217 3293 1246 3347 et
1263 3286 1386 3366 pudicis
1408 3284 1542 3349 neocibus

939 3387 1051 3467 pietate
1073 3390 1202 3463 matris,
1228 3389 1383 3473 coniupoli
1402 3390 1523 3472 pratia,

942 3508 1029 3551 neocu
1051 3493 1185 3569 sororis,
1207 3493 1291 3573 filiae
1312 3493 1476 3570 modestia,

943 3601 972 3655 et
992 3602 1109 3675 quanta
1131 3598 1237 3658 amicis
1262 3597 1418 3681 iunpimur
1436 3596 1567 3677 fiducia,

943 3700 1053 3760 aetatis
1075 3718 1135 3762 usu
1157 3700 1359 3763 consecrandi
1376 3699 1516 3780 foedere,

944 3802 1010 3883 iupi
1026 3801 1111 3881 fideli
1131 3804 1264 3884 simplici
1284 3804 1447 3866 concordia

945 3904 1056 3966 iuvans
1078 3906 1242 3983 maritum,
1268 3906 1414 3988 dilipens,
1439 3925 1573 3983 ornans,
1598 3909 1709 3970 colens.

564 4035 603 4101 In
625 4041 716 4120 parto
737 4036 878 4125 postica:

892 4158 1054 4242 Sple]ndor
1074 4170 1239 4241 parentum
1261 4163 1307 4226 nil
1329 4162 1404 4225 milri
1425 4166 1525 4226 maius
1548 4164 1646 4241 dedit,

892 4264 994 4345 quam]
1020 4264 1099 4345 quod
1120 4266 1231 4327 marito
1254 4265 1349 4349 dipno
1371 4268 1432 4328 iam
1455 4274 1518 4329 tum
1540 4270 1716 4345 crsasum,

891 4363 957 4447 se]d
979 4366 1079 4428 lumen
1102 4386 1188 4430 omne
1209 4369 1259 4430 oei
1281 4369 1371 4432 decus
1394 4389 1501 4432 nomen
1525 4372 1605 4448 oiri,

890 4466 1002 4551 Apori,
1028 4470 1157 4551 superbo
1180 4473 1234 4554 qui
1255 4481 1377 4535 creatus
1399 4474 1535 4556 permine

887 4573 1026 4653 patriam
1048 4580 1188 4636 senatum
1209 4574 1442 4658 coninpemqine]
1470 4577 1637 4639 inluminas
1729 4618 1742 4631 ι

886 4674 1037 4757 probitate
1059 4678 1167 4739 mentis
1190 4678 1327 4740 moribus
1350 4679 1459 4741 studiis
1482 4681 1592 4756 simul,

889 4780 1012 4841 virtutis
1035 4781 1151 4862 apicem
1173 4789 1242 4862 puts
1265 4801 1441 4863 supremum
1463 4791 1593 4846 nanctus
1615 4803 1658 4849 es.

890 4890 1092 4966 lunamque,
1118 4885 1267 4967 quidquid
1289 4887 1396 4969 linpua
1417 4886 1568 4969 arrodere)
1595 4896 1640 4950 est
1657 4888 1815 4969 proditum

891 5005 970 5048 curu
992 4985 1144 5066 solorum,
1168 4997 1259 5070 porta
1281 4998 1351 5071 quls
1374 4992 1452 5053 coeli
1468 4999 1570 5072 patet,

890 5089 938 5151 uel
960 5107 1039 5171 quae
1058 5093 1153 5172 periti
1173 5092 1334 5155 condidere
1356 5095 1516 5169 carmina,

891 5192 938 5254 vel
960 5211 1038 5274 quae
1060 5194 1167 5257 solutis
1190 5195 1313 5258 vocibus
1336 5204 1409 5259 sunt
1430 5196 1529 5274 edita,

889 5295 1017 5358 meliora
1039 5297 1144 5359 reddis
1167 5316 1258 5379 quom
1280 5300 1402 5381 lependo
1425 5319 1614 5382 sumpseras.

890 5398 944 5460 sed
966 5399 1026 5460 isto
1045 5418 1168 5479 parva:
1193 5408 1227 5461 tu
1247 5403 1318 5482 pius
1341 5401 1472 5485 m[p]stes
1494 5404 1595 5466 sacris

889 5502 984 5563 teletis
1007 5511 1131 5584 reperta
1153 5506 1261 5566 mentis
1283 5526 1399 5568 arcano
1419 5508 1536 5588 premis

890 5604 1054 5688 diuumque
1076 5626 1188 5668 numen
1210 5609 1374 5691 multiplea
1396 5610 1501 5673 doctus
1522 5612 1612 5685 colis,

889 5706 1002 5769 socium
1025 5707 1150 5792 benipne
1172 5713 1327 5794 caniupem
1348 5721 1468 5777 nectens
1491 5717 1591 5777 sacris

889 5811 1043 5873 lominum
1066 5813 1212 5897 dmmqm
1234 5818 1385 5878 consciam
1409 5837 1445 5879 ac
1464 5818 1559 5898 fidam
1582 5817 1645 5879 tibi.
