4716 6476
463 1011 501 1074 Π

1115 484 1311 540 SYldllACIII
1329 484 1541 540 EPISTVLAE

1243 847 1413 912 XXXVII.

1166 1001 1493 1068 CHRYSOCOMAE.

604 1180 751 1244 Proxime
780 1178 950 1263 penatibus
980 1177 1061 1242 meis
1088 1176 1234 1242 redditus
1257 1174 1353 1239 ctiam
1378 1192 1461 1238 nunc
1483 1180 1514 1238 te
1537 1179 1643 1237 mente
1665 1180 1697 1238 et
1720 1172 1912 1256 cogitatione
1934 1172 2070 1257 respicio
2092 1179 2139 1236 at-

518 1303 580 1366 quc
603 1303 728 1348 omnem
750 1282 841 1347 illam
863 1280 1111 1359 iucunditatem,
1138 1299 1234 1362 quam
1258 1298 1363 1342 coram
1387 1276 1427 1341 de
1451 1296 1596 1341 sermone
1618 1283 1673 1341 tuo
1696 1275 1859 1356 hucusque
1884 1276 2050 1360 capiebam
2076 1325 2136 1339 ...

522 1437 527 1448 .
550 1436 585 1449 ..
611 1386 775 1469 voluptate
798 1404 970 1468 conpensu.
1011 1383 1061 1447 cui
1085 1383 1113 1447 si
1136 1389 1246 1446 mutua
1269 1401 1347 1445 cura
1370 1378 1581 1463 responderit,
1608 1399 1679 1443 cnm
1700 1385 1820 1444 tantam
1842 1380 1920 1443 mihi
1940 1378 2048 1443 delata
2063 1377 2169 1442 ami-s

519 1489 614 1553 eitiae
637 1488 767 1573 scriptio
789 1488 925 1571 gratiam
948 1486 1077 1568 tribuat,
1104 1493 1222 1567 quanto
1245 1484 1385 1568 amplius
1409 1484 1512 1547 relata
1533 1482 1725 1567 praestabit!
1944 1482 1947 1491 ’

1237 1706 1423 1771 XXXVIII.

1181 1862 1240 1926 AD
1264 1860 1482 1927 ROMVLVM.

608 2039 705 2102 Salus
735 2038 877 2121 pignoris
907 2037 1083 2101 communis
1112 2034 1145 2100 in
1174 2041 1241 2099 tuto
1272 2040 1338 2116 est,
1379 2034 1470 2098 euius
1500 2032 1608 2098 studia
1637 2034 1845 2098 sollicitudini
1875 2054 1966 2099 meae
1997 2033 2144 2117 delegata

521 2142 696 2226 proficient.
744 2162 834 2207 meae
865 2161 990 2223 quoque
1016 2139 1211 2204 valetudinis
1240 2146 1309 2204 estu
1339 2157 1470 2203 securus
1501 2143 1533 2201 et
1562 2136 1604 2200 ad
1627 2138 1729 2202 vicem
1752 2138 1863 2202 talium
1886 2136 2069 2202 nuntiorum
2092 2157 2144 2201 on·
2163 2162 2190 2201 ro

522 2265 590 2308 ram
613 2245 653 2309 de
675 2252 706 2309 tc
731 2266 834 2310 meam
857 2244 1017 2309 similibus
1039 2243 1171 2307 absolve
1193 2242 1366 2327 responsis.

1233 2465 1437 2530 XXXVIIII.

1154 2622 1217 2687 AD
1240 2619 1518 2685 DYNAMIVM.

610 2793 709 2871 Queri
740 2795 781 2860 de
812 2794 941 2860 silentio
970 2814 1041 2858 meo
1072 2815 1135 2881 upn
1163 2800 1271 2878 potes,
1306 2792 1359 2875 qni
1390 2792 1469 2856 uihil
1499 2791 1685 2875 scriptorum
1711 2791 1787 2855 mihi
1810 2792 1976 2876 hueusque
1998 2792 2146 2858 tribuisti.

526 2897 583 2962 sed
606 2898 633 2961 si
658 2898 764 2962 simile
788 2898 854 2962 stili
878 2897 1034 2982 opperiris
1057 2896 1254 2981 auspicium,
1289 2915 1380 2960 sume
1403 2895 1585 2978 exemplum
1608 2894 1751 2976 religiosi
1774 2895 1890 2977 officii,
1924 2894 2010 2976 qued
2032 2894 2150 2960 debeas
2169 2919 2199 2958 rs

526 3001 692 3065 aemulari.
732 3022 787 3066 ero
810 3000 963 3084 deinceps
984 2999 1026 3064 ad
1049 2998 1262 3064 exercendum
1285 2998 1394 3062 stilum
1418 2998 1599 3082 promptior,
1627 2997 1654 3061 si
1677 3017 1728 3061 me
1752 2995 1854 3062 fructu
1878 2998 1978 3063 mutui
1997 2999 2150 3064 sermonis

526 3123 728 3168 animaverrs.

1269 3324 1410 3389 XXXX.

1179 3479 1238 3543 AD
1265 3478 1500 3544 AVEN'IIVM.

615 3652 835 3718 Secessioncm
865 3660 952 3717 tuam
976 3651 1072 3717 etiam
1095 3652 1211 3718 tacitus
1234 3650 1422 3735 adprobavi.
1471 3672 1544 3714 narn
1568 3671 1638 3715 cnm
1662 3649 1893 3718 interveniente
1916 3654 2078 3720 discordia
2101 3675 2154 3720 su·
2173 3675 2202 3716 ro

529 3756 647 3840 premis
670 3754 840 3839 congeneri
862 3753 1019 3820 interesse
1041 3776 1104 3820 non
1127 3775 1250 3839 posses,
1277 3761 1401 3819 maesta
1423 3753 1618 3838 profectione
1641 3755 1730 3820 visus
1752 3775 1787 3819 es
1810 3756 2007 3822 satisfecisse
2030 3758 2152 3843 pietati.

527 3859 598 3944 ipse
620 3866 773 3942 qnantum
797 3857 859 3923 ciri
881 3857 1026 3942 optimati
1048 3858 1154 3924 fuerat
1176 3857 1402 3938 deferendum,
1436 3856 1542 3922 triduo
1565 3856 1650 3922 domi
1674 3867 1885 3925 commoratus
1907 3860 2060 3945 implevi,
2094 3881 2155 3926 non

528 3959 648 4026 famam
670 3969 817 4046 captans,
843 3960 902 4025 sed
923 3960 1083 4027 humanae
1105 3961 1253 4028 fortunae
1276 3961 1363 4027 vices
1386 3960 1544 4043 cogitans.
1592 3961 1672 4044 quid
1695 3962 1781 4027 enim
1805 3970 1869 4028 tam
1893 3963 2085 4030 rationabile
2108 3972 2157 4030 est

529 4084 624 4146 qnam
646 4064 787 4130 tribuere
810 4064 967 4148 collegae,
993 4065 1079 4147 qnod
1102 4065 1160 4131 tibi
1183 4064 1375 4149 quandoque
1398 4063 1497 4128 bonos
1520 4065 1633 4149 cupias
1657 4065 1833 4132 exhiberet

1265 4288 1423 4354 XXXXI.

1168 4443 1227 4509 AD
1250 4443 1515 4509 ANTIOOHVM.

616 4614 711 4681 Nunc
738 4614 874 4700 primam
902 4615 1032 4681 honoris
1054 4615 1153 4681 limen
1174 4616 1358 4699 ingressus,
1391 4616 1485 4681 nimis
1509 4616 1667 4682 inmature
1689 4615 1863 4682 adventum
1886 4619 2081 4684 successoris
2103 4639 2159 4684 cx-

531 4727 634 4805 0ptas.
686 4738 825 4804 agnosco
846 4719 1070 4805 inpatientiam
1094 4720 1227 4785 Graecis
1250 4720 1375 4785 deliciis
1398 4728 1635 4803 congruentem,
1662 4741 1756 4801 quum
1779 4720 1876 4784 velim
1899 4728 1963 4786 toto
1986 4722 2063 4787 anni
2086 4722 2159 4788 orbe

531 4822 717 4889 dissimules
744 4842 784 4888 ac
809 4831 841 4888 te
864 4823 1021 4907 migrasse
1043 4824 1076 4888 in
1100 4824 1201 4889 tribus
1225 4824 1396 4888 Romuleas
1419 4824 1607 4889 recorderis.
1654 4823 1732 4905 quid
1755 4824 1840 4889 enim
1863 4824 1998 4908 dignum
2021 4845 2160 4908 conque-

619 5101 634 5151 2
653 5103 791 5152 Crtsooomc
812 5101 865 5165 (Π)
1006 5101 1022 5151 d
1041 5099 1152 5168 omnem]
1170 5104 1237 5150 amni
1257 5100 1283 5149 Γ
1417 5104 1544 5166 capiebam
1563 5104 1695 5165 uoluptate
1717 5102 1781 5165 (Π),
1805 5104 1935 5165 capiebam
1954 5105 2111 5167 uoluptatem
2129 5099 2158 5161 Γ,

532 5190 634 5251 supple:
652 5191 707 5238 atlll
723 5190 763 5237 uel
780 5189 860 5237 simite
878 5188 938 5250 qaid
1095 5190 1109 5237 5
1129 5204 1185 5237 oum
1203 5185 1311 5254 tantam]
1330 5189 1437 5253 Lectius,
1459 5197 1512 5239 tum
1531 5197 1601 5239 tanta
1620 5188 1696 5253 llll)
1856 5189 1872 5239 θ
1890 5196 1949 5238 tuac
1964 5197 2021 5252 post
2039 5190 2160 5239 amicitiae

534 5279 608 5324 inser.
630 5272 656 5323 Γ
757 5273 865 5343 tribnat]
883 5273 914 5335 Γ,
936 5276 1031 5324 tribnat
1050 5275 1101 5338 (Π)

620 5361 636 5411 8
654 5362 726 5410 butus
743 5364 862 5423 eptstulos
879 5378 931 5413 nors
949 5367 1081 5424 supersunt
1100 5365 1126 5409 trs
1143 5361 1167 5409 P
1182 5364 1231 5410 atsi
1248 5361 1322 5410 base:
1343 5364 1374 5412 la
1392 5400 1398 5413 .
1417 5400 1445 5414 ..
1468 5365 1492 5411 le
1511 5400 1517 5413 .
1535 5400 1564 5413 ..
1584 5363 1647 5411 llum

622 5446 652 5496 13
671 5445 782 5513 Jssssflfu
801 5449 830 5510 P,
850 5450 946 5511 reliqua
964 5450 1068 5510 epistula
1084 5451 1166 5511 periit,
1187 5449 1307 5497 Dunanin
1327 5450 1387 5512 (Π),
1408 5464 1456 5498 om.
1472 5447 1527 5512 (Γ),
1548 5451 1672 5510 Dynamio
1691 5450 1807 5498 Lutiatus
1939 5450 1971 5499 15
1989 5447 2084 5517 simile]
2102 5448 2158 5511 (11),

534 5533 595 5593 sort.
615 5536 703 5583 timida
720 5540 764 5583 cut
781 5537 901 5583 sollemne
1006 5537 1132 5596 relligioni
1152 5535 1206 5597 (II)

623 5619 654 5669 19
672 5620 701 5668 ad
721 5623 851 5670 anentlnm
869 5621 950 5669 denuo
968 5623 1042 5682 incip.
1064 5621 1087 5668 P
1207 5620 1237 5671 21
1259 5635 1330 5683 pesas
1349 5628 1445 5685 emesta
1463 5623 1486 5670 P
1597 5624 1669 5672 utana
1687 5637 1715 5670 cs
1734 5619 1900 5691 satiateclsse]
1921 5624 2025 5683 Iuratus,
2046 5624 2107 5671 nisu
2124 5633 2162 5667 sc·

536 5707 602 5754 natis
621 5708 710 5755 tecleae
729 5707 752 5754 P

623 5791 705 5842 26a1
722 5793 886 5842 anthiochum
906 5792 928 5839 P
1030 5794 1062 5843 28
1081 5791 1167 5860 quam]
1186 5795 1323 5855 Scioppius,
1344 5808 1394 5855 qua
1413 5792 1443 5855 Γ,
1464 5811 1479 5843 a
1496 5809 1545 5858 qua
1564 5794 1586 5842 P
