4746 6472
480 481 521 541 52
1084 476 1282 533 suuuncul
1299 474 1509 532 EPISTVLAE

351 668 465 730 PVM
479 668 571 752 parvi
600 668 734 751 agelluli
763 667 940 732 retentione
967 667 1117 748 recessit,
1150 686 1221 732 cum
1249 666 1299 731 illi
1328 672 1395 732 tota
1423 665 1633 731 mulierculae
1661 666 1896 752 promitteretur
1923 665 2113 731 hereditas?

479 791 554 836 uam
583 770 745 837 referendi
774 771 855 836 haec
884 771 954 835 sola
976 768 1138 854 praefecto
1160 768 1249 834 urbis
1271 769 1353 834 ratio
1376 768 1453 847 fuit,
1487 788 1551 834 non
1574 776 1608 834 ut
1630 776 1831 854 receptarum
1852 768 2111 853 appellationum

479 893 615 959 poenam
638 873 769 939 Siciliae
791 879 894 938 rector
915 872 1104 952 exsolveret,
1135 870 1195 937 sed
1217 877 1253 937 ut
1273 871 1422 937 iniuriam
1444 891 1536 936 suam
1558 872 1643 936 sacri
1664 870 1814 937 auditorii
1836 871 1981 954 cognitor
2001 870 2112 935 vindi-

440 980 458 1039 3
481 985 581 1042 caret.
619 996 721 1064 'nune
749 976 976 1043 rescriberetur
1002 976 1036 1040 in
1065 993 1197 1041 oausam
1226 983 1299 1059 post
1324 975 1490 1040 victoriam
1520 994 1625 1040 meam
1654 981 1764 1040 eoutm
1792 974 1984 1041 senteutiam
2012 993 2112 1060 prae-

424 1090 445 1167 p
479 1080 640 1160 secturae,
673 1078 725 1145 eui
746 1098 822 1164 pars
844 1078 982 1144 adversa
1003 1079 1179 1159 consentit,
1205 1078 1235 1144 si
1256 1078 1370 1144 relatio
1392 1077 1436 1143 ad
1457 1078 1616 1143 fomunam
1637 1077 1759 1161 negotii
1780 1078 1954 1164 pertineret
1975 1085 2008 1143 et
2029 1096 2111 1162 sup-
2134 1093 2149 1131 ⁵

437 1210 456 1241 e
478 1184 643 1267 plemeuta
664 1183 717 1249 vel
740 1182 944 1265 refutatorios
966 1181 1131 1265 iurgantes
1155 1180 1332 1247 dedissent.
1376 1200 1464 1265 rogo,
1491 1179 1532 1246 de
1554 1180 1671 1264 quibus
1693 1180 1873 1246 actionibus
1894 1180 2111 1247 iudicabitur?

479 1305 561 1367 quas
588 1286 622 1351 iu
645 1285 757 1351 Sicilia
786 1292 860 1370 post
888 1284 1141 1369 appellationem
1165 1304 1270 1348 meam
1291 1302 1368 1368 pars
1389 1268 1455 1348 una
1477 1283 1696 1368 deprompsit?
1731 1284 1848 1366 quibus
1870 1283 2109 1368 tyrannicorum

478 1395 657 1474 temporum
684 1395 778 1472 gesta
806 1388 929 1453 sociata
957 1392 1054 1451 sunt‘l
1089 1386 1170 1450 tanti
1196 1392 1246 1450 est
1266 1384 1391 1450 invidia
1412 1385 1475 1451 mei
1497 1391 1530 1451 et
1551 1393 1645 1469 grata
1667 1393 1718 1452 est
1738 1385 1901 1469 aliquibus
1923 1393 2033 1451 nostra
2054 1405 2109 1450 re-

439 1491 673 1576 eprehensio?
705 1491 785 1556 cede
812 1489 1053 1556 adversantium
1081 1489 1241 1555 voluntati
1269 1496 1302 1555 et
1330 1488 1457 1554 dominc
1479 1496 1587 1555 nostro
1608 1488 1819 1555 invictissimo
1841 1488 1979 1574 principi
2000 1489 2110 1554 Thec-

479 1595 571 1660 dosio
593 1614 720 1679 semper
741 1596 887 1678 Augusto
909 1593 1044 1676 dignare
1067 1611 1259 1676 suggerere,
1292 1608 1356 1658 non
1384 1592 1486 1677 pluris
1515 1591 1603 1677 apud
1632 1613 1684 1658 me
1712 1592 1842 1658 divitias
1872 1593 1981 1658 valere
2010 1611 2107 1674 quam
2135 1608 2166 1647 ¹⁰

480 1696 609 1761 famam.
663 1698 781 1763 bonum
811 1697 852 1762 de
880 1715 931 1761 me
958 1695 1113 1761 iudicium
1142 1695 1284 1780 parentis
1313 1694 1434 1780 publici
1462 1696 1696 1761 conservatoris
1724 1694 1789 1761 mei
1817 1695 1920 1761 cnivis
1948 1701 2108 1780 antepono

479 1800 682 1885 patrimonio.
730 1800 758 1865 si
780 1800 904 1884 placet,
936 1806 972 1865 ut
993 1798 1079 1864 omui
1101 1817 1175 1863 mea
1196 1797 1392 1863 hereditaria
1413 1798 1617 1883 possessione
1639 1797 1812 1879 decedam,
1844 1798 1898 1863 lex
1928 1797 2007 1862 milri
2032 1798 2104 1880 erit,

478 1902 634 1987 quidquid
655 1902 795 1968 omnium
818 1900 967 1968 dominus
989 1902 1118 1987 placata
1139 1901 1327 1967 auctoritate
1350 1901 1521 1966 censuerit.
1824 1960 1828 1967 .

345 2006 458 2069 XXXI
567 2005 828 2072 SYMMACHVS
856 2004 942 2071 Huc
972 2005 1095 2069 MANV
1124 2003 1206 2069 SVA
1234 2004 1400 2069 SVBTER
1419 1988 1621 2070 'uulucluz
1654 2002 1728 2069 Scio
1749 2011 1782 2069 te
1804 2003 1942 2069 amicum
1964 2003 2107 2069 iustitiae

480 2116 513 2173 et
540 2116 703 2174 amantem
730 2108 810 2189 mei,
845 2116 878 2173 ct
905 2127 1035 2191 vereor,
1067 2125 1108 2172 ne
1134 2107 1293 2191 suscipias
1315 2107 1416 2172 ullum
1439 2127 1497 2191 pro
1519 2106 1663 2172 absentis
1685 2106 1925 2172 existimatione
1946 2112 2107 2172 ceuamen
2132 2125 2164 2163 ¹⁵

480 2218 577 2293 atque
599 2211 633 2276 in
655 2219 687 2277 te
709 2211 819 2294 aliqua
841 2211 915 2276 odia
938 2211 1138 2294 detorqueas.
1185 2216 1260 2294 peto
1282 2209 1389 2293 igitur,
1415 2215 1451 2275 ut
1472 2208 1631 2291 quiescas.
1673 2209 1733 2275 erit
1754 2209 1890 2274 fortasse
1912 2209 2007 2294 copia
2028 2208 2107 2274 milri

480 2313 679 2379 adserendae
708 2314 899 2398 quandoque
928 2313 1016 2398 apud
1045 2320 1210 2379 aeternum
1237 2312 1414 2397 principem
1436 2311 1598 2377 domiuum
1621 2319 1762 2378 nostrum
1785 2312 1999 2379 Theodosium
2022 2311 2108 2377 veri-

480 2417 573 2494 tatis,
607 2417 698 2482 cuius
721 2436 799 2500 erga
821 2438 872 2482 me
896 2417 989 2482 favor
1011 2415 1105 2498 fecit,
1131 2421 1167 2480 ut
1188 2414 1311 2498 aliquid
1332 2415 1461 2480 interim
1483 2416 1649 2481 moliretur
1669 2415 1803 2481 invidia.
1850 2436 1915 2480 uon
1937 2423 2013 2500 puto
2035 2435 2106 2480 eam

480 2540 598 2586 causae
620 2541 712 2586 meae
734 2520 827 2586 bouis
849 2520 1046 2604 temporibus
1068 2518 1286 2584 condicionem
1309 2518 1464 2599 futuram,
1491 2538 1575 2600 quae
1598 2518 1658 2583 sub
1680 2525 1816 2601 tyranno
1838 2518 1915 2599 fuir,
1941 2518 2031 2582 cuius
2053 2517 2109 2583 lit-

479 2622 557 2688 teris
586 2622 629 2687 ad
657 2622 835 2688 Marcellini
865 2622 1105 2707 suggestionem
1137 2622 1222 2687 datis
1253 2621 1398 2687 homines
1427 2641 1517 2687 meos
1546 2622 1612 2688 scis
1641 2641 1714 2687 esse
1742 2622 1904 2688 multatos.
1959 2620 2045 2704 quod
2073 2621 2108 2686 in
2128 2637 2161 2678 ²⁰

480 2725 669 2811 panegyrici
692 2725 878 2792 defensione
900 2746 963 2791 non
985 2724 1081 2791 tacui.

1146 3048 1276 3116 XXXII
1305 3072 1337 3116 a.
1356 3053 1441 3115 389⁶?

947 3188 1207 3254 SYMMACHVS
1228 3187 1447 3254 FLAVIANO
1470 3188 1639 3252 FRATRI.

567 3360 693 3425 Reddet
715 3361 775 3425 tibi
798 3362 920 3426 litteras
944 3379 1043 3440 meas,
1069 3361 1125 3443 qui
1148 3366 1221 3425 tuas
1243 3360 1322 3425 milri
1341 3360 1453 3426 debuit
1467 3358 1637 3440 exhibere;
1664 3360 1868 3441 nequeenim
1885 3360 2109 3425 nobiseadem

482 3463 602 3529 silentii
631 3464 813 3547 excusatio,
847 3485 929 3547 quae
958 3462 1017 3528 tibi
1048 3463 1200 3548 suppetit.
1247 3471 1280 3528 te
1309 3464 1478 3546 multiplex
1504 3469 1632 3528 actuum
1654 3462 1852 3548 publicorum
1875 3483 1952 3527 cura
1974 3463 2112 3528 circum·
2132 3482 2164 3523 aa

482 3573 589 3644 sonat;
624 3587 686 3651 ego
708 3568 750 3633 ab
772 3567 911 3651 negotiis
934 3566 1083 3631 omnibus
1105 3566 1241 3631 feriatus
1265 3567 1355 3631 triste
1378 3566 1477 3631 otium
1501 3572 1586 3645 tero,
1619 3572 1651 3630 et
1679 3564 1764 3647 quod
1785 3565 1833 3631 tui
1855 3565 1984 3630 honoris
2006 3566 2114 3649 gratia

481 3675 557 3733 ante
578 3669 747 3749 faciebam,
774 3690 859 3735 nune
880 3691 952 3736 mec
973 3668 1109 3734 adsumo
1132 3669 1262 3733 solacio.
1304 3670 1430 3735 levatur
1451 3668 1569 3753 quippe
1584 3665 1785 3751 aegritudine
1800 3668 1938 3749 animus,
1963 3668 2113 3751 quotiens

479 3773 514 3836 in
543 3773 651 3837 cilicia
679 3773 786 3838 amica
815 3761 973 3857 dirigitur.
1022 3792 1073 3837 me
1103 3792 1143 3838 ex
1172 3792 1249 3837 vero
1280 3792 1341 3836 uon
1370 3770 1414 3837 ad
1442 3772 1578 3855 gratiam
1609 3791 1714 3837 meam
1738 3772 1842 3855 loqui,
1875 3771 2015 3837 secessio
2038 3790 2113 3836 mea

442 3876 576 3941 ttestis
598 3882 658 3941 est.
705 3896 779 3940 uam
808 3897 881 3941 cum
909 3874 1018 3940 dolore
1050 3875 1180 3939 saucius
1202 3881 1401 3957 aestuarem,
1435 3874 1545 3940 sedem
1567 3875 1716 3940 dominae
1737 3895 1829 3940 meae
1851 3874 2029 3941 communis
2051 3895 2113 3959 pa-

481 3978 580 4044 rentis
601 3979 696 4063 quasi
717 3978 829 4044 fanum
851 3977 983 4059 aliquod
1006 3977 1059 4043 dei
1082 3978 1234 4041 salutaris
1256 3977 1391 4042 accessi.
1438 3997 1522 4042 nuuc
1552 3998 1592 4043 ex
1623 3978 1693 4043 eius
1719 3977 1854 4043 consilio
1875 3977 1909 4041 in
1931 3977 2112 4043 cicatricem
2133 4000 2165 4038 so

481 4082 599 4148 vulnus
635 4102 742 4147 meum
779 4081 937 4147 convenit.
994 4081 1084 4146 illius
1121 4079 1294 4164 adquiesco
1330 4080 1476 4162 monitis,
1517 4101 1558 4146 ex
1591 4081 1681 4146 illius
1710 4101 1770 4165 ope
1799 4080 1933 4165 respiro.
1991 4079 2113 4145 adsunt

480 4185 577 4251 etiam
600 4191 727 4251 ceterae
750 4183 951 4250 venerabiles
973 4184 1230 4250 necessitudines
1251 4191 1348 4265 tuae,
1375 4190 1408 4249 et
1426 4185 1515 4265 ,quod
1538 4204 1587 4249 me
1609 4204 1688 4269 prae
1710 4183 1825 4249 ceteris
1847 4184 1947 4266 iuvat,
1973 4183 2021 4248 tui
2044 4190 2112 4249 cot-

481 4287 559 4352 tidie
588 4286 740 4352 blandam
771 4287 1099 4352 commemorationem
1130 4306 1234 4352 sermo
1263 4292 1371 4352 nostor
1399 4293 1539 4352 exercet.
1585 4307 1650 4370 qua
1678 4285 1719 4352 de
1750 4306 1784 4352 re
1806 4285 1890 4352 intra
1911 4286 2111 4371 Campaniae

480 4391 633 4456 terminos
655 4389 756 4454 maior
777 4389 856 4453 mihi
878 4410 955 4474 pars
977 4391 1110 4455 aestatis
1132 4390 1318 4474 agitabitur,
1344 4389 1473 4472 quando
1496 4397 1528 4455 et
1549 4389 1732 4475 praesentia
1753 4390 1892 4474 placent,
1918 4397 1951 4455 et
1972 4410 2012 4456 ea
2033 4408 2111 4455 con-

570 4737 767 4786 ireteutionem
786 4735 832 4784 Pl
848 4738 922 4785 m.V
1007 4738 1084 4785 cessit
1102 4736 1231 4798 Scioppius
1317 4732 1517 4802 promitteretur]
1535 4737 1640 4795 Lectius,
1661 4737 1864 4798 praemitteretur
1879 4737 1931 4798 PV,
1951 4738 2110 4799 permittere·

481 4831 523 4871 tur
542 4822 570 4869 M
701 4822 859 4884 Ipraeiecta
882 4824 907 4881 V,
930 4825 1039 4886 prolecto
1058 4802 1176 4872 Pam.'
1275 4824 1343 4871 orbis
1364 4823 1387 4870 P
1517 4822 1670 4871 iauditoris
1689 4822 1712 4869 P
1840 4821 1942 4871 inune
1960 4825 2109 4871 rescribere-

481 4917 523 4957 tur
539 4923 588 4957 orn,
609 4909 656 4957 VIII
758 4910 877 4971 sortasse:
903 4924 971 4957 nunc
995 4911 1147 4958 rescribetur
1170 4913 1197 4958 iu
1215 4924 1315 4958 causum
1334 4915 1390 4970 post
1410 4910 1541 4957 uictoriam
1559 4923 1640 4957 meum
1658 4913 1743 4957 contra
1760 4910 1911 4957 senteutiam
1929 4911 2109 4971 praefecturae,

481 4995 522 5043 oui
541 5009 597 5056 pars
615 4997 718 5046 aduersa
734 4996 869 5056 rouseutlt,
890 4997 961 5057 quasi
981 4996 1068 5043 relatio
1087 4995 1116 5043 ad
1134 4998 1260 5044 fortunam
1275 4996 1370 5055 negotii
1383 4997 1522 5057 pertineret
1534 4999 1557 5042 ct
1568 5012 1591 5058 q.
1605 5008 1625 5042 o.
1733 4994 1748 5043 5
1767 5001 1793 5043 et
1811 5009 1858 5044 orn.
1878 4994 1950 5043 Vsu
2051 5010 2111 5058 sup-

481 5081 603 5142 plimeuts
622 5081 716 5130 le.
824 5077 1031 5147 brelututcrios]
1049 5083 1156 5143 lurotu,
1177 5082 1342 5144 reputaturics
1357 5080 1431 5127 PVM
1536 5080 1822 5143 represserint
1926 5080 1954 5130 11
1976 5083 2047 5129 euius
2064 5080 2112 5128 VM

485 5167 514 5216 1⁸2
534 5169 601 5216 omni
613 5165 679 5235 mea]
698 5167 722 5216 Φ
734 5172 757 5215 et
768 5170 796 5217 iu
808 5182 858 5216 ruo.
874 5167 910 5229 M,
929 5181 1028 5216 omnem
1041 5169 1091 5216 mel
1108 5169 1134 5228 V,
1157 5169 1270 5217 homiues
1283 5169 1332 5216 mel
1346 5165 1399 5229 ΡΓ,
1419 5168 1527 5215 bominis
1540 5167 1589 5215 mel
1608 5166 1745 5215 Mommsen
1848 5164 2012 5234 hereditario]
2031 5165 2107 5228 Pru,

481 5254 657 5317 bereditarium
677 5254 711 5315 ur,
731 5254 908 5302 hereditariam
933 5255 953 5301 V
1071 5249 1240 5320 possessione]
1258 5252 1343 5315 Fors,
1363 5253 1547 5316 possessiouem
1567 5252 1597 5316 P,
1617 5254 1799 5315 possessionem
1819 5250 1880 5306 11111
1904 5254 1923 5300 V
2037 5254 2110 5301 decu-

481 5337 550 5407 dam]
568 5339 677 5403 PVMu),
696 5341 819 5388 decedant
837 5337 864 5387 Γ
966 5340 996 5389 13
1015 5341 1072 5389 uale
1089 5340 1147 5388 odd.
1167 5340 1217 5388 VM

569 5425 600 5475 14
618 5427 783 5485 Symmachus
799 5453 835 5463 —
852 5424 956 5493 adiecit]
975 5425 1027 5487 ΡΓ,
1046 5442 1094 5475 om.
1114 5425 1163 5472 VM
1277 5426 1318 5474 bie
1336 5424 1364 5474 Γ
1474 5439 1577 5484 uranum
1595 5424 1618 5471 P
1740 5423 1771 5473 19
1789 5425 1960 5473 conditionem
1979 5424 2025 5473 Pl
2039 5440 2073 5473 m.

481 5509 539 5579 sub]
558 5513 611 5560 still
627 5514 654 5574 (l)
672 5513 718 5560 Pl
732 5529 766 5561 m.
873 5510 907 5562 211
926 5515 976 5562 sois
994 5509 1062 5578 esse]
1081 5514 1159 5561 scisse
1177 5512 1224 5559 Pr
1240 5529 1274 5561 m.
1382 5511 1412 5560 21
1433 5513 1491 5560 urie
1509 5510 1567 5560 odd.
1588 5510 1637 5558 VM

568 5597 601 5646 23
619 5613 667 5651 om.
684 5599 727 5646 Vl*
827 5598 973 5659 uegetos
1076 5597 1108 5647 27
1128 5597 1263 5646 leuatusP
1365 5597 1554 5659 asportans
1657 5597 1690 5647 30
1708 5597 1850 5658 accessitP
1950 5593 1991 5663 ln]
2008 5596 2079 5644 aul'

482 5686 578 5734 uulnus
596 5700 680 5734 meum
699 5688 725 5733 iu
745 5686 884 5734 cicatrloem
903 5686 926 5731 F
1027 5680 1383 5750 310p0]1>am.u,0pero
1401 5684 1493 5733 le.
1511 5681 1581 5732 1Ἰ1Φ
1684 5682 1717 5732 32
1735 5684 1837 5744 cottidie
1855 5681 1879 5729 P
1980 5681 2014 5731 34
2030 5687 2112 5731 ms·-

483 5768 529 5838 tts]
546 5772 599 5821 cod.
616 5771 716 5833 Pittaci,
737 5771 826 5818 aetatis
846 5769 915 5817 Pus
1016 5771 1157 5831 agitabatur
1176 5768 1222 5832 (Pl
1329 5776 1355 5818 et
1372 5771 1460 5818 cmi*
1561 5766 1674 5836 placent]
1691 5771 1762 5830 sne,
1783 5771 1866 5831 placet
1885 5770 1953 5816 PVF
