4744 6476
476 470 538 532 286
1063 467 1258 524 SYMMACHI
1277 468 1513 524 RELATIONES

359 661 457 724 ΤΜΓ
477 657 534 722 stis
558 658 677 724 bonore
700 657 888 722 verborum?
929 656 1049 737 dicam,
1085 664 1192 723 utres
1215 666 1281 737 est,
1314 677 1443 724 curasse
1466 659 1668 724 clementiam
1690 666 1849 740 vestram,
1884 667 1918 726 ut
1939 668 2102 744 tamquam

476 780 581 824 coram
612 761 735 825 locatus
765 767 797 824 et
819 760 981 842 adloquiis
1003 760 1181 844 principum
1206 759 1329 826 fruerer
1350 768 1383 826 et
1403 769 1544 845 augusta
1565 761 1599 827 iu
1620 762 1702 846 ipsis
1724 762 1818 828 donis
1840 783 1897 829 ora
1918 784 2098 829 venerarer.

475 864 605 945 quando
638 864 716 928 milri
746 864 870 929 eveniet
892 883 1047 949 expressa
1069 864 1175 949 potius
1197 870 1230 930 et
1251 865 1327 929 viva
1348 865 1470 948 gaudia
1492 886 1607 951 capere
1630 865 1671 931 de
1693 866 1806 932 vobis?
1842 873 1995 949 qnantum
2018 867 2102 932 veri-

435 972 453 1031 3
477 967 553 1032 tatis
575 975 625 1032 est
647 967 776 1048 bouum,
803 966 894 1031 cuius
918 968 1043 1051 species
1066 974 1099 1034 et
1120 968 1228 1050 imago
1252 968 1407 1033 mirabilis
1430 970 1494 1033 est!
1531 989 1594 1052 ago
1616 968 1715 1052 igitur
1736 977 1833 1053 atque
1855 970 1960 1035 habeo
1982 969 2102 1053 gratias

476 1077 509 1136 et
537 1090 641 1135 meam
665 1069 785 1150 vicem,
819 1070 873 1152 qui
897 1071 1050 1136 solvendo
1072 1090 1134 1136 uon
1157 1090 1243 1152 sum,
1278 1071 1473 1138 caelestibus
1495 1070 1612 1156 delego
1634 1072 1817 1138 virtutibus.
1863 1072 1942 1138 illae
1964 1074 2135 1139 clemen-s

476 1173 550 1237 tiam
582 1182 720 1239 vestram
750 1173 858 1257 dignis
881 1174 1087 1258 processibus
1109 1181 1332 1253 munerentur;
1366 1193 1424 1240 uos
1446 1175 1598 1256 colimus,
1630 1194 1690 1241 nos
1712 1194 1875 1257 amamus,
1906 1177 1994 1260 quod
2016 1176 2103 1242 scitis

476 1277 623 1342 omuibus
653 1278 748 1342 rebus
779 1296 851 1343 esse
882 1278 1113 1361 praestantius.
1147 1278 1201 1361 qui
1224 1277 1299 1344 ideo
1320 1278 1503 1344 salutariter
1524 1299 1590 1344 rem
1615 1278 1778 1363 publicam
1800 1278 1929 1363 regitis,
1963 1285 1999 1344 ut
2023 1279 2103 1345 haec

477 1382 547 1447 sola
569 1380 766 1446 mereamini.

1026 1742 1103 1808 VIH
1125 1742 1226 1823 (XXI.
1245 1742 1398 1823 XXVIII)
1434 1764 1464 1808 a.
1484 1745 1557 1808 384.

550 1898 622 1962 DD.
648 1898 720 1961 NN.
747 1894 993 1963 THEODOSIO
1017 1898 1073 1963 ΕΤ
1096 1895 1285 1962 AROADIO
1309 1896 1478 1962 SEMPER
1499 1896 1629 1962 Avus.
1656 1897 1915 1964 SYMMAOHVS
1937 1899 1976 1963 V.
2003 1899 2037 1965 O.
2126 1917 2153 1957 ro

1075 1999 1351 2066 PRAEFEOTVS
1373 2000 1509 2065 VRBIS.

565 2174 714 2240 Omnium
742 2172 985 2256 beneficiorum,
1019 2191 1102 2253 quae
1132 2171 1243 2237 tribuit
1264 2172 1368 2256 potior
1389 2171 1518 2237 fortuna
1540 2171 1711 2249 subiectis,
1744 2180 1831 2238 certa
1853 2180 1928 2239 suut
1948 2182 2104 2259 tempora,

480 2277 598 2344 domini
623 2278 850 2361 imperatores,
884 2276 974 2341 solae
997 2276 1105 2358 leges,
1136 2295 1220 2357 quae
1242 2275 1276 2340 iu
1298 2275 1415 2339 bonum
1439 2295 1605 2340 commuue
1617 2261 1820 2361 procedunt,
1854 2296 2027 2359 numquam
2050 2298 2108 2362 pa·

479 2381 600 2446 tiuntur
614 2399 773 2445 occasum.
814 2378 883 2462 agit
904 2377 1004 2460 igitur
1026 2376 1145 2442 divinis
1169 2377 1386 2443 sanctionibus
1408 2378 1525 2443 vestris
1547 2377 1669 2462 gratias
1692 2377 1770 2443 ordo
1791 2379 1989 2446 reverendus
2012 2380 2106 2446 etiam
2194 2434 2198 2439 ,

479 2483 607 2549 nomine
638 2490 854 2567 posterorum,
889 2481 1005 2563 quibus
1035 2499 1087 2545 res
1117 2479 1248 2565 publica
1276 2480 1448 2546 emendata
1468 2480 1624 2547 tradetur.
1671 2503 1745 2548 nam
1769 2503 1840 2549 cum
1863 2482 1960 2548 foeda
1980 2483 2108 2549 mutabo
2126 2502 2153 2542 rs

480 2587 657 2652 senatorias
688 2586 867 2652 functiones
897 2583 1050 2667 gravibus
1079 2582 1244 2667 inpendiis
1274 2584 1450 2665 obruisset,
1488 2590 1521 2650 et
1550 2584 1692 2651 moribus
1722 2592 1755 2651 et
1782 2586 1963 2671 sumptibus
1991 2586 2109 2652 nostris

480 2690 650 2755 sanitatem
684 2697 826 2755 veterem
859 2686 1061 2766 reddidistis,
1099 2706 1140 2751 ne
1173 2692 1229 2751 aut
1258 2686 1387 2772 inpares
1417 2686 1571 2752 facultate
1600 2687 1745 2773 collegas
1773 2689 1881 2755 tenuis
1911 2688 2110 2756 decoloraret

439 2795 458 2854 2
481 2792 579 2858 editio
601 2799 657 2857 aut
678 2813 736 2877 per
758 2790 983 2858 verecundiam
1006 2789 1129 2855 viribus
1151 2790 1273 2855 maiora
1295 2796 1425 2855 conatos
1449 2790 1564 2856 effusio
1579 2791 1761 2858 inconsulta
1775 2792 1987 2877 demergeret.
2024 2793 2110 2858 eius-

480 2896 554 2962 dem
577 2902 745 2980 praeterea
767 2894 918 2960 orationis
941 2893 1129 2959 salubritate
1151 2899 1245 2958 vetus
1268 2892 1475 2959 dicendarum
1500 2894 1730 2961 sententiarum
1753 2895 1856 2961 forma
1877 2902 2026 2981 reparata
2048 2901 2106 2976 est,

479 3020 521 3065 ne
552 3019 710 3064 summum
740 2997 854 3079 cuique
885 2995 1079 3063 decemeudi
1101 2996 1205 3060 locum
1227 3016 1291 3060 nou
1313 2995 1395 3062 ratio
1418 3016 1584 3062 munerum
1607 2998 1667 3064 sed
1689 2998 1843 3065 bonorum
1867 2998 1994 3064 fortuna
2015 3018 2110 3082 prae-
2128 3016 2157 3057 ro

481 3108 581 3168 staret
608 3109 705 3185 atque
733 3100 766 3165 id
796 3100 943 3166 assensio
971 3105 1147 3165 ceterorum
1175 3099 1228 3164 vel
1258 3098 1359 3165 invita
1389 3107 1594 3183 sequeretur,
1626 3100 1713 3184 quod
1742 3108 1817 3168 ante
1847 3120 1957 3167 omues
1987 3100 2112 3169 felicior

482 3203 671 3271 censuisset.
718 3202 878 3269 credimus
905 3202 1004 3286 igitur
1033 3201 1085 3268 his
1112 3201 1242 3268 remotis
1273 3201 1317 3266 ad
1339 3222 1473 3286 rognum
1496 3221 1589 3268 suum
1611 3201 1736 3270 redisse
1758 3204 1908 3271 virtutes:
1942 3203 1976 3269 in
1998 3204 2112 3269 editio-

482 3308 579 3374 nibus
601 3306 810 3392 parsimonia,
836 3306 870 3371 iu
892 3310 1007 3372 senatu
1030 3304 1107 3372 ordo
1129 3303 1326 3386 retinebitur,
1353 3324 1413 3370 uec
1435 3324 1472 3371 se
1494 3306 1669 3373 ostentabit
1690 3307 1858 3393 opulentia
1879 3326 2007 3392 semper
2021 3306 2111 3372 bouis

441 3414 459 3473 3
482 3411 609 3475 infirma
634 3409 841 3494 temporibus.
889 3415 1036 3495 superest
1063 3414 1099 3474 ut
1127 3427 1183 3491 ea,
1217 3428 1301 3490 quae
1330 3408 1487 3475 serenitas
1515 3416 1624 3476 vestra
1650 3410 1795 3496 patribus
1824 3408 2037 3477 deliberanda
2064 3410 2111 3475 le-

483 3515 590 3598 gavit,
621 3513 747 3596 cognito
771 3519 901 3578 senatus
924 3513 1069 3579 consulto
1091 3513 1146 3577 lex
1168 3504 1308 3596 augusta
1330 3510 1505 3579 confirmet.
1551 3514 1641 3579 nullo
1662 3513 1747 3580 enim
1770 3513 1979 3580 dissentiente
2002 3512 2113 3579 decre·
2130 3531 2159 3572 rs

482 3624 550 3682 tum
573 3624 632 3697 est,
658 3616 730 3700 quis
753 3614 868 3681 modus
891 3635 1043 3681 censuum
1067 3616 1170 3681 semel
1191 3622 1249 3681 aut
1271 3615 1402 3699 saepius
1422 3615 1596 3699 fungendis
1622 3666 1885 3683 ..........
1911 3615 2113 3681 mediocritas

483 3720 677 3787 editionibus
700 3719 889 3805 adplicetur,
916 3737 1000 3802 quae
1022 3717 1217 3802 gladiatorio
1239 3718 1363 3784 muneri
1386 3725 1523 3802 atquae
1546 3718 1704 3785 scaenicis
1726 3719 1812 3785 ludis
1833 3725 2018 3804 sumptuum
2033 3724 2113 3783 tem-

484 3830 671 3908 peramenta
693 3822 896 3900 conveniant,
923 3820 1002 3904 quid
1024 3820 1182 3887 libertatis
1205 3820 1323 3886 babere
1346 3829 1507 3887 mereatur
1524 3822 1706 3907 praesentis
1721 3823 1885 3907 expensio,
1913 3820 1991 3904 quid
2006 3820 2114 3886 damni

443 3932 461 3988 4
484 3927 665 3992 absentium
690 3924 890 3991 contumacia
911 3924 1030 3990 debeat
1051 3924 1202 4010 experiri.
1246 3925 1326 3990 baec
1349 3924 1524 3990 aeternitas
1545 3932 1655 3990 vestra
1676 3924 1872 3991 venerabilis
1894 3944 1966 3990 cum
1990 3924 2112 3989 senatui

486 4029 658 4096 statuenda
674 4029 852 4107 mandaret,
879 4027 992 4093 referri
1014 4028 1058 4093 ad
1081 4047 1117 4094 se
1139 4028 1286 4113 protinus
1307 4027 1488 4112 imperavit,
1515 4035 1550 4093 ut
1571 4028 1693 4113 placita
1714 4028 1836 4094 cunctis
1858 4028 2020 4094 inmortali
2042 4028 2114 4110 lege
2133 4047 2162 4087 so

486 4132 673 4199 solidentur.
719 4132 817 4197 iussis
840 4131 1024 4216 paruimus,
1055 4138 1262 4216 expectamus
1285 4130 1468 4214 oraculum,
1494 4151 1557 4213 quo
1580 4131 1780 4212 salutariter,
1807 4137 1842 4196 ut
1863 4138 1971 4197 vestro
1993 4130 2115 4196 numini

486 4236 646 4303 familiare
668 4243 734 4316 est,
761 4242 888 4319 patrum
912 4234 1042 4300 decreta
1064 4233 1214 4307 firmetis,
1246 4233 1375 4299 adiecta
1396 4233 1657 4314 comminatione,
1691 4234 1719 4299 si
1741 4235 1828 4299 ullus
1850 4234 2025 4317 aliquando
2047 4254 2115 4298 am-

485 4340 571 4405 bitus
600 4339 682 4404 baec
710 4340 762 4403 vel
791 4338 850 4402 illa
879 4336 1073 4423 cormperit,
1107 4356 1189 4421 quae
1220 4336 1352 4403 consilio
1382 4336 1518 4403 caelesti
1546 4356 1603 4421 pro
1625 4336 1746 4402 ordinis
1768 4335 1927 4421 dignitate
1949 4335 2112 4402 sanxistis.

576 4530 606 4578 16
625 4526 656 4582 O.
678 4527 787 4582 Theou.
811 4527 866 4581 XV
884 4530 909 4589 9,
932 4529 943 4578 1
965 4528 1024 4581 dat.
1045 4541 1103 4582 vm
1121 4527 1179 4582 kal.
1200 4526 1275 4597 Aug.
1295 4527 1460 4591 Heracleae,
1480 4525 1649 4582 Richomere
1667 4533 1697 4582 et
1714 4525 1853 4582 clearcho
1871 4541 1943 4581 coss.

578 4825 583 4871 l
608 4825 700 4871 dictam
722 4823 743 4870 Τ
890 4819 1030 4889 ἳὶοοιιιιι]
1049 4820 1078 4883 Γ,
1100 4822 1198 4871 locutus
1219 4821 1270 4869 ΤΜ
1415 4827 1523 4882 augusta
1541 4821 1569 4869 M
1715 4819 1730 4868 3
1749 4822 1853 4869 euanlst
1872 4820 1933 4883 ΓΜ,
1952 4822 2080 4881 contingat
2097 4818 2123 4869 Γ

488 4908 567 4973 bpsr
582 4915 638 4970 poss
656 4908 777 4957 soluendo
795 4910 869 4957 laser.
893 4906 919 4956 Γ
1017 4909 1155 4968 Odlgnlus
1173 4907 1201 4956 M
1304 4908 1318 4956 7
1338 4913 1373 4957 ιδ.
1394 4924 1421 4971 p.
1445 4906 1496 4955 ΤΜ

574 4997 605 5044 de
630 5000 747 5056 suscepta
770 4996 882 5043 oratioue
907 5008 980 5056 quam
1003 4995 1120 5043 dominus
1142 4995 1285 5044 theodostus
1309 4996 1379 5044 mlsit
1399 4993 1450 5042 ΤΜ
1590 4993 1620 5041 lb
1639 4994 1690 5042 dun
1710 4992 1738 5040 M
1876 4993 1991 5042 srcbsdlo
2011 4991 2089 5041 ΤΜΓ

488 5088 566 5142 auggt
586 5081 614 5141 T,
636 5095 693 5142 sug.
716 5079 744 5126 Μ
850 5079 877 5128 11
902 5079 1003 5144 puM
1107 5079 1138 5129 13
1156 5082 1212 5129 DD.
1233 5079 1264 5129 I·
1293 5107 1298 5118 ·
1359 5063 1469 5142 imperat
1485 5079 1513 5127 Μ
1600 5080 1692 5128 solbs:
1711 5080 1753 5127 dd.
1774 5081 1935 5141 imperatores
1953 5079 2077 5127 Tbeodosl
2094 5085 2120 5127 st

489 5167 578 5216 Arcadi
596 5168 684 5225 inclyti
704 5169 812 5215 uictores
830 5182 857 5215 ac
875 5168 1071 5231 trlumphatoras
1089 5180 1188 5229 semper
1206 5167 1327 5229 Augusti,
1346 5166 1381 5226 cs.
1400 5182 1426 5228 p.
1447 5166 1506 5227 279,
1528 5166 1542 5213 ’1
1695 5164 1725 5214 14
1744 5168 1792 5225 agl.
1814 5167 1895 5226 Igitur
1915 5163 1973 5227 TM,
1994 5166 2047 5225 sglt
2064 5163 2091 5213 Γ

369 5244 376 5254 '
489 5254 625 5302 recaredus
646 5252 672 5298 M
791 5251 878 5314 1511).
901 5252 952 5299 ΤΜ
1055 5253 1173 5301 lanctatlo
1193 5251 1219 5299 M
1334 5248 1597 5318 restructionem]
1619 5259 1645 5299 et
1663 5265 1710 5302 om.
1735 5251 1786 5298 ΤΜ
1899 5250 1930 5300 18
1948 5256 2052 5300 conatus
2073 5249 2120 5298 ΤΜ

492 5340 523 5389 19
541 5341 645 5388 rationis
665 5337 691 5387 Γ
825 5345 940 5401 reputata
960 5339 986 5385 M
1125 5338 1158 5387 20
1177 5334 1322 5405 muncrum]
1340 5336 1369 5397 Γ,
1397 5351 1530 5387 numerum
1551 5337 1580 5398 Y,
1607 5351 1767 5387 numerorum
1788 5336 1817 5384 M
1952 5338 2076 5386 lonunsm
2094 5334 2121 5383 M

490 5424 520 5474 21
541 5428 651 5474 assentio
672 5425 692 5471 Τ
817 5426 952 5473 saltatorem
972 5427 1062 5473 fuisset
1080 5424 1106 5471 M
1232 5423 1263 5473 22
1282 5426 1393 5473 uirtutes
1411 5424 1509 5472 redisse
1530 5423 1556 5471 M
1678 5423 1711 5474 23
1729 5424 1786 5473 ordo
1804 5438 1853 5472 om.
1875 5423 1903 5471 M
2023 5423 2056 5472 25
2074 5438 2118 5472 su·

489 5517 564 5573 gusta
582 5511 609 5559 M
739 5512 869 5560 decretum
888 5518 928 5559 est
945 5526 994 5560 om.
1015 5509 1042 5560 Γ
1170 5510 1203 5561 26
1222 5507 1354 5578 censuum]
1373 5509 1464 5573 Meyer,
1484 5523 1589 5558 censum
1610 5510 1667 5571 ΤΜ,
1688 5512 1813 5559 censitum
1832 5508 1859 5558 Γ
1984 5508 2120 5570 iungendis

491 5599 647 5646 mediocritas
669 5599 702 5657 T,
730 5598 855 5657 fugiendis
873 5598 1030 5645 mediocrltss
1052 5596 1092 5658 M,
1117 5611 1182 5660 quse
1200 5597 1338 5658 fungendis
1357 5596 1514 5645 mediocritas
1532 5594 1568 5655 Γ,
1595 5598 1697 5657 supple:
1722 5598 1780 5658 quis
1799 5596 1887 5645 modus
1904 5609 2026 5644 censuum
2044 5596 2120 5644 semel

492 5690 536 5731 sut
554 5686 653 5746 saepius
672 5685 808 5743 fungendis
821 5685 970 5731 muneribus
984 5685 1107 5732 obuoxlus
1120 5685 1161 5745 sit,
1183 5697 1246 5743 quse
1259 5684 1414 5731 instruendis
1426 5683 1584 5731 mediocritas
1597 5683 1751 5733 edltloulbus
1764 5682 1905 5744 adplicetur
1921 5683 1961 5730 cel
1971 5683 2053 5730 amite
2064 5682 2121 5744 quid

492 5768 525 5818 32
544 5771 622 5818 ullum
643 5770 671 5817 M
774 5771 876 5818 babitus
898 5768 919 5815 Τ
