4736 6478
847 841 1235 927 xxxxrrxxxvrnn.
1775 920 1780 929 Ι

784 996 1043 1064 smmncnvs
1066 995 1296 1062 nnonnmo.
1876 989 1979 1053 Pus

315 1169 396 1235 Cum
419 1168 530 1251 sciam,
556 1175 587 1234 te
609 1169 715 1235 animo
738 1188 811 1234 esse
833 1169 994 1254 placabili,
1021 1168 1127 1254 recepi
1149 1188 1206 1253 pro
1229 1169 1331 1234 amico
1346 1187 1476 1252 operam
1492 1166 1606 1232 veniae
1621 1163 1850 1249 postulandae:

229 1292 334 1355 neque
350 1273 434 1338 enirn
450 1272 497 1337 sic
511 1293 532 1337 a
546 1278 632 1338 recto
647 1272 733 1338 devii
749 1292 871 1351 snmus,
896 1279 931 1338 ut
952 1280 984 1339 tc
1005 1293 1157 1355 umquam
1171 1273 1292 1337 moveri
1307 1277 1427 1337 temere
1442 1270 1650 1355 suspicemur.
1679 1288 1710 1333 v.
1729 1288 1757 1334 c.
1776 1266 1855 1351 Epi-

198 1396 210 1434 s
228 1383 333 1441 ctetus
353 1375 586 1441 causidicorum
602 1397 688 1442 more
704 1377 883 1461 prolapsae,
911 1375 987 1441 dum
1006 1378 1075 1442 vult
1089 1375 1256 1462 inpensius
1271 1376 1399 1459 placere
1414 1380 1574 1458 suscepto,
1600 1377 1744 1438 sanctum
1761 1370 1855 1437 Sabi-

228 1499 305 1542 num
336 1479 502 1563 probatum
533 1479 625 1545 bonis
655 1480 801 1545 omnibns
830 1481 959 1545 incauto
987 1499 1132 1546 sermone
1160 1479 1355 1564 perstrinxit.
1402 1498 1443 1543 ea
1464 1497 1516 1543 res
1538 1477 1678 1541 omniurn
1700 1481 1850 1551 vestrum,

228 1582 347 1664 quibus
369 1582 425 1647 illc
448 1603 543 1647 curae
566 1590 625 1666 est,
651 1584 776 1648 animos
799 1582 940 1649 creditur
957 1603 1138 1668 asperasse,
1164 1603 1224 1648 nec
1245 1582 1403 1648 inmerito.
1443 1581 1589 1665 querella
1611 1578 1742 1645 rectoris
1757 1577 1854 1643 etiarn

227 1685 451 1769 praetorianas
481 1685 568 1752 acuit
595 1693 784 1771 potestates.
831 1686 909 1771 quid
937 1688 1060 1752 multat
1095 1687 1262 1772 Epictetus
1289 1694 1384 1770 togae
1413 1684 1549 1751 forensis
1571 1683 1690 1748 honore
1713 1683 1857 1767 privatus

228 1797 279 1854 est
301 1789 448 1875 plurimis
470 1789 712 1875 praeferendus,
738 1790 793 1873 qui
816 1789 906 1855 firmo
928 1790 1104 1875 patrocinio
1127 1796 1345 1875 proteguntur.
1393 1809 1476 1854 nunc
1497 1788 1556 1852 illa
1578 1786 1741 1852 clientium
1763 1784 1857 1849 turba
1879 1789 1898 1848 2

184 1912 211 1953 ru
229 1891 327 1957 nnius
350 1891 479 1958 fortuito
501 1893 635 1959 insultat
657 1892 770 1965 errori:
809 1893 894 1977 quod
923 1914 964 1959 ne
994 1893 1050 1959 diu
1072 1900 1218 1975 maneat,
1249 1900 1306 1959 tua
1334 1891 1514 1978 praestabit
1539 1889 1736 1956 hnmanitas.
1775 1887 1856 1952 satis

229 1994 343 2061 datum
365 2002 415 2062 est
437 1995 640 2078 correctioni,
666 2016 750 2061 nunc
773 1996 937 2080 ingenium
959 2003 1049 2062 tuum
1072 1997 1208 2082 respice.
1258 1995 1343 2061 illud
1364 2015 1464 2061 causa
1485 1993 1646 2076 meruerit,
1672 1992 1733 2058 hoo
1753 1991 1857 2057 tribue

230 2099 368 2165 lenitati.
417 2099 482 2165 scio
511 2100 679 2165 inlustrem
702 2098 806 2165 virum
829 2099 1025 2185 praefectum
1048 2099 1209 2185 praetorio
1239 2099 1289 2164 his
1318 2118 1445 2183 quoque
1472 2097 1588 2164 litteris
1617 2096 1681 2161 tuis
1712 2100 1857 2181 prompte

229 2222 305 2268 esse
328 2222 503 2268 cessurum.
543 2202 606 2268 erit
625 2203 684 2268 tibi
706 2202 873 2287 Epictetus
895 2224 926 2268 v.
953 2223 980 2268 ο.
1007 2203 1105 2270 etiarn
1127 2202 1360 2269 emendationis
1382 2221 1460 2268 suae
1483 2200 1617 2283 debitor,
1643 2220 1738 2284 quem
1760 2199 1858 2284 paulo

228 2306 446 2372 inconsultum
469 2306 590 2372 fecerat
611 2306 784 2391 impunitas
806 2327 925 2391 magna
946 2308 1159 2391 peccantium.

870 2651 1031 2717 xxxxn
1051 2651 1215 2735 (xxxx).

789 2804 1048 2871 arumnosas
1070 2805 1300 2871 unonnmo.
1603 2814 1608 2823 “
1879 2807 1990 2868 nvn

320 2978 487 3043 Placnisse
508 2978 628 3045 iudicio
649 2985 703 3045 tno
725 2978 862 3044 amicum
886 2998 991 3044 meum
1014 2978 1221 3044 Drinnacium
1251 2978 1331 3044 satis
1352 2978 1497 3062 gaudeo,
1529 2998 1603 3043 nam
1633 2976 1710 3041 mihi
1733 2997 1858 3060 qnoque

233 3081 406 3166 plurimum
429 3081 556 3145 honoris
578 3080 719 3161 accedit,
752 3082 898 3165 quotiens
921 3083 1080 3149 sententia
1101 3089 1211 3148 nostra
1232 3081 1414 3147 concordat.
1453 3081 1575 3148 fruetur
1589 3081 1686 3164 igitur
1701 3079 1859 3146 uberrimo

232 3184 436 3251 innocentiae
458 3204 536 3250 snae
559 3184 674 3267 fructu,
700 3185 777 3250 mibi
800 3185 943 3252 honestis
966 3206 1058 3251 carus
1081 3186 1206 3270 officiis,
1232 3185 1291 3250 tibi
1313 3184 1408 3250 iustis
1430 3185 1568 3268 negotiis
1590 3182 1797 3267 adprobatus.

778 3530 958 3596 xxxxrn
977 3531 1143 3615 (xxxxr)
1180 3553 1212 3597 a.
1232 3534 1316 3597 arcu

980 3686 1020 3764 ο.
1052 3686 1114 3751 cs

323 3856 386 3934 Qui
409 3857 529 3922 amanti
550 3877 656 3941 nugas
679 3876 755 3922 suas
778 3865 811 3924 et
832 3857 1044 3924 deliramenta
1066 3859 1248 3942 committit,
1281 3880 1344 3925 non
1367 3859 1464 3926 debet
1492 3858 1664 3924 formidare
1694 3858 1856 3924 indicium.

237 3962 479 4027 commendatur
501 3960 585 4025 enim
608 3961 780 4044 religione,
814 3961 980 4046 quidquid*
993 3962 1115 4046 culpari
1137 3968 1248 4048 posset
1270 3963 1428 4029 examine.
1476 3963 1588 4029 merito
1610 3982 1742 4028 securus
1764 3964 1862 4030 orati-

238 4065 398 4143 unculam,
424 4084 520 4146 qnam
543 4063 686 4149 proxime
707 4064 739 4129 in
763 4071 876 4130 senatu
899 4064 1006 4145 habui,
1033 4065 1077 4130 ad
1098 4073 1130 4131 te
1151 4066 1241 4145 misi,
1274 4066 1316 4132 de
1337 4086 1402 4149 qna
1424 4066 1588 4132 dominnm
1603 4088 1709 4132 meum
1731 4066 1860 4133 fratrem

188 4175 378 4234 mnostrum
408 4166 588 4234 Carbanum
620 4174 725 4234 tecum
755 4169 850 4253 plene
878 4168 1015 4234 arbitror
1043 4171 1260 4253 conlocutum,
1298 4191 1372 4237 narn
1402 4170 1548 4255 petitioni
1579 4177 1706 4236 nostrae
1734 4169 1863 4236 auditor

238 4271 392 4338 interfuit.
432 4277 465 4336 et
486 4271 632 4355 quamvis
654 4270 751 4336 totins
773 4271 894 4336 ordinis
918 4271 1061 4336 secunda
1082 4273 1240 4356 suffragia
1260 4274 1387 4358 cepisse
1410 4272 1586 4356 videamur,
1615 4274 1703 4339 inte
1726 4294 1788 4338 uno
1810 4280 1861 4338 ta-

239 4394 313 4440 men
335 4392 493 4439 summam
513 4372 687 4439 testimonii
710 4374 923 4439 conlocamus.
965 4374 1060 4439 facito
1082 4374 1180 4458 igitur
1201 4396 1253 4441 me
1275 4383 1396 4442 certum
1419 4376 1598 4442 sententiae
1614 4382 1689 4441 tuae
1705 4384 1737 4441 et
1751 4376 1858 4456 simul,

238 4475 316 4559 quid
337 4497 443 4543 rernm
466 4495 570 4558 geras,
597 4476 704 4561 pande
727 4478 876 4562 cupienti,
903 4484 939 4543 ut
960 4477 1045 4559 qnod
1068 4499 1109 4543 ex
1131 4479 1212 4544 meis
1230 4481 1356 4545 actibus
1371 4480 1544 4565 voluptatis
1559 4480 1710 4565 accipies,
1735 4487 1860 4545 tuorum

240 4589 349 4647 mutua
370 4579 586 4645 insinuatione
608 4599 797 4665 conpenses.

327 4926 391 4975 lad
409 4927 516 4975 eundem
536 4927 563 4987 F,
583 4941 631 4976 cm,
650 4928 672 4974 V
800 4927 815 4976 5
834 4932 978 4990 susceptum
996 4929 1019 4975 F
1136 4931 1249 4977 rabinnm
1267 4930 1291 4975 F
1417 4930 1433 4977 (i
1450 4932 1560 4993 probatis
1582 4931 1604 4978 P
1722 4934 1823 4980 incauta
1847 4934 1866 4979 V

243 5012 333 5062 'lcum
351 5012 397 5061 Pl
412 5029 446 5064 m.
551 5019 658 5062 rectores
678 5014 772 5063 le.
881 5014 911 5063 10
930 5029 976 5063 uec
994 5016 1037 5063 dlu
1063 5016 1084 5062 V
1188 5016 1215 5065 11
1236 5017 1332 5065 dictum
1354 5017 1375 5064 V
1480 5016 1510 5065 13
1529 5032 1661 5065 consutum
1687 5018 1706 5063 V

330 5099 361 5148 16
379 5114 427 5148 om.
446 5099 493 5146 VM
595 5103 709 5149 neuterio
727 5101 821 5150 le.
931 5100 961 5149 ll
980 5102 1072 5149 ludiclo
1096 5102 1116 5146 V
1218 5103 1372 5151 drlnsutinm
1392 5101 1419 5148 Μ
1474 5101 1481 5109 ’

328 5186 357 5236 21
380 5186 405 5247 οἶ.
425 5188 459 5236 οἱ.
484 5187 517 5246 (id
534 5192 584 5234 cst:
603 5189 646 5249 qui
660 5183 760 5253 [snpra]
775 5189 815 5235 oui
834 5186 918 5249 snpra)
940 5187 968 5247 P,
989 5188 1052 5237 boae
1063 5190 1194 5249 epistulam
1205 5203 1262 5237 cum
1272 5188 1426 5249 praecedenti
1436 5192 1592 5249 cuuianpuat
1610 5191 1658 5237 VM
1761 5188 1793 5238 23
1812 5192 1865 5238 onl-

244 5288 299 5335 para
322 5275 342 5320 V
445 5270 534 5337 melito
554 5272 576 5319 P
676 5272 710 5321 28
729 5270 769 5340 nt]
787 5278 813 5321 et
831 5272 877 5320 Pl
891 5288 924 5320 m.
