4736 6478
1113 505 1308 561 SYMMACHI
1327 503 1536 561 EPISTVLAE

1294 834 1354 899 XI.

461 977 495 1039 P
967 973 1226 1039 SYMMACHVS
1251 971 1517 1069 Nicomacffls
1540 972 1678 1037 FILIIS.

600 1148 702 1214 Multa
722 1146 801 1213 mihi
823 1146 867 1213 ad
888 1167 947 1213 vos
970 1145 1121 1213 scribenti
1143 1165 1246 1231 pauca
1268 1144 1453 1231 respondes,
1479 1152 1512 1212 et
1532 1147 1666 1211 moleste
1680 1143 1756 1211 'fero
1775 1145 1997 1212 mandatorum
2012 1153 2138 1212 vestro-

512 1271 582 1317 rum
605 1252 709 1317 calere
732 1250 890 1336 principia
912 1270 1014 1333 usque
1036 1249 1080 1315 ad
1102 1248 1352 1315 sollicitudiuem
1374 1270 1498 1329 meam,
1527 1269 1600 1315 mox
1622 1255 1729 1314 autern
1753 1270 1811 1334 per
1833 1250 1996 1316 silentium
2019 1250 2137 1334 frigere

511 1374 692 1440 processus.
740 1354 877 1420 fortasse
900 1353 1075 1436 quaeratis,
1101 1352 1179 1434 quid
1201 1352 1298 1417 etiarn
1322 1372 1406 1418 uunc
1428 1352 1540 1418 referri
1562 1352 1596 1418 in
1617 1353 1813 1419 nescentiam
1837 1374 1941 1420 meam
1963 1353 2133 1438 postulem.
2157 1373 2171 1412 s

470 1461 489 1521 2
513 1458 686 1543 Capuauae
718 1457 831 1524 domus
860 1456 996 1542 pretium
1020 1456 1212 1541 scripseram
1234 1475 1305 1521 cum
1329 1455 1492 1521 venditore
1515 1455 1675 1522 decisum:
1709 1456 1789 1521 nihil
1813 1457 1854 1523 de
1876 1457 1946 1522 eius
1969 1456 2139 1523 confirma·

512 1561 598 1628 tione
626 1560 818 1639 rescribitis;
851 1560 1048 1627 Samniticae
1075 1558 1289 1644 possessionis
1317 1558 1500 1625 reformatio
1523 1567 1555 1624 et
1577 1558 1719 1625 vindicta
1741 1558 1893 1624 mandata
1915 1569 1981 1627 est:
2015 1567 2138 1626 tantum

512 1672 665 1731 vacuatos
688 1664 816 1730 dotibus
838 1684 933 1748 agros
956 1684 1027 1729 sero
1050 1661 1203 1741 docuisti;
1228 1661 1334 1729 adhuc
1356 1669 1464 1729 tamen
1486 1662 1606 1745 nescio,
1632 1663 1709 1747 quid
1732 1662 1887 1729 exhibitio
1907 1663 2049 1730 iniuncta
2064 1685 2139 1749 pro-

513 1767 635 1850 fecerit,
661 1766 752 1833 cuius
773 1787 825 1833 me
848 1765 1028 1852 expectatio
1052 1785 1107 1832 rus
1129 1766 1176 1832 ire
1197 1786 1261 1832 nou
1284 1766 1414 1851 patitur.
1453 1787 1566 1832 vereor
1588 1766 1684 1847 enim,
1710 1786 1762 1848 ne,
1788 1765 1875 1850 quod
1897 1786 1995 1853 saepe
2019 1767 2137 1834 factum

513 1877 580 1954 est,
613 1870 815 1937 claudestina
837 1869 963 1954 aliquid
984 1876 1119 1955 temptet
1141 1868 1295 1955 obreptio.
1342 1889 1442 1952 quare
1464 1876 1520 1935 aut
1541 1869 1707 1952 instruite,
1736 1869 1815 1954 quid
1838 1870 1978 1955 supersit
1998 1871 2135 1955 negotiis
2157 1889 2187 1929 ιο

473 1977 492 2037 3
515 1974 727 2061 explicandis,
753 1982 810 2041 aut
831 1974 860 2040 si
883 1993 935 2039 res
957 1972 991 2038 in
1013 1972 1097 2038 vado
1121 1979 1205 2055 sunt,
1232 1972 1317 2038 uiam
1339 1972 1418 2038 mihi
1441 1974 1648 2059 usurpandae
1671 1973 1863 2040 secessionis
1885 1972 2020 2058 aperite.
2067 1993 2138 2039 cum

514 2079 613 2145 fratre
641 2099 713 2145 meo
743 2077 917 2144 Censorino
945 2097 1009 2143 non
1039 2076 1175 2142 moleste
1204 2076 1272 2142 fero
1302 2077 1361 2142 sub
1390 2076 1535 2161 quolibet
1564 2076 1733 2162 dispendio
1762 2084 1869 2143 nostro
1895 2076 1935 2143 de
1958 2076 2139 2143 litoralibus

515 2182 627 2268 spatiis
656 2181 841 2248 iudicatum.
889 2187 991 2247 restat
1018 2187 1053 2246 ut
1073 2180 1241 2246 interiectu
1263 2179 1346 2244 muri
1368 2180 1528 2263 praetoria
1551 2180 1754 2259 dividantur,
1787 2200 1828 2246 ne
1851 2187 1999 2247 cessante
2021 2179 2140 2246 indicio

515 2285 718 2352 iudicationis
741 2303 851 2351 rursus
874 2282 999 2351 vicinae
1021 2283 1192 2366 angustiae
1214 2283 1246 2347 in
1269 2283 1352 2348 alios
1375 2303 1447 2350 sese
1469 2285 1620 2350 terminos
1642 2285 1784 2349 nitantur
1806 2284 1990 2350 extendere.
2037 2285 2122 2350 vale.

1217 2541 1283 2606 ΧΠ
1311 2563 1341 2608 a.
1366 2544 1441 2607 396.

971 2679 1230 2747 SYMMAOHVS
1257 2680 1520 2748 NICOMACHIS
1543 2680 1681 2747 FILIIS.

602 2854 705 2922 Amici
728 2854 843 2921 litteris
865 2853 1045 2921 delectatus
1067 2873 1154 2933 sum,
1180 2872 1315 2937 quarum
1337 2873 1389 2919 me
1411 2853 1562 2920 lectorem
1585 2873 1656 2921 esse
1678 2853 1827 2936 voluisti,
1853 2862 1886 2920 et
1908 2853 2004 2920 velim
2028 2854 2140 2921 eredas

516 2960 595 3027 nihil
626 2980 698 3026 eum
727 2958 768 3025 de
797 2959 982 3043 usurpando
1011 2957 1110 3023 animi
1136 2955 1321 3023 remissione
1349 2956 1527 3023 mentitum.
1574 2958 1653 3023 mihi
1682 2959 1732 3024 vir
1758 2958 1904 3025 inlustris
1925 2957 2024 3024 iudex
2046 2979 2140 3044 prae-

516 3064 658 3131 torianus
686 3063 726 3128 ob
754 3062 967 3129 conlationem
998 3068 1130 3127 senatus
1158 3067 1191 3127 et
1219 3060 1285 3126 alia
1312 3060 1455 3126 remedia
1485 3059 1573 3126 urbis
1598 3068 1756 3144 augustae
1779 3061 1981 3129 denuntiavit
2001 3062 2140 3129 offensas

517 3166 739 3249 contristatus,
771 3172 806 3231 ut
827 3164 966 3247 adserit,
1002 3163 1150 3245 curione,
1176 3183 1239 3246 quo
1261 3163 1445 3249 praefectus
1467 3163 1537 3229 urbi
1559 3163 1705 3230 ludorum
1727 3165 1942 3251 imperialium
1965 3165 2036 3248 die,
2069 3186 2140 3232 cum
2158 3183 2186 3225 ro
2283 3206 2290 3215 -

517 3292 539 3337 a
560 3277 676 3337 senatu
699 3268 785 3336 curio
807 3269 900 3334 nobis
922 3267 1148 3354 praesentibus
1170 3274 1363 3353 posceretur,
1390 3267 1584 3334 oblationem
1601 3288 1800 3334 communem
1815 3269 1933 3354 populo
1949 3269 2137 3354 publicauit.

476 3373 599 3441 thaec
626 3374 734 3440 omnia
763 3372 805 3438 ad
835 3371 1064 3439 destruendam
1094 3370 1320 3457 promissorum
1351 3389 1479 3437 suorum
1509 3371 1645 3454 gloriam
1666 3373 1831 3457 conposita
1853 3372 2033 3456 suspicatur
2054 3381 2087 3439 et
2107 3373 2140 3438 in
2239 3454 2242 3461 Ι

519 3498 571 3544 me
594 3478 707 3559 solum,
733 3474 891 3560 quiahoc
914 3474 1126 3542 referentibus
1147 3474 1264 3559 placet,
1290 3474 1387 3541 vertit
1407 3474 1573 3540 invidiam.
1621 3474 1791 3560 respondi,
1816 3482 1852 3542 ut
1872 3475 1962 3561 potui
1984 3476 2140 3560 dignitate

519 3587 665 3662 servata,
699 3579 769 3646 eius
798 3578 915 3661 calori,
947 3587 980 3644 et
1007 3584 1160 3662 quantum
1189 3576 1289 3662 legati
1312 3577 1494 3644 Orientales
1523 3577 1691 3660 adserunt,
1724 3578 1840 3662 quibus
1862 3578 1931 3663 ipse
1954 3579 2140 3664 scriptorum

519 3704 660 3751 meorum
690 3683 769 3750 fecit
789 3682 959 3762 indicium,
993 3681 1114 3748 cunctis
1137 3700 1292 3767 responsa
1313 3687 1422 3748 nostra
1443 3682 1642 3767 placuemut.
1689 3682 1748 3748 sed
1769 3702 1811 3748 ne
1833 3681 1956 3748 ratione
1979 3691 2010 3747 et
2032 3689 2141 3748 aucto-
2159 3700 2189 3741 ns

518 3788 612 3856 ritate
639 3787 743 3853 victus
772 3785 900 3869 sileret,
932 3784 1093 3851 molliores
1121 3791 1234 3869 postea
1264 3784 1385 3851 litteras
1413 3783 1502 3850 misit
1531 3805 1640 3869 parem
1669 3784 1900 3869 querimoniam
1929 3785 2137 3853 continentes.

477 3891 631 3958 liborum
654 3889 714 3956 tibi
737 3890 877 3956 omnium
901 3888 1044 3955 tradetur
1065 3888 1243 3973 exemplar,
1271 3895 1307 3955 ut
1328 3888 1473 3971 noveris,
1505 3888 1620 3971 quibus
1642 3887 1792 3955 fluctibus
1814 3895 2062 3975 perstrepamur.
2107 3889 2141 3954 iu

518 3994 647 4079 negotio
669 4001 776 4061 autem
799 3999 930 4060 sanetae
953 3991 1170 4058 unanimitatis
1193 3998 1331 4075 vestrae,
1357 3992 1442 4077 quod
1463 3991 1647 4078 praeceptio
1668 3992 1783 4058 iterata
1802 3992 1980 4072 commouit,
2007 3993 2142 4060 consilio

519 4097 696 4164 trahendae
718 4096 887 4163 solutionis
909 4095 1063 4163 utendum
1085 4101 1136 4162 est
1157 4102 1289 4181 clpam,
1315 4115 1398 4178 quae
1413 4095 1456 4162 ad
1471 4115 1658 4179 germanum
1673 4103 1763 4162 tuum
1779 4095 1927 4182 pertinet,
1953 4097 2143 4165 subicienda

520 4200 676 4281 auctioni,
709 4207 747 4267 ut
764 4198 949 4265 huiusmodi
970 4198 1088 4264 iniuria
1109 4197 1229 4264 factum
1251 4197 1377 4264 iuvenis
1400 4207 1577 4284 exaggeret
1599 4207 1655 4266 aut
1677 4199 1807 4283 expleat
1829 4200 2036 4266 voluntatem.
2084 4200 2142 4267 sed
2162 4219 2191 4259 uo

520 4304 603 4371 scire
626 4304 784 4386 desidero,
811 4323 893 4388 quae
915 4301 1115 4388 potissimum
1137 4302 1271 4387 praedia
1292 4301 1336 4368 ad
1357 4301 1407 4368 ius
1430 4302 1535 4369 sancti
1557 4302 1664 4368 fratris
1686 4304 1734 4368 tui
1757 4322 1813 4388 pro
1835 4294 1926 4387 part'e
1948 4302 2139 4388 pertineant,

477 4409 560 4475 lue
589 4428 648 4494 per
674 4407 890 4491 ignorantiam
918 4406 997 4473 iuris
1026 4406 1073 4472 tui
1101 4425 1232 4492 corpora
1260 4405 1470 4491 apparitionis
1501 4426 1588 4472 error
1614 4406 1780 4473 adtrectat.
1842 4406 1973 4473 fratrem
2002 4414 2142 4473 vestrum

521 4512 642 4577 Romm
671 4510 826 4596 tantisper
847 4510 976 4590 tenebo,
1010 4509 1162 4594 quioniam
1184 4508 1329 4575 subsidia
1350 4529 1498 4576 annonae
1520 4510 1554 4575 in
1576 4510 1646 4576 dies
1668 4510 1782 4593 viginti
1805 4509 1924 4576 oblatio
1947 4511 2140 4595 prorogarit.

521 4615 655 4681 moleste
682 4613 781 4699 igitur
809 4612 877 4678 filia
906 4633 979 4679 mea
1008 4613 1090 4679 ferre
1120 4634 1182 4678 nou
1205 4611 1317 4694 debet,
1350 4613 1377 4679 si
1400 4613 1542 4679 iumenta
1563 4612 1669 4680 itineri
1692 4614 1762 4680 eius
1785 4613 1939 4698 deputata
1960 4614 2139 4681 tardavero.

479 4720 498 4778 5
521 4724 628 4784 cetera
655 4717 742 4784 filius
770 4736 862 4783 meus
884 4717 1042 4783 (lomazon
1069 4717 1121 4784 rel
1148 4717 1375 4800 quaerentibus
1398 4717 1489 4783 vobis
1511 4718 1563 4783 vel
1586 4724 1699 4803 sponte
1721 4718 1873 4783 narrabit.
1920 4717 1960 4784 de
1983 4717 2193 4801 legationem

521 4820 677 4887 mittenda
705 4821 745 4885 ob
773 4819 941 4903 angustias
970 4819 1196 4886 frumentariae
1225 4820 1271 4886 rei
1303 4840 1403 4903 osque
1425 4820 1469 4887 ad
1491 4820 1628 4887 reditum
1650 4821 1712 4886 viri
1734 4821 1997 4888 excellentissimi
2019 4820 2144 4888 comitis

520 4929 676 4990 uacuus
705 4923 853 5008 publicus
882 4923 1056 4990 differetur.
1103 4923 1271 4989 consilium
1304 4924 1482 4991 sanctitatis
1506 4931 1581 4991 tuae
1604 4925 1734 4991 salubre
1755 4925 1833 4990 mihi
1856 4925 1962 4990 visum
1984 4932 2048 5003 est;
2081 4924 2145 4990 ita-

521 5046 584 5109 que
613 5025 697 5092 datis
726 5026 770 5092 ad
798 5026 944 5092 homines
972 5046 1062 5092 meos
1091 5027 1205 5093 litteris
1234 5027 1341 5094 statim
1372 5027 1451 5094 iussi
1479 5049 1520 5094 ex
1547 5048 1581 5095 re
1610 5035 1719 5095 nostra
1740 5028 1849 5113 Apula
1870 5027 1912 5093 ad
1935 5027 2143 5113 Campaniam

522 5128 682 5196 fmmenta
704 5128 834 5196 deferri.
881 5130 966 5196 vale.

607 5389 623 5440 2
641 5405 780 5452 symmacus
799 5391 965 5442 nichomachls
983 5393 1045 5442 llllls
1062 5391 1085 5440 P
1202 5392 1217 5442 3
1237 5392 1393 5454 repondetls:
1414 5393 1519 5443 moleste
1537 5394 1590 5443 loro
1607 5393 1668 5443 aare
1773 5394 1788 5446 b
1806 5395 1834 5442 lu
1852 5388 2017 5459 nosoeutlam]
2036 5394 2141 5453 loram,

523 5478 693 5527 lnuoceutlum
710 5478 734 5527 P
837 5478 992 5528 8doculotls
1011 5478 1105 5528 me.
1214 5478 1243 5528 ll
1264 5480 1416 5529 secessloues
1434 5479 1478 5528 Pl
1493 5495 1528 5531 m.
1637 5478 1667 5528 13
1686 5478 1819 5545 ludlclsP

610 5563 641 5613 16
659 5579 798 5624 symmacus
816 5565 987 5615 ulcbomaahts
1005 5564 1106 5615 fllllsP
1244 5563 1275 5615 ts
1292 5562 1449 5632 usurpanda]
1468 5566 1603 5627 Ktemltua,
1632 5565 1812 5628 usurpeule
1950 5565 1981 5616 19
1999 5565 2147 5630 angosteP

457 5694 463 5705 ,
522 5648 915 5718 ascomannorum
1054 5650 1087 5700 35
1105 5647 1160 5717 sed]
1181 5651 1244 5715 (Π),
1265 5648 1346 5717 (lor
1481 5651 1513 5701 27
1532 5648 1636 5719 quibos]
1656 5652 1722 5715 (Ul,
1745 5650 1848 5718 qlmP
1984 5652 2017 5703 38
2035 5656 2146 5703 comonis

523 5737 601 5791 luroul
618 5740 646 5786 ln
663 5737 766 5799 ros.)P
868 5736 901 5786 29
919 5738 1051 5788 solutionis
1072 5739 1175 5799 (utlonls
1193 5741 1221 5785 io
1237 5737 1344 5798 rus.)P
1452 5739 1484 5787 30
1503 5739 1606 5788 lunonis
1627 5740 1657 5801 (fs
1676 5740 1693 5786 2
1709 5753 1743 5788 m.
1764 5742 1791 5788 tu
1808 5740 1869 5801 ruo.)
1892 5738 1915 5785 P
2017 5740 2050 5789 33
2069 5743 2145 5791 tantln

522 5822 692 5885 pertineboP
796 5822 828 5872 35
846 5835 965 5872 cumazon
983 5823 1006 5870 P
1107 5823 1139 5875 st
1158 5823 1320 5888 salubremP
