<?xml version="1.0" encoding="UTF-8"?>
<!DOCTYPE html PUBLIC "-//W3C//DTD XHTML 1.0 Transitional//EN"
    "http://www.w3.org/TR/xhtml1/DTD/xhtml1-transitional.dtd">
<html xmlns="http://www.w3.org/1999/xhtml" xml:lang="en" lang="en">
 <head>
  <title>
</title>
<meta http-equiv="Content-Type" content="text/html;charset=utf-8" />
  <meta name='ocr-system' content='tesseract 3.04.00' />
  <meta name='ocr-capabilities' content='ocr_page ocr_carea ocr_par ocr_line ocrx_word'/>
</head>
<body>
  <div class='ocr_page' id='page_1' title='image "./qaureliisymmach00seecgoog_0147.png"; bbox 0 0 4722 6470; ppageno 0'>
   <div class='ocr_carea' id='block_1_1' title="bbox 993 433 1565 490">
    <p class='ocr_par' dir='ltr' id='par_1_1' title="bbox 993 433 1565 490">
     <span class='ocr_line' id='line_1_1' title="bbox 993 433 1565 490; baseline -0.002 -2"><span class='ocrx_word' id='word_1_1' title='bbox 993 433 1256 489; x_wconf 82' lang='lat' dir='ltr'><strong>CHRONOLOGIA</strong></span> <span class='ocrx_word' id='word_1_2' title='bbox 1274 433 1565 490; x_wconf 81' lang='lat' dir='ltr'><strong>SYMMACHIANA.</strong></span> 
     </span>
    </p>
   </div>
   <div class='ocr_carea' id='block_1_2' title="bbox 969 691 1590 778">
    <p class='ocr_par' dir='ltr' id='par_1_2' title="bbox 969 691 1590 778">
     <span class='ocr_line' id='line_1_2' title="bbox 969 691 1590 778; baseline -0.003 -2"><span class='ocrx_word' id='word_1_3' title='bbox 969 692 1020 776; x_wconf 85' lang='lat' dir='ltr'><strong>IV</strong></span> <span class='ocrx_word' id='word_1_4' title='bbox 1047 691 1154 776; x_wconf 88' lang='grc'><strong>1-14</strong></span> <span class='ocrx_word' id='word_1_5' title='bbox 1180 694 1243 775; x_wconf 79' lang='lat' dir='ltr'><strong>AD</strong></span> <span class='ocrx_word' id='word_1_6' title='bbox 1271 692 1590 778; x_wconf 81' lang='lat' dir='ltr'><strong>SIILIOHONEM.</strong></span> 
     </span>
    </p>
   </div>
   <div class='ocr_carea' id='block_1_3' title="bbox 424 862 2097 3231">
    <p class='ocr_par' dir='ltr' id='par_1_3' title="bbox 469 862 2097 1070">
     <span class='ocr_line' id='line_1_3' title="bbox 557 862 2097 949; baseline -0.001 -22"><span class='ocrx_word' id='word_1_7' title='bbox 557 868 570 927; x_wconf 98' lang='grc'><strong>1</strong></span> <span class='ocrx_word' id='word_1_8' title='bbox 596 864 657 929; x_wconf 87' lang='lat' dir='ltr'><strong>hac</strong></span> <span class='ocrx_word' id='word_1_9' title='bbox 684 865 826 948; x_wconf 79' lang='lat' dir='ltr'>epistula</span> <span class='ocrx_word' id='word_1_10' title='bbox 848 864 1061 949; x_wconf 81' lang='lat' dir='ltr'><strong>Symmachus</strong></span> <span class='ocrx_word' id='word_1_11' title='bbox 1091 865 1263 932; x_wconf 81' lang='lat' dir='ltr'><strong>amicitiam</strong></span> <span class='ocrx_word' id='word_1_12' title='bbox 1294 886 1365 931; x_wconf 91' lang='lat' dir='ltr'><strong>cum</strong></span> <span class='ocrx_word' id='word_1_13' title='bbox 1388 865 1564 931; x_wconf 81' lang='lat' dir='ltr'><strong>Stilichone</strong></span> <span class='ocrx_word' id='word_1_14' title='bbox 1593 864 1779 949; x_wconf 79' lang='lat' dir='ltr'><strong>auspicatus</strong></span> <span class='ocrx_word' id='word_1_15' title='bbox 1807 870 1871 941; x_wconf 90' lang='lat' dir='ltr'><strong>est;</strong></span> <span class='ocrx_word' id='word_1_16' title='bbox 1905 882 1969 928; x_wconf 91' lang='lat' dir='ltr'><strong>nou</strong></span> <span class='ocrx_word' id='word_1_17' title='bbox 1998 862 2097 947; x_wconf 85' lang='lat' dir='ltr'><strong>igitur</strong></span> 
     </span>
     <span class='ocr_line' id='line_1_4' title="bbox 469 983 1776 1070; baseline -0.001 -22"><span class='ocrx_word' id='word_1_18' title='bbox 469 983 582 1050; x_wconf 89' lang='lat' dir='ltr'><strong>ordine</strong></span> <span class='ocrx_word' id='word_1_19' title='bbox 604 985 708 1049; x_wconf 92' lang='lat' dir='ltr'><strong>solum</strong></span> <span class='ocrx_word' id='word_1_20' title='bbox 732 983 910 1051; x_wconf 89' lang='lat' dir='ltr'><strong>sedetiam</strong></span> <span class='ocrx_word' id='word_1_21' title='bbox 932 991 1075 1069; x_wconf 91' lang='lat' dir='ltr'><strong>tempore</strong></span> <span class='ocrx_word' id='word_1_22' title='bbox 1097 985 1248 1067; x_wconf 91' lang='lat' dir='ltr'><strong>omnium,</strong></span> <span class='ocrx_word' id='word_1_23' title='bbox 1275 1006 1357 1069; x_wconf 91' lang='lat' dir='ltr'><strong>quae</strong></span> <span class='ocrx_word' id='word_1_24' title='bbox 1380 991 1565 1070; x_wconf 90' lang='lat' dir='ltr'><strong>sequuntur,</strong></span> <span class='ocrx_word' id='word_1_25' title='bbox 1592 983 1695 1069; x_wconf 89' lang='lat' dir='ltr'><strong>prima</strong></span> <span class='ocrx_word' id='word_1_26' title='bbox 1717 989 1776 1049; x_wconf 90' lang='lat' dir='ltr'><strong>est.</strong></span> 
     </span>
    </p>

    <p class='ocr_par' dir='ltr' id='par_1_4' title="bbox 463 1102 2097 1551">
     <span class='ocr_line' id='line_1_5' title="bbox 553 1102 2097 1189; baseline -0.001 -21"><span class='ocrx_word' id='word_1_27' title='bbox 553 1108 572 1167; x_wconf 78' lang='lat'><strong>2</strong></span> <span class='ocrx_word' id='word_1_28' title='bbox 596 1105 764 1189; x_wconf 77' lang='lat' dir='ltr'><strong>epistulae,</strong></span> <span class='ocrx_word' id='word_1_29' title='bbox 790 1104 906 1187; x_wconf 90' lang='lat' dir='ltr'><strong>quibus</strong></span> <span class='ocrx_word' id='word_1_30' title='bbox 929 1105 1105 1170; x_wconf 83' lang='lat' dir='ltr'><strong>Flavianus</strong></span> <span class='ocrx_word' id='word_1_31' title='bbox 1126 1105 1229 1171; x_wconf 88' lang='lat' dir='ltr'><strong>minor</strong></span> <span class='ocrx_word' id='word_1_32' title='bbox 1251 1106 1284 1171; x_wconf 91' lang='lat' dir='ltr'><strong>in</strong></span> <span class='ocrx_word' id='word_1_33' title='bbox 1307 1105 1490 1171; x_wconf 89' lang='lat' dir='ltr'><strong>comitatum</strong></span> <span class='ocrx_word' id='word_1_34' title='bbox 1512 1102 1717 1189; x_wconf 83' lang='lat' dir='ltr'><strong>proficiscens</strong></span> <span class='ocrx_word' id='word_1_35' title='bbox 1739 1103 1911 1168; x_wconf 91' lang='lat' dir='ltr'><strong>Stilichoni</strong></span> <span class='ocrx_word' id='word_1_36' title='bbox 1933 1123 2097 1168; x_wconf 87' lang='lat' dir='ltr'><strong>commen-</strong></span> 
     </span>
     <span class='ocr_line' id='line_1_6' title="bbox 466 1222 2094 1311; baseline 0 -23"><span class='ocrx_word' id='word_1_37' title='bbox 466 1222 571 1306; x_wconf 90' lang='lat' dir='ltr'><strong>datur,</strong></span> <span class='ocrx_word' id='word_1_38' title='bbox 597 1224 681 1290; x_wconf 87' lang='lat' dir='ltr'><strong>duae</strong></span> <span class='ocrx_word' id='word_1_39' title='bbox 703 1232 883 1311; x_wconf 84' lang='lat' dir='ltr'><strong>supersunt,</strong></span> <span class='ocrx_word' id='word_1_40' title='bbox 911 1225 992 1291; x_wconf 88' lang='lat' dir='ltr'><strong>haec</strong></span> <span class='ocrx_word' id='word_1_41' title='bbox 1013 1232 1046 1291; x_wconf 90' lang='lat' dir='ltr'><strong>et</strong></span> <span class='ocrx_word' id='word_1_42' title='bbox 1068 1228 1099 1307; x_wconf 87' lang='grc'><strong>0,</strong></span> <span class='ocrx_word' id='word_1_43' title='bbox 1125 1246 1166 1292; x_wconf 86' lang='lat' dir='ltr'><strong>ex</strong></span> <span class='ocrx_word' id='word_1_44' title='bbox 1188 1227 1304 1310; x_wconf 90' lang='lat' dir='ltr'><strong>quibus</strong></span> <span class='ocrx_word' id='word_1_45' title='bbox 1327 1225 1535 1311; x_wconf 87' lang='lat' dir='ltr'><strong>posteriorem</strong></span> <span class='ocrx_word' id='word_1_46' title='bbox 1556 1246 1588 1290; x_wconf 88' lang='lat' dir='ltr'><strong>a.</strong></span> <span class='ocrx_word' id='word_1_47' title='bbox 1608 1227 1669 1289; x_wconf 86' lang='grc'><strong>398</strong></span> <span class='ocrx_word' id='word_1_48' title='bbox 1692 1224 1846 1309; x_wconf 86' lang='lat' dir='ltr'><strong>scriptam</strong></span> <span class='ocrx_word' id='word_1_49' title='bbox 1869 1243 1942 1290; x_wconf 89' lang='lat' dir='ltr'><strong>esse</strong></span> <span class='ocrx_word' id='word_1_50' title='bbox 1963 1222 2094 1288; x_wconf 89' lang='lat' dir='ltr'><strong>indiciis</strong></span> 
     </span>
     <span class='ocr_line' id='line_1_7' title="bbox 465 1343 2093 1433; baseline 0 -25"><span class='ocrx_word' id='word_1_51' title='bbox 465 1344 652 1410; x_wconf 84' lang='lat' dir='ltr'><strong>certissimis</strong></span> <span class='ocrx_word' id='word_1_52' title='bbox 681 1352 816 1412; x_wconf 89' lang='lat' dir='ltr'><strong>constat.</strong></span> <span class='ocrx_word' id='word_1_53' title='bbox 863 1345 999 1430; x_wconf 85' lang='lat' dir='ltr'><strong>priorem</strong></span> <span class='ocrx_word' id='word_1_54' title='bbox 1028 1345 1128 1411; x_wconf 91' lang='lat' dir='ltr'><strong>hiemi</strong></span> <span class='ocrx_word' id='word_1_55' title='bbox 1159 1349 1256 1433; x_wconf 79' lang='grc'>382)3</span> <span class='ocrx_word' id='word_1_56' title='bbox 1288 1346 1526 1430; x_wconf 84' lang='lat' dir='ltr'><strong>adsignaverim</strong></span> <span class='ocrx_word' id='word_1_57' title='bbox 1561 1346 1602 1430; x_wconf 80' lang='lat' dir='ltr'><strong>(v.</strong></span> <span class='ocrx_word' id='word_1_58' title='bbox 1627 1346 1745 1430; x_wconf 89' lang='lat' dir='ltr'><strong>adep.</strong></span> <span class='ocrx_word' id='word_1_59' title='bbox 1771 1345 1916 1428; x_wconf 88' lang='grc'><strong>11189),</strong></span> <span class='ocrx_word' id='word_1_60' title='bbox 1949 1364 2021 1409; x_wconf 93' lang='lat' dir='ltr'><strong>cum</strong></span> <span class='ocrx_word' id='word_1_61' title='bbox 2051 1343 2093 1409; x_wconf 89' lang='lat' dir='ltr'><strong>dc</strong></span> 
     </span>
     <span class='ocr_line' id='line_1_8' title="bbox 463 1463 1311 1551; baseline 0.005 -23"><span class='ocrx_word' id='word_1_62' title='bbox 463 1463 560 1529; x_wconf 89' lang='lat' dir='ltr'><strong>tertia</strong></span> <span class='ocrx_word' id='word_1_63' title='bbox 581 1464 765 1531; x_wconf 90' lang='lat' dir='ltr'><strong>huiusmodi</strong></span> <span class='ocrx_word' id='word_1_64' title='bbox 787 1465 955 1531; x_wconf 89' lang='lat' dir='ltr'><strong>occasione</strong></span> <span class='ocrx_word' id='word_1_65' title='bbox 977 1465 1058 1531; x_wconf 90' lang='lat' dir='ltr'><strong>nihil</strong></span> <span class='ocrx_word' id='word_1_66' title='bbox 1081 1467 1311 1551; x_wconf 86' lang='lat' dir='ltr'><strong>acceperimus.</strong></span> 
     </span>
    </p>

    <p class='ocr_par' dir='ltr' id='par_1_5' title="bbox 463 1583 2090 1770">
     <span class='ocr_line' id='line_1_9' title="bbox 552 1583 2090 1672; baseline 0.001 -24"><span class='ocrx_word' id='word_1_67' title='bbox 552 1590 571 1648; x_wconf 99' lang='grc'><strong>4</strong></span> <span class='ocrx_word' id='word_1_68' title='bbox 594 1585 717 1670; x_wconf 85' lang='lat' dir='ltr'><strong>gratias</strong></span> <span class='ocrx_word' id='word_1_69' title='bbox 746 1585 817 1669; x_wconf 83' lang='lat' dir='ltr'><strong>agit</strong></span> <span class='ocrx_word' id='word_1_70' title='bbox 844 1606 902 1672; x_wconf 89' lang='lat' dir='ltr'><strong>pro</strong></span> <span class='ocrx_word' id='word_1_71' title='bbox 925 1586 1127 1671; x_wconf 84' lang='lat' dir='ltr'><strong>praefectura</strong></span> <span class='ocrx_word' id='word_1_72' title='bbox 1148 1587 1272 1652; x_wconf 90' lang='lat' dir='ltr'><strong>urbana</strong></span> <span class='ocrx_word' id='word_1_73' title='bbox 1294 1585 1450 1652; x_wconf 84' lang='lat' dir='ltr'><strong>Flaviano</strong></span> <span class='ocrx_word' id='word_1_74' title='bbox 1472 1585 1588 1651; x_wconf 87' lang='lat' dir='ltr'><strong>minori</strong></span> <span class='ocrx_word' id='word_1_75' title='bbox 1609 1585 1772 1666; x_wconf 89' lang='lat' dir='ltr'><strong>restituta,</strong></span> <span class='ocrx_word' id='word_1_76' title='bbox 1805 1605 1835 1648; x_wconf 94' lang='lat' dir='ltr'><strong>a.</strong></span> <span class='ocrx_word' id='word_1_77' title='bbox 1862 1587 1925 1649; x_wconf 81' lang='grc'><strong>899</strong></span> <span class='ocrx_word' id='word_1_78' title='bbox 1946 1583 2090 1650; x_wconf 89' lang='lat' dir='ltr'><strong>ineunte.</strong></span> 
     </span>
     <span class='ocr_line' id='line_1_10' title="bbox 463 1705 698 1770; baseline 0.009 -2"><span class='ocrx_word' id='word_1_79' title='bbox 463 1724 495 1768; x_wconf 81' lang='lat' dir='ltr'><strong>v.</strong></span> <span class='ocrx_word' id='word_1_80' title='bbox 521 1705 597 1770; x_wconf 89' lang='lat' dir='ltr'><strong>adn.</strong></span> <span class='ocrx_word' id='word_1_81' title='bbox 625 1708 698 1770; x_wconf 80' lang='lat'><strong>328.</strong></span> 
     </span>
    </p>

    <p class='ocr_par' dir='ltr' id='par_1_6' title="bbox 462 1824 2087 2031">
     <span class='ocr_line' id='line_1_11' title="bbox 550 1824 2087 1913; baseline 0.001 -24"><span class='ocrx_word' id='word_1_82' title='bbox 550 1830 568 1888; x_wconf 81' lang='grc'><strong>5</strong></span> <span class='ocrx_word' id='word_1_83' title='bbox 593 1825 689 1891; x_wconf 85' lang='lat' dir='ltr'><strong>Gildo</strong></span> <span class='ocrx_word' id='word_1_84' title='bbox 711 1847 732 1892; x_wconf 90' lang='lat' dir='ltr'><strong>a</strong></span> <span class='ocrx_word' id='word_1_85' title='bbox 755 1833 869 1892; x_wconf 89' lang='lat' dir='ltr'><strong>senatu</strong></span> <span class='ocrx_word' id='word_1_86' title='bbox 891 1827 993 1893; x_wconf 91' lang='lat' dir='ltr'><strong>hostis</strong></span> <span class='ocrx_word' id='word_1_87' title='bbox 1014 1828 1163 1913; x_wconf 90' lang='lat' dir='ltr'><strong>publicus</strong></span> <span class='ocrx_word' id='word_1_88' title='bbox 1185 1826 1355 1910; x_wconf 87' lang='lat' dir='ltr'><strong>iudicatus,</strong></span> <span class='ocrx_word' id='word_1_89' title='bbox 1380 1826 1486 1892; x_wconf 91' lang='lat' dir='ltr'><strong>hieme</strong></span> <span class='ocrx_word' id='word_1_90' title='bbox 1509 1847 1541 1891; x_wconf 91' lang='lat' dir='ltr'><strong>a.</strong></span> <span class='ocrx_word' id='word_1_91' title='bbox 1561 1830 1621 1890; x_wconf 82' lang='grc'><strong>097</strong></span> <span class='ocrx_word' id='word_1_92' title='bbox 1645 1824 1830 1910; x_wconf 90' lang='lat' dir='ltr'><strong>incipiente.</strong></span> <span class='ocrx_word' id='word_1_93' title='bbox 1871 1824 1987 1891; x_wconf 83' lang='lat' dir='ltr'><strong>Claud.</strong></span> <span class='ocrx_word' id='word_1_94' title='bbox 2009 1826 2087 1891; x_wconf 87' lang='lat' dir='ltr'><strong>bell.</strong></span> 
     </span>
     <span class='ocr_line' id='line_1_12' title="bbox 462 1945 1513 2031; baseline -0.001 -21"><span class='ocrx_word' id='word_1_95' title='bbox 462 1945 549 2010; x_wconf 75' lang='lat' dir='ltr'><strong>Gild.</strong></span> <span class='ocrx_word' id='word_1_96' title='bbox 579 1949 618 2010; x_wconf 87' lang='grc'><strong>16</strong></span> <span class='ocrx_word' id='word_1_97' title='bbox 641 1969 728 2031; x_wconf 82' lang='lat' dir='ltr'><strong>quem</strong></span> <span class='ocrx_word' id='word_1_98' title='bbox 750 1951 874 2011; x_wconf 82' lang='lat' dir='ltr'><strong>veniens</strong></span> <span class='ocrx_word' id='word_1_99' title='bbox 896 1950 1012 2011; x_wconf 76' lang='lat' dir='ltr'><strong>iadioeit</strong></span> <span class='ocrx_word' id='word_1_100' title='bbox 1033 1950 1138 2028; x_wconf 77' lang='lat' dir='ltr'><strong>bicone,</strong></span> <span class='ocrx_word' id='word_1_101' title='bbox 1164 1968 1219 2010; x_wconf 87' lang='lat' dir='ltr'><strong>ver</strong></span> <span class='ocrx_word' id='word_1_102' title='bbox 1239 1952 1368 2031; x_wconf 82' lang='lat' dir='ltr'><strong>proterit</strong></span> <span class='ocrx_word' id='word_1_103' title='bbox 1390 1950 1513 2011; x_wconf 81' lang='lat' dir='ltr'><strong>bostem.</strong></span> 
     </span>
    </p>

    <p class='ocr_par' dir='ltr' id='par_1_7' title="bbox 548 2066 2025 2149">
     <span class='ocr_line' id='line_1_13' title="bbox 548 2066 2025 2149; baseline 0.001 -20"><span class='ocrx_word' id='word_1_104' title='bbox 548 2069 567 2129; x_wconf 88' lang='grc'><strong>0</strong></span> <span class='ocrx_word' id='word_1_105' title='bbox 589 2066 769 2132; x_wconf 86' lang='lat' dir='ltr'><strong>Flavianus</strong></span> <span class='ocrx_word' id='word_1_106' title='bbox 791 2066 833 2131; x_wconf 93' lang='lat' dir='ltr'><strong>ad</strong></span> <span class='ocrx_word' id='word_1_107' title='bbox 856 2068 1057 2133; x_wconf 91' lang='lat' dir='ltr'><strong>consulatum</strong></span> <span class='ocrx_word' id='word_1_108' title='bbox 1080 2067 1241 2133; x_wconf 81' lang='lat' dir='ltr'><strong>Theodori</strong></span> <span class='ocrx_word' id='word_1_109' title='bbox 1263 2074 1426 2149; x_wconf 78' lang='lat' dir='ltr'><strong>evocatus,</strong></span> <span class='ocrx_word' id='word_1_110' title='bbox 1452 2087 1482 2131; x_wconf 86' lang='lat' dir='ltr'><strong>a.</strong></span> <span class='ocrx_word' id='word_1_111' title='bbox 1509 2068 1571 2131; x_wconf 84' lang='lat'><strong>398</strong></span> <span class='ocrx_word' id='word_1_112' title='bbox 1594 2072 1744 2131; x_wconf 88' lang='lat' dir='ltr'><strong>exeunte.</strong></span> <span class='ocrx_word' id='word_1_113' title='bbox 1791 2087 1822 2130; x_wconf 88' lang='lat' dir='ltr'><strong>v.</strong></span> <span class='ocrx_word' id='word_1_114' title='bbox 1848 2066 1924 2131; x_wconf 90' lang='lat' dir='ltr'><strong>adn.</strong></span> <span class='ocrx_word' id='word_1_115' title='bbox 1952 2069 2025 2131; x_wconf 84' lang='lat'><strong>325.</strong></span> 
     </span>
    </p>

    <p class='ocr_par' dir='ltr' id='par_1_8' title="bbox 424 2186 2090 2390">
     <span class='ocr_line' id='line_1_14' title="bbox 550 2186 2090 2271; baseline 0 -21"><span class='ocrx_word' id='word_1_116' title='bbox 550 2191 568 2250; x_wconf 86' lang='lat'><strong>7</strong></span> <span class='ocrx_word' id='word_1_117' title='bbox 591 2186 769 2253; x_wconf 88' lang='lat' dir='ltr'><strong>familiares</strong></span> <span class='ocrx_word' id='word_1_118' title='bbox 792 2187 978 2271; x_wconf 87' lang='lat' dir='ltr'><strong>Symmachi</strong></span> <span class='ocrx_word' id='word_1_119' title='bbox 1007 2187 1041 2252; x_wconf 90' lang='lat' dir='ltr'><strong>in</strong></span> <span class='ocrx_word' id='word_1_120' title='bbox 1064 2186 1239 2271; x_wconf 86' lang='lat' dir='ltr'><strong>Hispanias</strong></span> <span class='ocrx_word' id='word_1_121' title='bbox 1267 2187 1375 2268; x_wconf 82' lang='lat' dir='ltr'><strong>mIssi,</strong></span> <span class='ocrx_word' id='word_1_122' title='bbox 1410 2194 1445 2253; x_wconf 92' lang='lat' dir='ltr'><strong>ut</strong></span> <span class='ocrx_word' id='word_1_123' title='bbox 1473 2204 1572 2270; x_wconf 91' lang='lat' dir='ltr'><strong>equos</strong></span> <span class='ocrx_word' id='word_1_124' title='bbox 1601 2186 1728 2251; x_wconf 88' lang='lat' dir='ltr'><strong>curules</strong></span> <span class='ocrx_word' id='word_1_125' title='bbox 1757 2186 1792 2250; x_wconf 91' lang='lat' dir='ltr'><strong>in</strong></span> <span class='ocrx_word' id='word_1_126' title='bbox 1822 2193 2005 2270; x_wconf 89' lang='lat' dir='ltr'><strong>praeturam</strong></span> <span class='ocrx_word' id='word_1_127' title='bbox 2031 2186 2090 2250; x_wconf 87' lang='lat' dir='ltr'><strong>tilii</strong></span> 
     </span>
     <span class='ocr_line' id='line_1_15' title="bbox 424 2306 1228 2390; baseline -0.001 -19"><span class='ocrx_word' id='word_1_128' title='bbox 424 2364 426 2371; x_wconf 80' lang='grc'><strong>,</strong></span> <span class='ocrx_word' id='word_1_129' title='bbox 461 2314 690 2390; x_wconf 87' lang='lat' dir='ltr'><strong>compararent,</strong></span> <span class='ocrx_word' id='word_1_130' title='bbox 718 2328 793 2375; x_wconf 90' lang='lat' dir='ltr'><strong>vere</strong></span> <span class='ocrx_word' id='word_1_131' title='bbox 815 2330 847 2373; x_wconf 89' lang='lat' dir='ltr'><strong>a.</strong></span> <span class='ocrx_word' id='word_1_132' title='bbox 874 2310 947 2372; x_wconf 90' lang='grc'>399.</span> <span class='ocrx_word' id='word_1_133' title='bbox 995 2329 1026 2372; x_wconf 85' lang='lat' dir='ltr'><strong>v.</strong></span> <span class='ocrx_word' id='word_1_134' title='bbox 1053 2306 1128 2373; x_wconf 90' lang='lat' dir='ltr'><strong>adn.</strong></span> <span class='ocrx_word' id='word_1_135' title='bbox 1155 2311 1228 2371; x_wconf 85' lang='lat'><strong>330.</strong></span> 
     </span>
    </p>

    <p class='ocr_par' dir='ltr' id='par_1_9' title="bbox 458 2425 2087 2750">
     <span class='ocr_line' id='line_1_16' title="bbox 547 2425 2087 2513; baseline 0.001 -24"><span class='ocrx_word' id='word_1_136' title='bbox 547 2428 565 2489; x_wconf 97' lang='grc'>8</span> <span class='ocrx_word' id='word_1_137' title='bbox 589 2447 672 2492; x_wconf 91' lang='lat' dir='ltr'><strong>anno</strong></span> <span class='ocrx_word' id='word_1_138' title='bbox 689 2434 761 2512; x_wconf 90' lang='lat' dir='ltr'><strong>post</strong></span> <span class='ocrx_word' id='word_1_139' title='bbox 775 2427 961 2494; x_wconf 87' lang='lat' dir='ltr'><strong>Stilichonis</strong></span> <span class='ocrx_word' id='word_1_140' title='bbox 977 2428 1176 2494; x_wconf 87' lang='lat' dir='ltr'><strong>consulatum</strong></span> <span class='ocrx_word' id='word_1_141' title='bbox 1192 2427 1370 2513; x_wconf 59' lang='lat' dir='ltr'><strong>scriptam)</strong></span> <span class='ocrx_word' id='word_1_142' title='bbox 1390 2427 1502 2511; x_wconf 89' lang='lat' dir='ltr'><strong>paucis</strong></span> <span class='ocrx_word' id='word_1_143' title='bbox 1516 2433 1590 2512; x_wconf 91' lang='lat' dir='ltr'><strong>post</strong></span> <span class='ocrx_word' id='word_1_144' title='bbox 1604 2425 1737 2492; x_wconf 88' lang='lat' dir='ltr'><strong>Honorii</strong></span> <span class='ocrx_word' id='word_1_145' title='bbox 1752 2427 1878 2491; x_wconf 88' lang='lat' dir='ltr'><strong>natales</strong></span> <span class='ocrx_word' id='word_1_146' title='bbox 1898 2426 1939 2507; x_wconf 78' lang='lat' dir='ltr'><strong>(d.</strong></span> <span class='ocrx_word' id='word_1_147' title='bbox 1962 2429 2000 2488; x_wconf 83' lang='lat'><strong>15</strong></span> <span class='ocrx_word' id='word_1_148' title='bbox 2017 2426 2087 2491; x_wconf 88' lang='lat' dir='ltr'><strong>Ian.</strong></span> 
     </span>
     <span class='ocr_line' id='line_1_17' title="bbox 459 2545 2087 2633; baseline 0.001 -24"><span class='ocrx_word' id='word_1_149' title='bbox 459 2545 581 2612; x_wconf 89' lang='lat' dir='ltr'><strong>Polem.</strong></span> <span class='ocrx_word' id='word_1_150' title='bbox 607 2546 701 2631; x_wconf 71' lang='lat' dir='ltr'><strong>Sila.)</strong></span> <span class='ocrx_word' id='word_1_151' title='bbox 734 2548 927 2632; x_wconf 73' lang='lat' dir='ltr'><strong>diebus704),</strong></span> <span class='ocrx_word' id='word_1_152' title='bbox 961 2568 1031 2614; x_wconf 92' lang='lat' dir='ltr'><strong>cum</strong></span> <span class='ocrx_word' id='word_1_153' title='bbox 1062 2547 1132 2614; x_wconf 90' lang='lat' dir='ltr'><strong>ludi</strong></span> <span class='ocrx_word' id='word_1_154' title='bbox 1160 2548 1313 2633; x_wconf 89' lang='lat' dir='ltr'><strong>praetorii</strong></span> <span class='ocrx_word' id='word_1_155' title='bbox 1343 2548 1529 2633; x_wconf 87' lang='lat' dir='ltr'><strong>Symmachi</strong></span> <span class='ocrx_word' id='word_1_156' title='bbox 1557 2547 1616 2612; x_wconf 87' lang='lat' dir='ltr'><strong>tilii</strong></span> <span class='ocrx_word' id='word_1_157' title='bbox 1645 2546 1809 2613; x_wconf 86' lang='lat' dir='ltr'><strong>instabant</strong></span> <span class='ocrx_word' id='word_1_158' title='bbox 1840 2548 1881 2630; x_wconf 80' lang='lat' dir='ltr'><strong>(a.</strong></span> <span class='ocrx_word' id='word_1_159' title='bbox 1907 2550 1996 2629; x_wconf 90' lang='grc'><strong>401).</strong></span> <span class='ocrx_word' id='word_1_160' title='bbox 2044 2545 2087 2611; x_wconf 82' lang='lat' dir='ltr'><strong>cf.</strong></span> 
     </span>
     <span class='ocr_line' id='line_1_18' title="bbox 458 2666 652 2750; baseline 0.01 -20"><span class='ocrx_word' id='word_1_161' title='bbox 458 2686 491 2750; x_wconf 91' lang='lat' dir='ltr'><strong>p.</strong></span> <span class='ocrx_word' id='word_1_162' title='bbox 517 2666 652 2732; x_wconf 88' lang='lat' dir='ltr'><strong>LXXII.</strong></span> 
     </span>
    </p>

    <p class='ocr_par' dir='ltr' id='par_1_10' title="bbox 456 2786 2089 2993">
     <span class='ocr_line' id='line_1_19' title="bbox 546 2786 2089 2872; baseline 0.001 -21"><span class='ocrx_word' id='word_1_163' title='bbox 546 2790 565 2850; x_wconf 92' lang='grc'>9</span> <span class='ocrx_word' id='word_1_164' title='bbox 588 2787 708 2872; x_wconf 83' lang='lat' dir='ltr'><strong>scripta</strong></span> <span class='ocrx_word' id='word_1_165' title='bbox 730 2787 852 2853; x_wconf 90' lang='lat' dir='ltr'><strong>ultimis</strong></span> <span class='ocrx_word' id='word_1_166' title='bbox 874 2789 995 2853; x_wconf 89' lang='lat' dir='ltr'><strong>mensis</strong></span> <span class='ocrx_word' id='word_1_167' title='bbox 1017 2787 1184 2859; x_wconf 82' lang='lat' dir='ltr'><strong>Februarii</strong></span> <span class='ocrx_word' id='word_1_168' title='bbox 1207 2809 1237 2853; x_wconf 91' lang='lat' dir='ltr'><strong>a.</strong></span> <span class='ocrx_word' id='word_1_169' title='bbox 1264 2791 1326 2851; x_wconf 74' lang='grc'><strong>402</strong></span> <span class='ocrx_word' id='word_1_170' title='bbox 1350 2788 1480 2869; x_wconf 91' lang='lat' dir='ltr'><strong>diebus,</strong></span> <span class='ocrx_word' id='word_1_171' title='bbox 1515 2807 1588 2853; x_wconf 90' lang='lat' dir='ltr'><strong>cum</strong></span> <span class='ocrx_word' id='word_1_172' title='bbox 1611 2787 1824 2870; x_wconf 87' lang='lat' dir='ltr'><strong>Symmachus</strong></span> <span class='ocrx_word' id='word_1_173' title='bbox 1850 2786 2013 2870; x_wconf 86' lang='lat' dir='ltr'><strong>legatione</strong></span> <span class='ocrx_word' id='word_1_174' title='bbox 2035 2807 2089 2853; x_wconf 90' lang='lat' dir='ltr'><strong>se-</strong></span> 
     </span>
     <span class='ocr_line' id='line_1_20' title="bbox 456 2906 2085 2993; baseline 0.001 -22"><span class='ocrx_word' id='word_1_175' title='bbox 456 2914 551 2972; x_wconf 89' lang='lat' dir='ltr'><strong>natus</strong></span> <span class='ocrx_word' id='word_1_176' title='bbox 574 2907 669 2972; x_wconf 92' lang='lat' dir='ltr'><strong>simul</strong></span> <span class='ocrx_word' id='word_1_177' title='bbox 685 2928 757 2973; x_wconf 93' lang='lat' dir='ltr'><strong>cum</strong></span> <span class='ocrx_word' id='word_1_178' title='bbox 774 2907 950 2974; x_wconf 86' lang='lat' dir='ltr'><strong>Stilichone</strong></span> <span class='ocrx_word' id='word_1_179' title='bbox 965 2914 1116 2993; x_wconf 87' lang='lat' dir='ltr'><strong>suscepta</strong></span> <span class='ocrx_word' id='word_1_180' title='bbox 1130 2907 1316 2973; x_wconf 90' lang='lat' dir='ltr'><strong>Mediolanii</strong></span> <span class='ocrx_word' id='word_1_181' title='bbox 1332 2907 1506 2973; x_wconf 86' lang='lat' dir='ltr'><strong>adventum</strong></span> <span class='ocrx_word' id='word_1_182' title='bbox 1522 2907 1593 2972; x_wconf 89' lang='lat' dir='ltr'><strong>eius</strong></span> <span class='ocrx_word' id='word_1_183' title='bbox 1609 2908 1814 2991; x_wconf 83' lang='lat' dir='ltr'><strong>expectabat.</strong></span> <span class='ocrx_word' id='word_1_184' title='bbox 1854 2906 1895 2972; x_wconf 83' lang='lat' dir='ltr'><strong>cf.</strong></span> <span class='ocrx_word' id='word_1_185' title='bbox 1913 2930 1945 2993; x_wconf 94' lang='lat' dir='ltr'><strong>p.</strong></span> <span class='ocrx_word' id='word_1_186' title='bbox 1965 2908 2085 2972; x_wconf 91' lang='lat' dir='ltr'><strong>LXIII.</strong></span> 
     </span>
    </p>

    <p class='ocr_par' dir='ltr' id='par_1_11' title="bbox 456 3026 2086 3231">
     <span class='ocr_line' id='line_1_21' title="bbox 547 3026 2086 3113; baseline 0.003 -24"><span class='ocrx_word' id='word_1_187' title='bbox 547 3032 586 3090; x_wconf 78' lang='lat'><strong>12</strong></span> <span class='ocrx_word' id='word_1_188' title='bbox 609 3027 728 3112; x_wconf 87' lang='lat' dir='ltr'><strong>scripta</strong></span> <span class='ocrx_word' id='word_1_189' title='bbox 756 3035 829 3113; x_wconf 91' lang='lat' dir='ltr'><strong>post</strong></span> <span class='ocrx_word' id='word_1_190' title='bbox 851 3027 1035 3094; x_wconf 89' lang='lat' dir='ltr'><strong>Stilichonis</strong></span> <span class='ocrx_word' id='word_1_191' title='bbox 1062 3028 1156 3095; x_wconf 93' lang='lat' dir='ltr'><strong>ludos</strong></span> <span class='ocrx_word' id='word_1_192' title='bbox 1186 3030 1372 3095; x_wconf 88' lang='lat' dir='ltr'><strong>consulares</strong></span> <span class='ocrx_word' id='word_1_193' title='bbox 1394 3035 1427 3094; x_wconf 92' lang='lat' dir='ltr'><strong>et</strong></span> <span class='ocrx_word' id='word_1_194' title='bbox 1448 3035 1621 3109; x_wconf 85' lang='lat' dir='ltr'><strong>antequam</strong></span> <span class='ocrx_word' id='word_1_195' title='bbox 1644 3026 1858 3111; x_wconf 89' lang='lat' dir='ltr'><strong>Symmachus</strong></span> <span class='ocrx_word' id='word_1_196' title='bbox 1881 3027 1967 3092; x_wconf 88' lang='lat' dir='ltr'><strong>filius</strong></span> <span class='ocrx_word' id='word_1_197' title='bbox 1989 3048 2086 3112; x_wconf 87' lang='lat' dir='ltr'><strong>prac-</strong></span> 
     </span>
     <span class='ocr_line' id='line_1_22' title="bbox 456 3147 911 3231; baseline 0.002 -19"><span class='ocrx_word' id='word_1_198' title='bbox 456 3154 561 3212; x_wconf 90' lang='lat' dir='ltr'><strong>turam</strong></span> <span class='ocrx_word' id='word_1_199' title='bbox 582 3147 753 3231; x_wconf 67' lang='grc'><strong>1111100711),</strong></span> <span class='ocrx_word' id='word_1_200' title='bbox 779 3169 809 3213; x_wconf 90' lang='lat' dir='ltr'><strong>a.</strong></span> <span class='ocrx_word' id='word_1_201' title='bbox 836 3152 911 3213; x_wconf 93' lang='grc'><strong>400.</strong></span> 
     </span>
    </p>
   </div>
   <div class='ocr_carea' id='block_1_4' title="bbox 452 3267 2085 3955">
    <p class='ocr_par' dir='ltr' id='par_1_12' title="bbox 452 3267 2085 3714">
     <span class='ocr_line' id='line_1_23' title="bbox 544 3267 2083 3353; baseline 0.002 -23"><span class='ocrx_word' id='word_1_202' title='bbox 544 3271 582 3331; x_wconf 81' lang='grc'><strong>13</strong></span> <span class='ocrx_word' id='word_1_203' title='bbox 612 3267 826 3352; x_wconf 87' lang='lat' dir='ltr'><strong>Symmachus</strong></span> <span class='ocrx_word' id='word_1_204' title='bbox 858 3288 957 3352; x_wconf 84' lang='lat' dir='ltr'><strong>aeger</strong></span> <span class='ocrx_word' id='word_1_205' title='bbox 990 3289 1031 3334; x_wconf 85' lang='lat' dir='ltr'><strong>ex</strong></span> <span class='ocrx_word' id='word_1_206' title='bbox 1060 3269 1175 3335; x_wconf 90' lang='lat' dir='ltr'><strong>itinere</strong></span> <span class='ocrx_word' id='word_1_207' title='bbox 1204 3270 1311 3353; x_wconf 84' lang='lat' dir='ltr'><strong>ailquo</strong></span> <span class='ocrx_word' id='word_1_208' title='bbox 1341 3269 1473 3335; x_wconf 89' lang='lat' dir='ltr'><strong>revertit</strong></span> <span class='ocrx_word' id='word_1_209' title='bbox 1500 3275 1533 3334; x_wconf 91' lang='lat' dir='ltr'><strong>et</strong></span> <span class='ocrx_word' id='word_1_210' title='bbox 1562 3268 1747 3335; x_wconf 88' lang='lat' dir='ltr'><strong>Stilichonis</strong></span> <span class='ocrx_word' id='word_1_211' title='bbox 1777 3269 1933 3334; x_wconf 87' lang='lat' dir='ltr'><strong>adventus</strong></span> <span class='ocrx_word' id='word_1_212' title='bbox 1962 3269 2083 3335; x_wconf 90' lang='lat' dir='ltr'><strong>Romae</strong></span> 
     </span>
     <span class='ocr_line' id='line_1_24' title="bbox 454 3388 2085 3474; baseline 0.002 -23"><span class='ocrx_word' id='word_1_213' title='bbox 454 3393 651 3471; x_wconf 83' lang='lat' dir='ltr'><strong>expectatur.</strong></span> <span class='ocrx_word' id='word_1_214' title='bbox 690 3388 781 3453; x_wconf 91' lang='lat' dir='ltr'><strong>illum</strong></span> <span class='ocrx_word' id='word_1_215' title='bbox 804 3409 834 3453; x_wconf 89' lang='lat' dir='ltr'><strong>a.</strong></span> <span class='ocrx_word' id='word_1_216' title='bbox 854 3393 916 3451; x_wconf 77' lang='grc'><strong>402</strong></span> <span class='ocrx_word' id='word_1_217' title='bbox 936 3389 1165 3455; x_wconf 87' lang='lat' dir='ltr'><strong>Mediolanium</strong></span> <span class='ocrx_word' id='word_1_218' title='bbox 1182 3389 1358 3474; x_wconf 87' lang='lat' dir='ltr'><strong>profectum</strong></span> <span class='ocrx_word' id='word_1_219' title='bbox 1374 3396 1407 3454; x_wconf 90' lang='lat' dir='ltr'><strong>et</strong></span> <span class='ocrx_word' id='word_1_220' title='bbox 1420 3409 1484 3454; x_wconf 91' lang='lat' dir='ltr'><strong>non</strong></span> <span class='ocrx_word' id='word_1_221' title='bbox 1499 3390 1599 3455; x_wconf 90' lang='lat' dir='ltr'><strong>multo</strong></span> <span class='ocrx_word' id='word_1_222' title='bbox 1614 3396 1687 3473; x_wconf 91' lang='lat' dir='ltr'><strong>post</strong></span> <span class='ocrx_word' id='word_1_223' title='bbox 1702 3395 1857 3454; x_wconf 89' lang='lat' dir='ltr'><strong>mortuum</strong></span> <span class='ocrx_word' id='word_1_224' title='bbox 1874 3408 1957 3469; x_wconf 92' lang='lat' dir='ltr'><strong>esse,</strong></span> <span class='ocrx_word' id='word_1_225' title='bbox 1985 3408 2085 3473; x_wconf 88' lang='lat' dir='ltr'><strong>supra</strong></span> 
     </span>
     <span class='ocr_line' id='line_1_25' title="bbox 458 3508 2082 3595; baseline 0.001 -24"><span class='ocrx_word' id='word_1_226' title='bbox 458 3509 500 3592; x_wconf 82' lang='lat' dir='ltr'><strong>(p.</strong></span> <span class='ocrx_word' id='word_1_227' title='bbox 519 3508 652 3591; x_wconf 83' lang='lat' dir='ltr'><strong>LXXII)</strong></span> <span class='ocrx_word' id='word_1_228' title='bbox 672 3508 737 3574; x_wconf 89' lang='lat' dir='ltr'><strong>iam</strong></span> <span class='ocrx_word' id='word_1_229' title='bbox 752 3509 906 3588; x_wconf 77' lang='lat' dir='ltr'><strong>vidimus3</strong></span> <span class='ocrx_word' id='word_1_230' title='bbox 929 3508 1137 3575; x_wconf 89' lang='lat' dir='ltr'><strong>Stilichonem</strong></span> <span class='ocrx_word' id='word_1_231' title='bbox 1153 3516 1225 3594; x_wconf 89' lang='lat' dir='ltr'><strong>post</strong></span> <span class='ocrx_word' id='word_1_232' title='bbox 1240 3510 1362 3575; x_wconf 84' lang='lat' dir='ltr'><strong>Gothos</strong></span> <span class='ocrx_word' id='word_1_233' title='bbox 1378 3509 1464 3595; x_wconf 92' lang='lat' dir='ltr'><strong>apud</strong></span> <span class='ocrx_word' id='word_1_234' title='bbox 1480 3510 1671 3575; x_wconf 90' lang='lat' dir='ltr'><strong>Pollentiam</strong></span> <span class='ocrx_word' id='word_1_235' title='bbox 1688 3508 1720 3573; x_wconf 90' lang='lat' dir='ltr'><strong>d.</strong></span> <span class='ocrx_word' id='word_1_236' title='bbox 1740 3513 1757 3572; x_wconf 87' lang='grc'>7</span> <span class='ocrx_word' id='word_1_237' title='bbox 1775 3509 1877 3593; x_wconf 79' lang='lat' dir='ltr'><strong>April.</strong></span> <span class='ocrx_word' id='word_1_238' title='bbox 1895 3529 1928 3574; x_wconf 91' lang='lat' dir='ltr'><strong>a.</strong></span> <span class='ocrx_word' id='word_1_239' title='bbox 1946 3511 2008 3572; x_wconf 81' lang='lat'><strong>402</strong></span> <span class='ocrx_word' id='word_1_240' title='bbox 2024 3508 2082 3573; x_wconf 91' lang='lat' dir='ltr'><strong>de-</strong></span> 
     </span>
     <span class='ocr_line' id='line_1_26' title="bbox 452 3627 2078 3714; baseline -0.001 -20"><span class='ocrx_word' id='word_1_241' title='bbox 452 3627 553 3694; x_wconf 83' lang='lat' dir='ltr'><strong>victos</strong></span> <span class='ocrx_word' id='word_1_242' title='bbox 568 3630 701 3694; x_wconf 88' lang='lat' dir='ltr'><strong>Romam</strong></span> <span class='ocrx_word' id='word_1_243' title='bbox 724 3629 862 3711; x_wconf 84' lang='lat' dir='ltr'><strong>venIsse,</strong></span> <span class='ocrx_word' id='word_1_244' title='bbox 888 3630 1104 3714; x_wconf 84' lang='lat' dir='ltr'><strong>panegyricus</strong></span> <span class='ocrx_word' id='word_1_245' title='bbox 1120 3630 1292 3696; x_wconf 83' lang='lat' dir='ltr'><strong>Claudiani</strong></span> <span class='ocrx_word' id='word_1_246' title='bbox 1314 3630 1406 3696; x_wconf 90' lang='lat' dir='ltr'><strong>testis</strong></span> <span class='ocrx_word' id='word_1_247' title='bbox 1429 3637 1478 3695; x_wconf 91' lang='lat' dir='ltr'><strong>est</strong></span> <span class='ocrx_word' id='word_1_248' title='bbox 1500 3630 1533 3695; x_wconf 91' lang='lat' dir='ltr'><strong>iu</strong></span> <span class='ocrx_word' id='word_1_249' title='bbox 1556 3630 1634 3696; x_wconf 89' lang='lat' dir='ltr'><strong>urbe</strong></span> <span class='ocrx_word' id='word_1_250' title='bbox 1658 3651 1763 3695; x_wconf 88' lang='lat' dir='ltr'><strong>coram</strong></span> <span class='ocrx_word' id='word_1_251' title='bbox 1780 3629 1899 3694; x_wconf 91' lang='lat' dir='ltr'><strong>victore</strong></span> <span class='ocrx_word' id='word_1_252' title='bbox 1914 3628 2078 3694; x_wconf 91' lang='lat' dir='ltr'><strong>recitatus.</strong></span> 
     </span>
    </p>

    <p class='ocr_par' dir='ltr' id='par_1_13' title="bbox 452 3749 2075 3955">
     <span class='ocr_line' id='line_1_27' title="bbox 541 3749 2075 3835; baseline -0.001 -22"><span class='ocrx_word' id='word_1_253' title='bbox 541 3753 579 3812; x_wconf 95' lang='grc'><strong>14</strong></span> <span class='ocrx_word' id='word_1_254' title='bbox 603 3749 643 3815; x_wconf 90' lang='lat' dir='ltr'><strong>de</strong></span> <span class='ocrx_word' id='word_1_255' title='bbox 666 3749 785 3834; x_wconf 90' lang='lat' dir='ltr'><strong>nuptiis</strong></span> <span class='ocrx_word' id='word_1_256' title='bbox 806 3750 890 3815; x_wconf 89' lang='lat' dir='ltr'><strong>inter</strong></span> <span class='ocrx_word' id='word_1_257' title='bbox 912 3751 1097 3835; x_wconf 89' lang='lat' dir='ltr'><strong>Symmachi</strong></span> <span class='ocrx_word' id='word_1_258' title='bbox 1120 3750 1221 3816; x_wconf 87' lang='lat' dir='ltr'><strong>filium</strong></span> <span class='ocrx_word' id='word_1_259' title='bbox 1244 3756 1277 3817; x_wconf 91' lang='lat' dir='ltr'><strong>et</strong></span> <span class='ocrx_word' id='word_1_260' title='bbox 1298 3750 1427 3816; x_wconf 88' lang='lat' dir='ltr'><strong>Gallam</strong></span> <span class='ocrx_word' id='word_1_261' title='bbox 1451 3750 1600 3815; x_wconf 85' lang='lat' dir='ltr'><strong>Flaviani</strong></span> <span class='ocrx_word' id='word_1_262' title='bbox 1623 3751 1721 3815; x_wconf 87' lang='lat' dir='ltr'><strong>tiliam</strong></span> <span class='ocrx_word' id='word_1_263' title='bbox 1746 3749 1916 3816; x_wconf 88' lang='lat' dir='ltr'><strong>celebratis</strong></span> <span class='ocrx_word' id='word_1_264' title='bbox 1943 3750 1984 3831; x_wconf 82' lang='lat' dir='ltr'><strong>(a.</strong></span> <span class='ocrx_word' id='word_1_265' title='bbox 2003 3752 2075 3831; x_wconf 88' lang='grc'><strong>401)</strong></span> 
     </span>
     <span class='ocr_line' id='line_1_28' title="bbox 452 3871 937 3955; baseline 0.004 -23"><span class='ocrx_word' id='word_1_266' title='bbox 452 3888 556 3934; x_wconf 91' lang='lat' dir='ltr'><strong>sermo</strong></span> <span class='ocrx_word' id='word_1_267' title='bbox 578 3877 638 3935; x_wconf 88' lang='lat' dir='ltr'><strong>est.</strong></span> <span class='ocrx_word' id='word_1_268' title='bbox 685 3893 716 3937; x_wconf 79' lang='lat' dir='ltr'><strong>v.</strong></span> <span class='ocrx_word' id='word_1_269' title='bbox 743 3892 774 3955; x_wconf 91' lang='lat' dir='ltr'><strong>p.</strong></span> <span class='ocrx_word' id='word_1_270' title='bbox 801 3871 937 3935; x_wconf 84' lang='lat' dir='ltr'><strong>LXXII.</strong></span> 
     </span>
    </p>
   </div>
   <div class='ocr_carea' id='block_1_5' title="bbox 970 4196 1592 4281">
    <p class='ocr_par' dir='ltr' id='par_1_14' title="bbox 970 4196 1592 4281">
     <span class='ocr_line' id='line_1_29' title="bbox 970 4196 1592 4281; baseline 0 -1"><span class='ocrx_word' id='word_1_271' title='bbox 970 4198 1019 4280; x_wconf 85' lang='lat' dir='ltr'><strong>IV</strong></span> <span class='ocrx_word' id='word_1_272' title='bbox 1047 4198 1101 4281; x_wconf 88' lang='grc'><strong>15.</strong></span> <span class='ocrx_word' id='word_1_273' title='bbox 1130 4196 1172 4280; x_wconf 83' lang='lat' dir='ltr'><strong>ld</strong></span> <span class='ocrx_word' id='word_1_274' title='bbox 1207 4196 1270 4278; x_wconf 76' lang='lat' dir='ltr'><strong>nl)</strong></span> <span class='ocrx_word' id='word_1_275' title='bbox 1299 4197 1553 4280; x_wconf 71' lang='lat' dir='ltr'><strong>usvundun.</strong></span> <span class='ocrx_word' id='word_1_276' title='bbox 1589 4216 1592 4221; x_wconf 80' lang='grc'>’</span> 
     </span>
    </p>
   </div>
   <div class='ocr_carea' id='block_1_6' title="bbox 448 4368 2112 4576">
    <p class='ocr_par' dir='ltr' id='par_1_15' title="bbox 448 4368 2112 4576">
     <span class='ocr_line' id='line_1_30' title="bbox 535 4368 2075 4457; baseline 0 -23"><span class='ocrx_word' id='word_1_277' title='bbox 535 4370 655 4454; x_wconf 90' lang='lat' dir='ltr'><strong>Bauto,</strong></span> <span class='ocrx_word' id='word_1_278' title='bbox 690 4370 781 4436; x_wconf 91' lang='lat' dir='ltr'><strong>cuius</strong></span> <span class='ocrx_word' id='word_1_279' title='bbox 803 4370 871 4435; x_wconf 87' lang='lat' dir='ltr'><strong>filia</strong></span> <span class='ocrx_word' id='word_1_280' title='bbox 892 4368 1041 4435; x_wconf 81' lang='lat' dir='ltr'><strong>Eudoxio</strong></span> <span class='ocrx_word' id='word_1_281' title='bbox 1063 4371 1210 4454; x_wconf 79' lang='lat' dir='ltr'><strong>Augusta</strong></span> <span class='ocrx_word' id='word_1_282' title='bbox 1232 4369 1341 4436; x_wconf 82' lang='lat' dir='ltr'><strong>futura</strong></span> <span class='ocrx_word' id='word_1_283' title='bbox 1362 4374 1508 4457; x_wconf 58' lang='lat' dir='ltr'><strong>eratho),</strong></span> <span class='ocrx_word' id='word_1_284' title='bbox 1541 4372 1867 4452; x_wconf 81' lang='lat' dir='ltr'><strong>Transrhenanus⁷⁰⁷)</strong></span> <span class='ocrx_word' id='word_1_285' title='bbox 1894 4389 1935 4434; x_wconf 84' lang='lat' dir='ltr'><strong>ex</strong></span> <span class='ocrx_word' id='word_1_286' title='bbox 1957 4389 2075 4453; x_wconf 84' lang='lat' dir='ltr'><strong>genere</strong></span> 
     </span>
     <span class='ocr_line' id='line_1_31' title="bbox 448 4489 2112 4576; baseline -0.001 -21"><span class='ocrx_word' id='word_1_287' title='bbox 448 4491 643 4558; x_wconf 84' lang='lat' dir='ltr'><strong>Francorum</strong></span> <span class='ocrx_word' id='word_1_288' title='bbox 653 4494 702 4576; x_wconf 65' lang='grc'><strong>704)</strong></span> <span class='ocrx_word' id='word_1_289' title='bbox 730 4496 913 4573; x_wconf 90' lang='lat' dir='ltr'><strong>natusest,</strong></span> <span class='ocrx_word' id='word_1_290' title='bbox 942 4489 1000 4555; x_wconf 91' lang='lat' dir='ltr'><strong>sed</strong></span> <span class='ocrx_word' id='word_1_291' title='bbox 1022 4489 1228 4556; x_wconf 90' lang='lat' dir='ltr'><strong>nihilominus</strong></span> <span class='ocrx_word' id='word_1_292' title='bbox 1250 4490 1347 4556; x_wconf 87' lang='lat' dir='ltr'><strong>fidem</strong></span> <span class='ocrx_word' id='word_1_293' title='bbox 1370 4491 1578 4558; x_wconf 89' lang='lat' dir='ltr'><strong>christianam</strong></span> <span class='ocrx_word' id='word_1_294' title='bbox 1601 4492 1699 4558; x_wconf 92' lang='lat' dir='ltr'><strong>coluit</strong></span> <span class='ocrx_word' id='word_1_295' title='bbox 1709 4493 1774 4575; x_wconf 74' lang='lat'><strong>⁷0¹³).</strong></span> <span class='ocrx_word' id='word_1_296' title='bbox 1820 4491 1885 4556; x_wconf 89' lang='lat' dir='ltr'><strong>iam</strong></span> <span class='ocrx_word' id='word_1_297' title='bbox 1909 4491 1969 4555; x_wconf 92' lang='lat' dir='ltr'><strong>sub</strong></span> <span class='ocrx_word' id='word_1_298' title='bbox 1993 4490 2076 4555; x_wconf 87' lang='lat' dir='ltr'><strong>Gra·</strong></span> <span class='ocrx_word' id='word_1_299' title='bbox 2109 4564 2112 4569; x_wconf 19' lang='lat'><strong>⁴</strong></span> 
     </span>
    </p>
   </div>
   <div class='ocr_carea' id='block_1_7' title="bbox 440 4698 2074 5799">
    <p class='ocr_par' dir='ltr' id='par_1_16' title="bbox 535 4698 2014 4762">
     <span class='ocr_line' id='line_1_32' title="bbox 535 4698 2014 4762; baseline -0.003 -12"><span class='ocrx_word' id='word_1_300' title='bbox 535 4699 592 4761; x_wconf 81' lang='grc'><strong>703)</strong></span> <span class='ocrx_word' id='word_1_301' title='bbox 618 4701 675 4762; x_wconf 90' lang='grc'><strong>100,</strong></span> <span class='ocrx_word' id='word_1_302' title='bbox 697 4700 727 4749; x_wconf 84' lang='grc'><strong>31</strong></span> <span class='ocrx_word' id='word_1_303' title='bbox 748 4701 851 4762; x_wconf 78' lang='lat' dir='ltr'><strong>fostipio</strong></span> <span class='ocrx_word' id='word_1_304' title='bbox 869 4701 1003 4762; x_wconf 67' lang='lat' dir='ltr'><strong>mallosi,</strong></span> <span class='ocrx_word' id='word_1_305' title='bbox 1024 4698 1089 4761; x_wconf 81' lang='lat' dir='ltr'><strong>quod</strong></span> <span class='ocrx_word' id='word_1_306' title='bbox 1104 4702 1216 4761; x_wconf 76' lang='lat' dir='ltr'><strong>proxime</strong></span> <span class='ocrx_word' id='word_1_307' title='bbox 1234 4703 1272 4748; x_wconf 83' lang='lat' dir='ltr'><strong>tui</strong></span> <span class='ocrx_word' id='word_1_308' title='bbox 1289 4702 1406 4750; x_wconf 80' lang='lat' dir='ltr'><strong>culminis</strong></span> <span class='ocrx_word' id='word_1_309' title='bbox 1423 4700 1485 4761; x_wconf 73' lang='lat' dir='ltr'><strong>setis:</strong></span> <span class='ocrx_word' id='word_1_310' title='bbox 1503 4707 1526 4750; x_wconf 83' lang='lat' dir='ltr'><strong>et</strong></span> <span class='ocrx_word' id='word_1_311' title='bbox 1544 4704 1603 4749; x_wconf 84' lang='lat' dir='ltr'><strong>otim</strong></span> <span class='ocrx_word' id='word_1_312' title='bbox 1622 4701 1714 4750; x_wconf 79' lang='lat' dir='ltr'><strong>dehr‘tua</strong></span> <span class='ocrx_word' id='word_1_313' title='bbox 1731 4703 1892 4762; x_wconf 64' lang='lat' dir='ltr'><strong>maurenasca</strong></span> <span class='ocrx_word' id='word_1_314' title='bbox 1908 4702 2014 4748; x_wconf 80' lang='lat' dir='ltr'><strong>ornavit.</strong></span> 
     </span>
    </p>

    <p class='ocr_par' dir='ltr' id='par_1_17' title="bbox 447 4784 2074 4937">
     <span class='ocr_line' id='line_1_33' title="bbox 533 4784 2074 4849; baseline -0.001 -15"><span class='ocrx_word' id='word_1_315' title='bbox 533 4786 590 4848; x_wconf 77' lang='grc'><strong>704)</strong></span> <span class='ocrx_word' id='word_1_316' title='bbox 614 4784 672 4847; x_wconf 86' lang='lat'><strong>100,</strong></span> <span class='ocrx_word' id='word_1_317' title='bbox 693 4785 726 4835; x_wconf 78' lang='lat'><strong>24</strong></span> <span class='ocrx_word' id='word_1_318' title='bbox 750 4786 779 4834; x_wconf 81' lang='lat' dir='ltr'><strong>dc</strong></span> <span class='ocrx_word' id='word_1_319' title='bbox 801 4790 870 4848; x_wconf 78' lang='lat' dir='ltr'><strong>cquis</strong></span> <span class='ocrx_word' id='word_1_320' title='bbox 892 4787 921 4835; x_wconf 88' lang='lat' dir='ltr'><strong>ob</strong></span> <span class='ocrx_word' id='word_1_321' title='bbox 945 4788 1056 4836; x_wconf 78' lang='lat' dir='ltr'><strong>natatem</strong></span> <span class='ocrx_word' id='word_1_322' title='bbox 1080 4786 1175 4837; x_wconf 77' lang='lat' dir='ltr'><strong>domtus</strong></span> <span class='ocrx_word' id='word_1_323' title='bbox 1198 4791 1278 4836; x_wconf 80' lang='lat' dir='ltr'><strong>nostri</strong></span> <span class='ocrx_word' id='word_1_324' title='bbox 1297 4788 1401 4836; x_wconf 69' lang='lat' dir='ltr'><strong>aomos</strong></span> <span class='ocrx_word' id='word_1_325' title='bbox 1425 4815 1457 4825; x_wconf 91' lang='lat'><em>-</em></span> <span class='ocrx_word' id='word_1_326' title='bbox 1484 4788 1632 4849; x_wconf 77' lang='lat' dir='ltr'><strong>lurpiendis,</strong></span> <span class='ocrx_word' id='word_1_327' title='bbox 1659 4789 1776 4837; x_wconf 79' lang='lat' dir='ltr'><strong>licetine</strong></span> <span class='ocrx_word' id='word_1_328' title='bbox 1795 4800 1861 4837; x_wconf 81' lang='lat' dir='ltr'><strong>cono</strong></span> <span class='ocrx_word' id='word_1_329' title='bbox 1879 4786 1986 4848; x_wconf 77' lang='lat' dir='ltr'><strong>obsequii</strong></span> <span class='ocrx_word' id='word_1_330' title='bbox 2004 4789 2074 4834; x_wconf 75' lang='lat' dir='ltr'><strong>istim</strong></span> 
     </span>
     <span class='ocr_line' id='line_1_34' title="bbox 447 4871 1364 4937; baseline 0.004 -18"><span class='ocrx_word' id='word_1_331' title='bbox 447 4876 542 4931; x_wconf 80' lang='lat' dir='ltr'><strong>tempos</strong></span> <span class='ocrx_word' id='word_1_332' title='bbox 560 4871 696 4935; x_wconf 73' lang='lat' dir='ltr'><strong>effluxerit,</strong></span> <span class='ocrx_word' id='word_1_333' title='bbox 715 4874 804 4932; x_wconf 76' lang='lat' dir='ltr'><strong>opinor</strong></span> <span class='ocrx_word' id='word_1_334' title='bbox 821 4876 907 4921; x_wconf 83' lang='lat' dir='ltr'><strong>votnm</strong></span> <span class='ocrx_word' id='word_1_335' title='bbox 924 4887 1006 4922; x_wconf 83' lang='lat' dir='ltr'><strong>meum</strong></span> <span class='ocrx_word' id='word_1_336' title='bbox 1023 4877 1198 4935; x_wconf 71' lang='lat' dir='ltr'><strong>conposuisse</strong></span> <span class='ocrx_word' id='word_1_337' title='bbox 1216 4873 1364 4937; x_wconf 69' lang='lat' dir='ltr'><strong>reprehendi.</strong></span> 
     </span>
    </p>

    <p class='ocr_par' dir='ltr' id='par_1_18' title="bbox 443 4956 2073 5190">
     <span class='ocr_line' id='line_1_35' title="bbox 533 4956 2073 5024; baseline 0.003 -19"><span class='ocrx_word' id='word_1_338' title='bbox 533 4957 592 5019; x_wconf 79' lang='lat'>705)</span> <span class='ocrx_word' id='word_1_339' title='bbox 615 4957 670 5018; x_wconf 90' lang='grc'><strong>101,</strong></span> <span class='ocrx_word' id='word_1_340' title='bbox 692 4956 725 5005; x_wconf 88' lang='grc'><strong>34</strong></span> <span class='ocrx_word' id='word_1_341' title='bbox 749 4961 907 5008; x_wconf 68' lang='lat' dir='ltr'><strong>cumulatum</strong></span> <span class='ocrx_word' id='word_1_342' title='bbox 925 4961 1071 5010; x_wconf 82' lang='lat' dir='ltr'><strong>liberalitate</strong></span> <span class='ocrx_word' id='word_1_343' title='bbox 1088 4963 1218 5010; x_wconf 80' lang='lat' dir='ltr'><strong>continuus</strong></span> <span class='ocrx_word' id='word_1_344' title='bbox 1236 4966 1259 5008; x_wconf 82' lang='lat' dir='ltr'><strong>et</strong></span> <span class='ocrx_word' id='word_1_345' title='bbox 1275 4967 1304 5009; x_wconf 85' lang='lat' dir='ltr'><strong>nt</strong></span> <span class='ocrx_word' id='word_1_346' title='bbox 1321 4960 1434 5022; x_wconf 83' lang='lat' dir='ltr'><strong>panIcas</strong></span> <span class='ocrx_word' id='word_1_347' title='bbox 1449 4976 1541 5022; x_wconf 68' lang='lat' dir='ltr'><strong>puteas</strong></span> <span class='ocrx_word' id='word_1_348' title='bbox 1561 4965 1587 5009; x_wconf 84' lang='lat' dir='ltr'><strong>in</strong></span> <span class='ocrx_word' id='word_1_349' title='bbox 1604 4962 1737 5023; x_wconf 76' lang='lat' dir='ltr'><strong>futuros</strong></span> <span class='ocrx_word' id='word_1_350' title='bbox 1758 4964 1832 5010; x_wconf 81' lang='lat' dir='ltr'><strong>etiam</strong></span> <span class='ocrx_word' id='word_1_351' title='bbox 1849 4966 2009 5024; x_wconf 76' lang='lat' dir='ltr'><strong>rnupistrutas</strong></span> <span class='ocrx_word' id='word_1_352' title='bbox 2027 4966 2073 5010; x_wconf 89' lang='lat' dir='ltr'><strong>im·</strong></span> 
     </span>
     <span class='ocr_line' id='line_1_36' title="bbox 443 5044 2073 5110; baseline 0.004 -21"><span class='ocrx_word' id='word_1_353' title='bbox 443 5044 562 5102; x_wconf 79' lang='lat' dir='ltr'><strong>periclem</strong></span> <span class='ocrx_word' id='word_1_354' title='bbox 579 5056 696 5103; x_wconf 74' lang='lat' dir='ltr'><strong>provocas</strong></span> <span class='ocrx_word' id='word_1_355' title='bbox 714 5044 862 5103; x_wconf 67' lang='lat' dir='ltr'><strong>turpantem.</strong></span> <span class='ocrx_word' id='word_1_356' title='bbox 896 5059 942 5108; x_wconf 79' lang='lat' dir='ltr'><strong>qao</strong></span> <span class='ocrx_word' id='word_1_357' title='bbox 961 5060 1017 5107; x_wconf 76' lang='lat' dir='ltr'><strong>erpo</strong></span> <span class='ocrx_word' id='word_1_358' title='bbox 1034 5047 1095 5095; x_wconf 87' lang='lat' dir='ltr'><strong>mibi</strong></span> <span class='ocrx_word' id='word_1_359' title='bbox 1112 5061 1152 5095; x_wconf 72' lang='lat' dir='ltr'><strong>ore</strong></span> <span class='ocrx_word' id='word_1_360' title='bbox 1170 5044 1329 5095; x_wconf 81' lang='lat' dir='ltr'><strong>celebrandus</strong></span> <span class='ocrx_word' id='word_1_361' title='bbox 1347 5061 1381 5109; x_wconf 84' lang='lat' dir='ltr'><strong>ea,</strong></span> <span class='ocrx_word' id='word_1_362' title='bbox 1403 5049 1446 5108; x_wconf 82' lang='lat' dir='ltr'><strong>qni</strong></span> <span class='ocrx_word' id='word_1_363' title='bbox 1463 5048 1566 5109; x_wconf 76' lang='lat' dir='ltr'><strong>[calipto</strong></span> <span class='ocrx_word' id='word_1_364' title='bbox 1584 5047 1704 5095; x_wconf 74' lang='lat' dir='ltr'><strong>benonim</strong></span> <span class='ocrx_word' id='word_1_365' title='bbox 1717 5051 1771 5097; x_wconf 76' lang='lat' dir='ltr'><strong>iure</strong></span> <span class='ocrx_word' id='word_1_366' title='bbox 1783 5052 1930 5110; x_wconf 81' lang='lat' dir='ltr'><strong>conspicuus</strong></span> <span class='ocrx_word' id='word_1_367' title='bbox 1941 5051 2073 5110; x_wconf 79' lang='lat' dir='ltr'><strong>praetorios</strong></span> 
     </span>
     <span class='ocr_line' id='line_1_37' title="bbox 445 5131 832 5190; baseline 0.003 -15"><span class='ocrx_word' id='word_1_368' title='bbox 445 5141 538 5190; x_wconf 74' lang='grc' dir='ltr'><strong>ριιορτιι</strong></span> <span class='ocrx_word' id='word_1_369' title='bbox 556 5131 659 5176; x_wconf 72' lang='lat' dir='ltr'><strong>imbuis</strong></span> <span class='ocrx_word' id='word_1_370' title='bbox 676 5134 832 5189; x_wconf 79' lang='lat' dir='ltr'><strong>apparatos?</strong></span> 
     </span>
    </p>

    <p class='ocr_par' dir='ltr' id='par_1_19' title="bbox 441 5211 2072 5375">
     <span class='ocr_line' id='line_1_38' title="bbox 530 5211 2072 5290; baseline 0.005 -27"><span class='ocrx_word' id='word_1_371' title='bbox 530 5212 588 5276; x_wconf 82' lang='grc'><strong>706)</strong></span> <span class='ocrx_word' id='word_1_372' title='bbox 609 5214 806 5286; x_wconf 76' lang='lat' dir='ltr'><strong>Philostle</strong></span> <span class='ocrx_word' id='word_1_373' title='bbox 829 5211 956 5285; x_wconf 72' lang='lat' dir='ltr'><strong>lipacius:</strong></span> <span class='ocrx_word' id='word_1_374' title='bbox 981 5214 995 5267; x_wconf 80' lang='lat' dir='ltr'><strong>d</strong></span> <span class='ocrx_word' id='word_1_375' title='bbox 1021 5214 1139 5286; x_wconf 78' lang='grc' dir='ltr'>βασιλεὺς</span> <span class='ocrx_word' id='word_1_376' title='bbox 1164 5216 1228 5285; x_wconf 74' lang='grc' dir='ltr'>μετὰ</span> <span class='ocrx_word' id='word_1_377' title='bbox 1251 5218 1294 5269; x_wconf 76' lang='grc' dir='ltr'><strong>τὸν</strong></span> <span class='ocrx_word' id='word_1_378' title='bbox 1319 5216 1428 5270; x_wconf 68' lang='grc' dir='ltr'>θάνατον</span> <span class='ocrx_word' id='word_1_379' title='bbox 1446 5218 1603 5290; x_wconf 65' lang='lat' dir='ltr'><strong>reincipit</strong></span> <span class='ocrx_word' id='word_1_380' title='bbox 1622 5215 1750 5289; x_wconf 68' lang='grc' dir='ltr'><strong>θυγατέρα</strong></span> <span class='ocrx_word' id='word_1_381' title='bbox 1769 5216 1907 5277; x_wconf 72' lang='lat' dir='ltr'><strong>Bnbhmaoc</strong></span> <span class='ocrx_word' id='word_1_382' title='bbox 1925 5217 2072 5289; x_wconf 70' lang='grc' dir='ltr'>ἄγεττιρυ-</span> 
     </span>
     <span class='ocr_line' id='line_1_39' title="bbox 441 5296 1661 5375; baseline 0.005 -25"><span class='ocrx_word' id='word_1_383' title='bbox 441 5303 534 5351; x_wconf 72' lang='lat' dir='ltr'><strong>nniau·</strong></span> <span class='ocrx_word' id='word_1_384' title='bbox 555 5296 597 5350; x_wconf 73' lang='lat' dir='ltr'><strong>coe</strong></span> <span class='ocrx_word' id='word_1_385' title='bbox 616 5296 742 5369; x_wconf 78' lang='grc' dir='ltr'>βάρβαρος</span> <span class='ocrx_word' id='word_1_386' title='bbox 761 5300 807 5368; x_wconf 71' lang='grc' dir='ltr'><strong>μὲν</strong></span> <span class='ocrx_word' id='word_1_387' title='bbox 825 5300 858 5370; x_wconf 69' lang='grc' dir='ltr'><strong>ἦν</strong></span> <span class='ocrx_word' id='word_1_388' title='bbox 875 5302 904 5353; x_wconf 82' lang='grc' dir='ltr'><strong>τὸ</strong></span> <span class='ocrx_word' id='word_1_389' title='bbox 922 5300 1005 5370; x_wconf 72' lang='grc' dir='ltr'><strong>γένος,</strong></span> <span class='ocrx_word' id='word_1_390' title='bbox 1025 5300 1161 5372; x_wconf 72' lang='grc' dir='ltr'>στρατηγίᾳ</span> <span class='ocrx_word' id='word_1_391' title='bbox 1180 5302 1208 5354; x_wconf 78' lang='grc' dir='ltr'><strong>δὲ</strong></span> <span class='ocrx_word' id='word_1_392' title='bbox 1226 5303 1292 5355; x_wconf 78' lang='grc' dir='ltr'>κατὰ</span> <span class='ocrx_word' id='word_1_393' title='bbox 1308 5304 1355 5373; x_wconf 65' lang='grc' dir='ltr'><strong>τὴν</strong></span> <span class='ocrx_word' id='word_1_394' title='bbox 1374 5303 1492 5373; x_wconf 67' lang='lat' dir='ltr'><strong>{cuspius</strong></span> <span class='ocrx_word' id='word_1_395' title='bbox 1511 5303 1661 5375; x_wconf 76' lang='grc' dir='ltr'>διαπρέψας.</span> 
     </span>
    </p>

    <p class='ocr_par' dir='ltr' id='par_1_20' title="bbox 530 5386 1398 5455">
     <span class='ocr_line' id='line_1_40' title="bbox 530 5386 1398 5455; baseline 0.007 -19"><span class='ocrx_word' id='word_1_396' title='bbox 530 5386 588 5448; x_wconf 77' lang='grc'><strong>701)</strong></span> <span class='ocrx_word' id='word_1_397' title='bbox 609 5388 722 5437; x_wconf 81' lang='lat' dir='ltr'><strong>Ambros.</strong></span> <span class='ocrx_word' id='word_1_398' title='bbox 745 5389 820 5449; x_wconf 86' lang='lat' dir='ltr'><strong>epist.</strong></span> <span class='ocrx_word' id='word_1_399' title='bbox 840 5390 853 5437; x_wconf 96' lang='lat' dir='ltr'><strong>l</strong></span> <span class='ocrx_word' id='word_1_400' title='bbox 873 5388 913 5452; x_wconf 71' lang='lat'><strong>24,</strong></span> <span class='ocrx_word' id='word_1_401' title='bbox 936 5388 951 5438; x_wconf 90' lang='grc'>8</span> <span class='ocrx_word' id='word_1_402' title='bbox 970 5390 1061 5450; x_wconf 83' lang='lat' dir='ltr'><strong>Bouto,</strong></span> <span class='ocrx_word' id='word_1_403' title='bbox 1084 5390 1286 5439; x_wconf 78' lang='lat' dir='ltr'><strong>Transrhenanas</strong></span> <span class='ocrx_word' id='word_1_404' title='bbox 1304 5407 1398 5455; x_wconf 79' lang='lat' dir='ltr'><strong>yenere.</strong></span> 
     </span>
    </p>

    <p class='ocr_par' dir='ltr' id='par_1_21' title="bbox 440 5469 2070 5719">
     <span class='ocr_line' id='line_1_41' title="bbox 528 5469 2070 5550; baseline 0.005 -30"><span class='ocrx_word' id='word_1_405' title='bbox 528 5472 588 5535; x_wconf 80' lang='grc'><strong>108)</strong></span> <span class='ocrx_word' id='word_1_406' title='bbox 609 5474 700 5522; x_wconf 84' lang='lat' dir='ltr'><strong>Zostm.</strong></span> <span class='ocrx_word' id='word_1_407' title='bbox 723 5475 759 5521; x_wconf 87' lang='lat' dir='ltr'><strong>lv</strong></span> <span class='ocrx_word' id='word_1_408' title='bbox 778 5474 810 5523; x_wconf 88' lang='grc'><strong>33</strong></span> <span class='ocrx_word' id='word_1_409' title='bbox 829 5469 948 5525; x_wconf 76' lang='lat' dir='ltr'><strong>Budboass</strong></span> <span class='ocrx_word' id='word_1_410' title='bbox 965 5474 1002 5544; x_wconf 73' lang='lat' dir='ltr'><strong>rip</strong></span> <span class='ocrx_word' id='word_1_411' title='bbox 1020 5475 1153 5546; x_wconf 70' lang='grc' dir='ltr'><strong>στρατηγῷ</strong></span> <span class='ocrx_word' id='word_1_412' title='bbox 1170 5475 1265 5546; x_wconf 78' lang='grc' dir='ltr'>ταύτην</span> <span class='ocrx_word' id='word_1_413' title='bbox 1284 5476 1429 5547; x_wconf 77' lang='grc' dir='ltr'>παραδούς,</span> <span class='ocrx_word' id='word_1_414' title='bbox 1452 5469 1535 5547; x_wconf 66' lang='lat' dir='ltr'><strong>ipsud</strong></span> <span class='ocrx_word' id='word_1_415' title='bbox 1551 5471 1727 5550; x_wconf 76' lang='grc' dir='ltr'><strong>’Λρβογάστην</strong></span> <span class='ocrx_word' id='word_1_416' title='bbox 1747 5477 1921 5549; x_wconf 70' lang='grc' dir='ltr'>συνέπεμψεν·</span> <span class='ocrx_word' id='word_1_417' title='bbox 1945 5477 2023 5549; x_wconf 80' lang='grc' dir='ltr'>ἄμφω</span> <span class='ocrx_word' id='word_1_418' title='bbox 2042 5476 2070 5528; x_wconf 76' lang='grc' dir='ltr'><strong>δὲ</strong></span> 
     </span>
     <span class='ocr_line' id='line_1_42' title="bbox 440 5553 2070 5636; baseline 0.005 -30"><span class='ocrx_word' id='word_1_419' title='bbox 440 5556 505 5626; x_wconf 70' lang='grc' dir='ltr'><strong>ἦσαν</strong></span> <span class='ocrx_word' id='word_1_420' title='bbox 524 5553 639 5628; x_wconf 74' lang='grc' dir='ltr'><strong>Φράρτοι</strong></span> <span class='ocrx_word' id='word_1_421' title='bbox 654 5558 683 5610; x_wconf 87' lang='grc' dir='ltr'><strong>τὸ</strong></span> <span class='ocrx_word' id='word_1_422' title='bbox 700 5558 780 5628; x_wconf 63' lang='grc' dir='ltr'><strong>γένος,</strong></span> <span class='ocrx_word' id='word_1_423' title='bbox 802 5557 869 5612; x_wconf 74' lang='grc' dir='ltr'><strong>εὖνοί</strong></span> <span class='ocrx_word' id='word_1_424' title='bbox 885 5578 913 5612; x_wconf 84' lang='grc' dir='ltr'><strong>τε</strong></span> <span class='ocrx_word' id='word_1_425' title='bbox 932 5559 1030 5631; x_wconf 73' lang='grc' dir='ltr'>σφόδρα</span> <span class='ocrx_word' id='word_1_426' title='bbox 1047 5556 1185 5630; x_wconf 75' lang='grc' dir='ltr'>Ῥωμαίοις</span> <span class='ocrx_word' id='word_1_427' title='bbox 1203 5563 1245 5615; x_wconf 78' lang='grc' dir='ltr'><strong>καὶ</strong></span> <span class='ocrx_word' id='word_1_428' title='bbox 1262 5563 1403 5634; x_wconf 76' lang='grc' dir='ltr'><strong>χρημάτων</strong></span> <span class='ocrx_word' id='word_1_429' title='bbox 1421 5565 1456 5623; x_wconf 82' lang='grc' dir='ltr'><strong>ὡς</strong></span> <span class='ocrx_word' id='word_1_430' title='bbox 1476 5564 1585 5633; x_wconf 74' lang='grc' dir='ltr'>μάλιστα</span> <span class='ocrx_word' id='word_1_431' title='bbox 1602 5563 1760 5636; x_wconf 77' lang='grc' dir='ltr'>ἀδωρότατοι</span> <span class='ocrx_word' id='word_1_432' title='bbox 1777 5563 1820 5615; x_wconf 70' lang='grc' dir='ltr'><strong>καὶ</strong></span> <span class='ocrx_word' id='word_1_433' title='bbox 1838 5562 1944 5634; x_wconf 75' lang='grc' dir='ltr'><strong>περὶτὰ</strong></span> <span class='ocrx_word' id='word_1_434' title='bbox 1962 5563 2070 5632; x_wconf 78' lang='grc' dir='ltr'>πολέμια</span> 
     </span>
     <span class='ocr_line' id='line_1_43' title="bbox 441 5642 900 5719; baseline 0.017 -27"><span class='ocrx_word' id='word_1_435' title='bbox 441 5642 562 5711; x_wconf 70' lang='grc' dir='ltr'>φρονήσει</span> <span class='ocrx_word' id='word_1_436' title='bbox 581 5643 624 5696; x_wconf 76' lang='grc' dir='ltr'><strong>καὶ</strong></span> <span class='ocrx_word' id='word_1_437' title='bbox 641 5643 710 5719; x_wconf 68' lang='grc' dir='ltr'><strong>ἀλκῇ</strong></span> <span class='ocrx_word' id='word_1_438' title='bbox 729 5644 900 5715; x_wconf 74' lang='grc' dir='ltr'><strong>διαφέροντες.</strong></span> 
     </span>
    </p>

    <p class='ocr_par' dir='ltr' id='par_1_22' title="bbox 527 5729 2065 5799">
     <span class='ocr_line' id='line_1_44' title="bbox 527 5729 2065 5799; baseline 0.004 -21"><span class='ocrx_word' id='word_1_439' title='bbox 527 5729 586 5790; x_wconf 70' lang='lat' dir='ltr'><strong>test</strong></span> <span class='ocrx_word' id='word_1_440' title='bbox 606 5732 720 5782; x_wconf 80' lang='lat' dir='ltr'><strong>Ambros.</strong></span> <span class='ocrx_word' id='word_1_441' title='bbox 741 5734 815 5795; x_wconf 87' lang='lat' dir='ltr'><strong>epist.</strong></span> <span class='ocrx_word' id='word_1_442' title='bbox 837 5735 909 5797; x_wconf 80' lang='grc'><strong>151,</strong></span> <span class='ocrx_word' id='word_1_443' title='bbox 931 5733 945 5783; x_wconf 85' lang='grc'>3</span> <span class='ocrx_word' id='word_1_444' title='bbox 971 5734 1057 5783; x_wconf 81' lang='lat' dir='ltr'><strong>aderat</strong></span> <span class='ocrx_word' id='word_1_445' title='bbox 1081 5738 1249 5798; x_wconf 79' lang='lat' dir='ltr'><strong>amplissimus</strong></span> <span class='ocrx_word' id='word_1_446' title='bbox 1273 5740 1360 5787; x_wconf 76' lang='lat' dir='ltr'><strong>bonore</strong></span> <span class='ocrx_word' id='word_1_447' title='bbox 1378 5742 1515 5799; x_wconf 63' lang='lat' dir='ltr'><strong>maelsierii</strong></span> <span class='ocrx_word' id='word_1_448' title='bbox 1533 5740 1648 5787; x_wconf 80' lang='lat' dir='ltr'><strong>militaris</strong></span> <span class='ocrx_word' id='word_1_449' title='bbox 1669 5739 1752 5788; x_wconf 81' lang='lat' dir='ltr'><strong>Bouto</strong></span> <span class='ocrx_word' id='word_1_450' title='bbox 1770 5753 1848 5787; x_wconf 74' lang='lat' dir='ltr'><strong>comes</strong></span> <span class='ocrx_word' id='word_1_451' title='bbox 1866 5742 1888 5785; x_wconf 80' lang='lat' dir='ltr'><strong>et</strong></span> <span class='ocrx_word' id='word_1_452' title='bbox 1907 5738 2065 5799; x_wconf 60' lang='lat' dir='ltr'><strong>timcndae,</strong></span> 
     </span>
    </p>
   </div>
   <div class='ocr_carea' id='block_1_8' title="bbox 0 0 2366 6470">
    <p class='ocr_par' dir='ltr' id='par_1_23' title="bbox 0 0 2366 6470">
     <span class='ocr_line' id='line_1_45' title="bbox 0 0 2366 6470; baseline 0 10"><span class='ocrx_word' id='word_1_453' title='bbox 0 0 2366 6470; x_wconf 95' lang='lat' dir='ltr'><strong> </strong></span> 
     </span>
    </p>
   </div>
  </div>
 </body>
</html>
