4746 6472
1108 479 1304 536 erundum
1321 480 1533 537 EPISTVLAE

1224 670 1421 735 VERINVS.

817 823 990 905 Virtutem,
1016 823 1151 903 Verius,
1179 831 1267 889 tuam
1291 824 1365 908 plus
1388 823 1484 887 mirer
1505 823 1675 899 inarmis,

816 927 901 991 Eoos
924 926 989 992 dux
1012 926 1181 992 Armenios
1205 946 1277 992 cum
1301 925 1400 991 caede
1423 926 1590 1005 domares,

816 1049 858 1094 an
880 1029 986 1113 magis
1009 1029 1170 1112 eloquium
1193 1048 1315 1093 morum
1339 1028 1490 1109 vitaeque
1513 1028 1674 1112 leporem,

818 1141 915 1197 ct-
936 1132 1000 1196 nisi
1020 1132 1055 1196 in
1078 1130 1211 1213 officiis,
1237 1130 1386 1215 quotiens
1408 1131 1466 1195 tibi
1489 1131 1619 1215 publica
1642 1151 1737 1197 curae
1759 1170 1804 1179 —

815 1235 901 1318 quod
923 1235 1023 1300 vitam
1046 1233 1193 1300 innocuis
1216 1234 1347 1303 tenuisti
1369 1234 1475 1324 laetus
1498 1234 1531 1298 in
1554 1233 1665 1317 agris?

814 1337 937 1402 nullum
962 1339 1046 1403 ultra
1068 1344 1117 1402 θεῖ
1139 1337 1264 1403 virtutis
1287 1356 1386 1422 opus,
1412 1356 1487 1401 nam
1511 1336 1538 1400 si
1561 1344 1662 1417 esset,
1690 1336 1839 1403 haberes.

464 1528 483 1590 8
594 1524 767 1608 Octoginta
788 1525 934 1610 personis
956 1524 1065 1590 nescio
1088 1546 1131 1589 an
1153 1523 1240 1589 solus
1262 1543 1435 1606 occurram,
1463 1530 1495 1589 ct
1515 1523 1588 1590 ideo
1611 1524 1644 1589 in
1667 1544 1811 1590 socerum
1829 1533 1925 1609 atque
1942 1527 2135 1592 avunculum

504 1634 629 1692 nostros
651 1627 710 1692 tibi
727 1628 917 1711 delegamus
933 1627 1177 1711 epigrammata.
1226 1647 1300 1690 nam
1316 1633 1348 1691 ct
1362 1626 1514 1691 Varronis
1529 1626 1604 1691 libri
1620 1626 1756 1693 diversis
1771 1634 1922 1693 notantur
1937 1629 2130 1694 auctoribus.

1215 1985 1263 2048 III
1294 2006 1325 2050 a.
1346 1986 1422 2048 375.

382 2127 485 2189 ΜΜΓ
1107 2121 1368 2188 SYMMACHVS
1392 2123 1533 2189 PATRI.

560 2254 569 2277 r
980 2264 983 2267 .
2174 2257 2178 2263 -

591 2296 723 2360 Summa
744 2294 876 2359 adficior
898 2295 1019 2378 gratia,
1046 2293 1132 2377 quod
1154 2293 1375 2359 animadverto
1398 2295 1523 2371 litteras
1546 2313 1635 2359 meas
1657 2294 1716 2360 tibi
1741 2295 1910 2360 insubidas
1933 2316 1996 2361 non
2019 2297 2130 2381 videri,

504 2405 536 2462 et
558 2397 590 2462 in
613 2397 705 2481 graui
728 2396 808 2461 dono
831 2397 934 2463 habeo
956 2396 1040 2461 hano
1063 2396 1151 2481 apud
1173 2416 1231 2461 vos
1255 2416 1328 2462 esse
1353 2396 1393 2462 de
1416 2398 1533 2489 nostris
1556 2397 1700 2483 epistolis
1730 2399 1924 2464 censionem.
1971 2399 2134 2467 laudari

504 2501 622 2586 quippe
645 2501 693 2565 ab
716 2498 890 2566 laudato
913 2499 1000 2564 viro
1031 2519 1104 2564 rara
1126 2505 1176 2564 est
1198 2499 1313 2565 messis
1336 2499 1471 2582 ingenii.
1520 2520 1631 2565 verum
1654 2507 1690 2565 ut
1710 2499 1771 2566 hoc
1793 2502 1871 2566 mihi
1895 2502 2037 2567 laetitiae
2060 2502 2129 2585 iuit,

459 2658 460 2661 ,
502 2604 548 2668 ita
570 2602 652 2667 illud
675 2602 862 2667 ludificandi
885 2602 990 2686 gratia
1006 2602 1117 2686 opinor
1132 2601 1304 2681 adiectum,
1332 2602 1359 2667 si
1376 2601 1455 2683 quid
1468 2602 1503 2667 in
1518 2602 1582 2668 tuis
1598 2603 1745 2669 versibus
1761 2604 1947 2684 sorduisset,
1975 2605 2009 2669 id
2024 2612 2059 2671 ut
2072 2607 2134 2696 mei
2156 2620 2185 2660 ¹⁶

463 2710 482 2769 2
506 2707 571 2771 stili
594 2726 669 2772 eura
692 2706 829 2771 limaret.
876 2726 917 2770 ne
941 2724 1001 2788 ego
1024 2724 1095 2769 sum
1118 2706 1234 2769 stultus
1257 2725 1295 2770 ac
1316 2704 1421 2787 nihili,
1451 2703 1479 2769 si
1502 2724 1538 2770 os
1561 2706 1713 2771 sublitum
1736 2706 1815 2771 mihi
1838 2726 1997 2772 essenon
2020 2709 2131 2774 sentio.

503 2808 581 2891 quid
611 2808 699 2891 enim,
725 2808 840 2892 corrigi
868 2808 921 2873 vel
949 2829 969 2873 a
997 2827 1049 2873 mc
1077 2814 1197 2892 potest,
1231 2809 1283 2872 vei
1312 2808 1345 2872 in
1372 2816 1404 2873 te
1435 2807 1485 2873 las
1508 2814 1578 2872 θεῖῖ
1610 2829 1694 2874 unus
1716 2814 1823 2874 aetate
1845 2815 1955 2875 nostra
1976 2820 2134 2878 monetam

504 2911 642 2976 Latiaris
656 2911 775 2995 eloquii
791 2911 944 2976 Tulliana
959 2910 1075 2976 incude
1091 2909 1223 2976 finxisti.
1249 2910 1406 2994 quidquid
1422 2911 1456 2975 in
1470 2911 1574 2995 poetis
1589 2910 1743 2997 lepidum,
1764 2911 1851 2996 apud
1866 2919 2006 2979 oratores
2022 2935 2129 2997 graue,

502 3015 535 3079 in
551 3014 721 3079 annalibus
737 3014 843 3095 fidele,
869 3013 953 3080 inter
968 3011 1194 3097 grammaticos
1211 3013 1370 3079 cruditum
1387 3013 1459 3095 fuit,
1487 3014 1574 3079 solus
1595 3013 1741 3091 hausisti,
1762 3015 1867 3080 iustus
1882 3015 1977 3080 heres
1993 3025 2133 3083 ueterum

502 3117 690 3183 litterarum.
737 3136 778 3182 ne
800 3116 881 3180 milri
904 3116 1003 3182 verba
1025 3115 1168 3181 dederis!
1201 3116 1277 3181 novi
1299 3136 1377 3200 ego,
1403 3116 1482 3199 quid
1504 3117 1614 3182 valcat
1635 3116 1770 3201 adagio:
1806 3136 1873 3182 sus
1897 3118 2181 3185 minervarum

502 3219 647 3304 adprime
670 3219 769 3284 calles
792 3219 917 3303 epicam
942 3219 1165 3303 disciplinam,
1191 3240 1255 3284 non
1281 3219 1386 3285 minus
1415 3219 1598 3303 pedestrem
1627 3220 1740 3286 lituum
1772 3220 1883 3285 doetus
1910 3220 2034 3309 inflare.
2081 3223 2134 3287 aiu

502 3322 653 3388 tandem?
682 3321 795 3387 orandi
811 3342 914 3405 aeque
929 3340 1067 3405 magnus
1083 3329 1116 3387 et
1130 3321 1267 3386 canendi
1282 3340 1373 3387 meae
1389 3329 1421 3387 te
1437 3321 1507 3406 opis
1522 3321 1670 3406 indigum
1686 3323 1865 3388 mentiare‘l
1895 3323 1983 3389 haud
1998 3345 2133 3408 aequum

462 3430 480 3491 3
503 3424 595 3505 iacis,
622 3444 727 3506 neque
749 3445 800 3489 me
821 3424 912 3490 iuvat
934 3424 1018 3490 falsa
1040 3424 1183 3489 lactatio.
1228 3424 1352 3490 interea
1375 3424 1402 3489 si
1424 3425 1515 3490 nobis
1531 3426 1668 3491 utendas
1685 3445 1779 3492 aures
1795 3426 1889 3508 datis,
1916 3426 2033 3507 dicam,
2059 3428 2135 3511 quid

502 3526 617 3594 diebus
639 3527 855 3612 superioribus
878 3527 1051 3610 egerimus.
1099 3527 1176 3591 Bais
1199 3526 1328 3592 remotis
1354 3527 1483 3593 arbitris
1506 3527 1642 3593 otiabar.
1689 3549 1726 3594 eo
1756 3534 1926 3613 postquam
1949 3550 2056 3595 rumor
2077 3530 2135 3595 ad-

501 3632 587 3697 latus
610 3638 668 3710 θεῖ,
694 3637 799 3696 terrae
823 3630 906 3696 filios
922 3629 1104 3711 convenire,
1130 3629 1248 3715 oppido
1264 3633 1418 3712 cavimus,
1445 3650 1486 3695 ne
1502 3630 1640 3719 sobriam
1657 3631 1862 3697 solitudinem
1879 3639 2023 3697 nostram
2039 3633 2133 3698 soda-
2152 3648 2182 3689 ²⁵

504 3733 580 3798 litas
608 3732 737 3816 plebeia
764 3731 915 3798 fuscaret.
964 3753 1002 3797 ac
1030 3732 1132 3818 primo
1154 3732 1343 3817 Neapolim,
1377 3731 1494 3797 dehine
1524 3733 1614 3798 brevi
1641 3733 1811 3800 intervallo
1834 3734 2054 3800 Beneventum
2085 3756 2133 3801 me

504 3836 623 3920 recepi.
672 3836 717 3901 ibi
740 3855 862 3901 summo
886 3837 974 3902 cultu
997 3835 1114 3901 civium
1137 3836 1316 3921 plausuque
1340 3842 1509 3920 susceptus
1531 3842 1620 3901 tanto
1643 3836 1762 3902 honore
1785 3836 1989 3921 celebrabar,
2015 3845 2051 3902 ut
2072 3838 2135 3904 ium

465 3945 659 4023 igravarer
680 3937 806 4004 officiis.
854 3938 1010 4004 sedulitas
1032 3938 1135 4021 enim,
1168 3959 1251 4021 quac
1279 3959 1344 4004 non
1367 3945 1598 4022 conpensatur,
1630 3959 1765 4005 onerosa
1796 3946 1855 4005 est.
1902 3946 1935 4006 ct
1966 3942 2042 4007 urbs
2065 3961 2136 4006 cum

506 4043 548 4108 sit
569 4043 719 4123 maxima,
747 4041 865 4125 singuli
888 4041 958 4107 eius
981 4041 1152 4125 optimates
1175 4042 1237 4107 visi
1260 4049 1334 4107 sunt
1357 4042 1435 4106 milri
1458 4042 1536 4107 urbe
1551 4042 1700 4126 maiores,
1726 4043 1934 4108 amantissimi
1958 4043 2136 4109 litterarum

505 4164 691 4226 morumque
721 4144 897 4209 mirabiles.
945 4144 1020 4209 deos
1050 4163 1169 4226 magna
1197 4165 1272 4228 pars
1301 4151 1489 4222 veneratum
1523 4145 1681 4230 privatum
1713 4146 1880 4229 pecuniam
1910 4165 1968 4230 pro
1998 4147 2135 4212 ciuitatis
2153 4163 2182 4204 ³⁰

505 4255 617 4313 ornatu
640 4248 784 4312 certatim
807 4246 955 4328 fatigant.
1001 4266 1075 4310 nam
1099 4254 1267 4331 postquam
1290 4255 1374 4312 terra
1399 4248 1515 4329 movit,
1547 4247 1628 4312 nihil
1657 4267 1760 4332 paene
1789 4247 1855 4313 illis
1879 4248 1994 4330 reliqui
2017 4248 2134 4314 factum

506 4358 566 4429 θεῖ,
592 4349 650 4415 sed
672 4350 794 4415 fractae
816 4368 894 4435 opes
916 4348 1069 4415 infractos
1092 4349 1216 4414 animos
1238 4358 1456 4434 reppererunt.
1504 4371 1561 4434 pro
1585 4370 1620 4415 se
1643 4350 1778 4433 quisque
1801 4370 1930 4434 operam
1956 4351 2030 4416 boni
2057 4351 2134 4415 civis

506 4452 660 4527 adiectam
687 4471 751 4516 nox
774 4453 837 4518 diei
860 4452 1002 4535 iungitur
1023 4452 1066 4516 ad
1089 4452 1243 4517 laborem.
1290 4453 1375 4517 uude
1397 4452 1491 4518 nobis
1514 4473 1639 4518 summa
1663 4473 1739 4518 cura
1754 4452 1814 4517 fuit
1828 4452 1916 4517 abire
1932 4453 2022 4519 ocius
2040 4475 2133 4535 quam

595 4643 624 4691 13
643 4639 768 4696 Naevius
786 4655 830 4707 ap.
852 4637 910 4694 Cic.
931 4640 1015 4695 Tusc.
1037 4639 1094 4693 1111
1113 4641 1156 4702 31,
1177 4642 1224 4699 673
1245 4642 1281 4695 ad
1299 4639 1377 4694 Fam.
1398 4641 1425 4696 V
1445 4641 1485 4704 12,
1507 4644 1536 4707 73
1559 4641 1612 4696 XV
1633 4644 1659 4692 6.

594 4981 749 5051 iVerinus]
766 4983 797 5048 Γ,
817 4986 906 5035 om.V
1008 4984 1102 5035 sssolis
1121 4983 1147 5033 Γ
1247 4985 1425 5035 9θθεῖῐοεΜ

594 5069 621 5122 11
643 5072 805 5132 Symmachus
822 5068 899 5139 patri]
918 5069 948 5132 Γ,
969 5086 1018 5123 om.
1039 5071 1088 5119 ΜΜ
1210 5071 1240 5120 12
1258 5074 1384 5121 insulsitas
1406 5070 1456 5121 ΜΜ
1580 5071 1609 5121 13
1628 5073 1656 5120 iu
1674 5073 1747 5133 graui
1765 5067 1841 5137 dono]
1859 5070 1965 5134 Lectius,
1988 5073 2016 5119 in
2036 5074 2134 5133 grauido

505 5172 555 5206 uon
577 5156 625 5206 ΜΓ
742 5172 798 5206 esse
816 5158 882 5220 apud
901 5171 946 5208 uos
964 5157 991 5206 Γ
1120 5156 1151 5208 11
1171 5159 1215 5207 hoc
1232 5159 1299 5207 nibli
1317 5159 1382 5206 mihi
1400 5156 1427 5205 Γ
1555 5157 1586 5207 16
1605 5155 1644 5225 so]
1662 5158 1707 5206 hac
1730 5158 1751 5203 V
1870 5153 2005 5224 sublitum]
2024 5157 2054 5221 Γ,
2076 5161 2133 5208 snb-

504 5245 609 5293 linitum
628 5242 660 5306 Φ,
682 5245 847 5294 sublimatum
870 5245 919 5292 VM
1032 5243 1065 5294 20
1083 5239 1181 5310 adagio]
1200 5242 1232 5305 Γ,
1252 5260 1266 5292 ι
1284 5244 1439 5304 contagioV
1553 5242 1584 5292 21
1606 5243 1719 5292 cailisl'
1820 5239 1925 5310 lituum]
1945 5242 1980 5304 Μ,
2001 5244 2084 5292 litium
2103 5242 2133 5301 Γ,

505 5330 636 5378 liciumV
755 5329 787 5380 22
806 5345 874 5380 meas
892 5327 931 5398 ts]
954 5331 982 5392 Μ,
1003 5345 1097 5380 merere
1115 5328 1142 5378 Γ
1259 5326 1666 5397 uslacutro]1“‚1muuovru
1785 5326 1905 5396 utendas]
1923 5327 1953 5389 Γ,
1975 5343 2067 5378 usenss
2089 5328 2137 5375 ΜΜ

506 5414 538 5464 24
557 5418 658 5466 remotis
677 5412 788 5484 arbitris]
808 5415 866 5479 ΓΜ,
887 5423 996 5466 remotus
1014 5418 1045 5465 ab
1064 5416 1163 5465 arbitris
1180 5416 1201 5464 V
1303 5416 1399 5465 ablutus
1416 5415 1436 5462 V
1539 5414 1572 5464 25
1591 5411 1717 5481 cauimus]
1734 5415 1873 5477 Scioppius,
1892 5428 2011 5463 eruemus
2031 5413 2104 5463 ΜΓΜ

506 5497 634 5568 sodalitas]
651 5501 731 5562 ΜΦΜ,
752 5503 883 5552 sordidius
896 5500 923 5550 Γ
1024 5501 1055 5551 27
1074 5503 1154 5564 reoipi
1170 5500 1256 5565 ullu)
1358 5496 1612 5567 plausuqus]V‘1³M,
1632 5499 1796 5564 planequul’
1896 5499 1929 5550 29
1948 5503 2065 5550 siusom.
2081 5500 2107 5550 Γ

505 5590 569 5639 mihi
583 5590 632 5638 uisi
645 5595 706 5637 sunt
718 5586 745 5636 Γ
827 5584 1003 5655 amantissimi]
1016 5588 1084 5651 Sum,
1105 5590 1280 5638 imantissnmi
1295 5587 1439 5647 Momasson,
1458 5594 1571 5636 amantes
1584 5589 1623 5636 sui
1642 5585 1688 5634 ΜΓ
1783 5587 1815 5636 30
1833 5583 1905 5653 deos]
1917 5600 1971 5648 epo,
1991 5587 2066 5636 deum
2084 5585 2133 5646 ΜΓ,

506 5676 664 5736 interpolator·
680 5674 829 5723 christianus
846 5674 902 5724 deos
920 5689 1111 5736 nonnumquam
1131 5677 1158 5722 in
1175 5676 1326 5734 singularem
1343 5688 1475 5723 numerum
1492 5676 1606 5735 mutavit,
1627 5674 1717 5735 orio,
1740 5674 1800 5721 1111
1812 5676 1853 5734 54,
1880 5674 2000 5735 V13,17
2082 5687 2137 5735 pars

505 5776 594 5823 magna
612 5758 638 5808 Γ
739 5759 769 5809 31
790 5761 927 5808 terrrmV
1028 5773 1094 5822 pene
1114 5759 1150 5821 Μ,
1170 5762 1236 5809 bene
1258 5757 1305 5808 ΜΓ
