4736 6478
937 523 1051 579 LIBER
1068 523 1135 579 1111.
1789 523 1849 585 109

218 710 343 777 tionum
366 732 509 778 mearum
532 712 729 779 desiderium
750 713 877 779 videtur
899 712 1067 797 attingere.
1112 712 1161 778 ais
1183 713 1216 780 iu
1239 732 1354 778 manus
1376 720 1450 779 tuas
1465 710 1584 796 scripta
1599 715 1707 774 nostra
1722 709 1849 774 venisse
1873 708 1974 770 PVF

219 813 321 881 fratre
351 824 459 882 nostro
488 815 645 883 Minervio
674 816 852 900 proditore,
886 817 942 900 qui
972 816 1097 882 frivolis
1126 816 1207 882 meis
1236 817 1378 882 litterata
1406 814 1512 901 potius
1542 812 1726 879 curiositate
1754 832 1851 895 quam

216 916 308 983 iusta
330 918 544 987 delectatione
564 939 630 984 non
652 919 803 986 abstinet.
851 919 880 984 si
902 919 961 985 tibi
982 925 1106 985 tantum
1129 919 1186 985 otii
1208 925 1274 1000 cst,
1307 924 1342 983 ut
1364 920 1406 982 od
1428 916 1594 983 fastidium
1617 915 1850 999 detergendum

216 1021 377 1087 nonnulla
399 1021 497 1088 ctiam
521 1022 644 1088 insulsa
658 1022 837 1105 conquiras,
865 1022 1022 1105 quidquid
1037 1022 1111 1088 stilo
1127 1021 1375 1102 elaboravimus,
1401 1020 1560 1087 exhibebo
1575 1038 1707 1085 securus
1721 1018 1845 1099 veniae,

184 1140 318 1206 squam
341 1124 421 1190 mihi
443 1125 582 1210 spondet
602 1125 702 1191 animi
725 1125 772 1191 tui
800 1125 928 1192 caritas.
976 1145 1080 1211 paene
1109 1124 1278 1211 praeterii,
1310 1124 1397 1209 quod
1424 1125 1494 1190 loco
1523 1122 1668 1208 principe
1696 1140 1849 1187 accusare
1872 1122 1891 1184 3

217 1225 412 1294 debueram:
437 1227 526 1293 ltaue
548 1227 759 1313 epistularum
781 1236 961 1295 nostrarum
985 1229 1124 1315 simplex
1147 1248 1225 1295 usus
1247 1227 1378 1308 interiit,
1405 1234 1439 1293 ut
1461 1227 1590 1312 paginis
1612 1226 1675 1291 tuis
1690 1225 1853 1291 lenocinia

218 1329 294 1395 aevi
317 1330 497 1415 praesentis
520 1331 704 1397 anteferas?
746 1332 918 1398 redeamus
940 1332 1018 1417 quin
1041 1352 1118 1416 ergo
1140 1331 1183 1398 ad
1205 1330 1365 1398 infucatos
1382 1330 1551 1397 nominum
1571 1329 1698 1411 titulos,
1725 1338 1851 1396 etcum

219 1432 339 1498 dicitur
366 1440 423 1499 aut
450 1433 594 1499 redditur
622 1435 731 1517 salus,
764 1434 843 1499 nihil
873 1434 956 1520 ipsis
984 1435 1150 1501 vocabulis
1180 1434 1299 1501 nostris
1321 1434 1505 1499 honoratius
1527 1440 1583 1499 aut
1603 1432 1755 1499 blandius
1778 1450 1851 1498 esse

221 1535 388 1602 ducamus.
436 1537 585 1621 exemplo
615 1545 700 1604 certe
730 1537 788 1604 tibi
812 1537 854 1603 sit
875 1538 1015 1623 epistula
1043 1557 1133 1621 mea,
1166 1558 1262 1621 quam
1293 1537 1321 1603 si
1351 1538 1511 1624 spreveris
1533 1536 1704 1617 aemulari,
1739 1542 1772 1602 et
1792 1534 1852 1600 ad-

176 1656 202 1697 u
221 1639 388 1721 rogantiae
411 1645 540 1706 notatus
562 1638 695 1706 videbor
716 1648 749 1706 et
769 1641 887 1708 ceteris
915 1641 1130 1725 adgregatos,
1163 1661 1296 1726 quorum
1327 1659 1464 1725 magnus
1494 1645 1665 1725 suspectus
1686 1639 1722 1703 in
1743 1638 1851 1704 verbis

223 1748 282 1823 est,
308 1742 418 1809 nullus
441 1743 547 1810 cultus
569 1743 603 1809 in
625 1743 787 1810 sensibus.

797 2173 799 2177 ,
903 2105 1017 2175 XXXI
1045 2126 1077 2173 a.
1096 2109 1171 2171 400.

863 2259 923 2325 AD
945 2259 1207 2327 PRO'PADIVM.
1872 2257 1983 2320 PVM

197 2499 206 2509 ,
307 2431 537 2497 Mediolanium
558 2438 591 2498 te
612 2431 710 2513 idem,
736 2432 791 2516 qui
812 2452 875 2513 me,
901 2432 1012 2498 consul
1027 2432 1200 2500 acciverat.
1240 2432 1380 2517 speravi,
1406 2432 1493 2515 quod
1507 2451 1565 2498 nos
1579 2432 1613 2497 in
1630 2453 1726 2497 unum
1742 2431 1852 2497 votiva

175 2553 204 2595 ss
222 2552 321 2600 causa
341 2533 542 2615 conduceret,
569 2534 627 2601 sed
649 2535 704 2601 ubi
726 2555 785 2621 per
805 2533 1024 2601 valetudinem
1046 2534 1190 2618 defuisti,
1215 2534 1393 2619 aegerrime
1416 2535 1577 2619 expectati
1591 2535 1704 2619 gaudii
1720 2534 1851 2618 dispen-

222 2636 309 2702 dium
330 2637 404 2702 tuli.
449 2657 534 2704 nunc
555 2637 695 2723 peractis
724 2658 821 2723 super
849 2638 992 2703 omnium
1022 2637 1319 2722 magnanimitatem
1350 2638 1572 2704 consularibus
1601 2637 1694 2703 festis
1716 2637 1849 2701 Romam

222 2747 380 2823 revertor,
413 2760 476 2823 quo
498 2759 534 2808 se
556 2741 775 2826 amplissimus
797 2741 1005 2826 magistratus
1026 2748 1194 2809 venturum
1223 2742 1367 2827 protinus
1393 2760 1514 2825 genero
1535 2740 1754 2826 adstipulante
1776 2759 1850 2824 pro

222 2842 318 2908 misit.
358 2863 455 2926 quam
478 2843 606 2925 vellem,
634 2844 718 2910 si·in
740 2844 879 2911 solidum
901 2844 987 2913 redit
1007 2844 1143 2927 sanitas,
1169 2864 1385 2931 compensares
1406 2845 1547 2911 adventu
1561 2844 1689 2910 veniam
1705 2843 1850 2928 superio-

221 2966 304 3029 rem,
335 2952 434 3029 atquc
463 2966 528 3011 una
555 2946 610 3013 via
636 2954 669 3013 et
697 2947 822 3014 senatui
852 2947 995 3015 deferres
1017 2947 1158 3014 officium
1180 2949 1394 3014 voluntarium
1418 2954 1450 3014 et
1471 2946 1594 3012 consuli
1617 2946 1760 3012 debitum
1784 2946 1849 3011 sol-

174 3066 203 3111 uo
221 3068 324 3116 reres.
370 3048 430 3115 sod
452 3049 538 3116 unde
560 3049 640 3116 mihi
661 3056 773 3135 optare
794 3058 928 3133 tantum,
956 3071 1028 3118 eum
1050 3051 1169 3118 frustra
1190 3052 1288 3119 morit
1310 3069 1460 3138 sperasse
1481 3050 1621 3116 leviores
1664 3049 1792 3135 quando
1812 3055 1848 3114 tu

221 3151 351 3220 venatui
373 3158 482 3238 togam
505 3153 693 3239 praeferes?

883 3515 1015 3583 XXXII
1048 3538 1079 3583 a.
1100 3519 1185 3582 3961

858 3669 918 3735 AD
940 3670 1202 3737 PROTADIVM.
1869 3668 1971 3731 PVF

304 3841 457 3909 Crescere
479 3841 563 3908 inter
583 3859 642 3906 nos
664 3841 782 3908 cotidie
805 3842 924 3908 amoris
946 3841 1090 3909 debitum
1113 3842 1205 3925 volo,
1238 3842 1297 3909 sed
1327 3842 1475 3928 epistulis
1503 3842 1566 3908 tuis
1588 3841 1669 3907 nihil
1691 3849 1767 3927 opto
1790 3843 1847 3907 de-

173 3961 202 4004 as
219 3946 312 4025 bere,
345 3963 429 4025 quac
459 3943 538 4009 mihi
566 3944 754 4029 plerumque
784 3946 1017 4030 exprobrantur
1047 3952 1083 4012 ut
1111 3944 1229 4012 desidi.
1275 3966 1352 4031 ergo
1381 3945 1520 4030 geminis
1547 3944 1662 4011 litteris
1691 3945 1755 4009 tuis
1785 3956 1854 4010 non¹

219 4046 314 4113 simm
337 4045 417 4112 mihi
440 4045 575 4113 redditis
598 4046 668 4132 pari
690 4066 832 4129 numero,
860 4048 919 4113 sed
941 4048 1111 4115 coniuncta
1134 4049 1308 4115 emissione
1331 4048 1521 4134 respondeo.
1562 4049 1719 4131 valemus,
1745 4068 1849 4132 quun-

218 4156 286 4216 tum
307 4155 400 4216 aetas
422 4148 562 4216 admittit
583 4148 719 4216 declivis
740 4149 773 4215 iu
797 4150 933 4218 senium.
980 4171 1052 4217 raro
1074 4151 1166 4217 nobis
1189 4172 1269 4235 ager
1290 4150 1421 4229 visitur,
1453 4151 1512 4218 sed
1541 4151 1641 4217 multo
1670 4150 1770 4216 sarim
1798 4156 1848 4216 est

219 4252 306 4337 apud
335 4272 386 4320 me
415 4271 494 4318 usus
523 4252 665 4336 legendi.
713 4252 772 4319 tibi
795 4259 828 4320 et
849 4253 997 4321 msticari
1019 4262 1052 4321 et
1073 4254 1193 4321 erudiri
1222 4254 1394 4340 plurimum
1425 4253 1511 4321 licet.
1557 4254 1633 4320 inde
1663 4262 1728 4335 cst,
1762 4253 1890 4336 quod2

219 4373 276 4420 uos
304 4353 489 4438 frequenter
516 4354 720 4438 adloqueris,
753 4356 830 4440 quia
858 4377 951 4423 omne
974 4363 1119 4442 tempus,
1147 4364 1182 4422 ut
1204 4363 1377 4440 quaeratur
1398 4357 1541 4441 ingenio,
1566 4357 1631 4423 otio
1652 4356 1844 4422 vindicatur.

175 4478 203 4520 au
221 4456 278 4525 scd
307 4456 447 4525 fiduciae
475 4463 551 4524 tuac
574 4457 714 4525 audacia
734 4466 844 4525 nostra
865 4481 928 4525 uon
950 4458 1095 4526 cesserit.
1142 4460 1273 4525 haurias
1296 4460 1371 4526 licet
1393 4466 1597 4527 monumenta
1619 4460 1793 4545 priscorum
1816 4467 1849 4526 ct

220 4560 290 4646 ipse
317 4559 447 4646 paginis
476 4559 650 4628 ediscenda
679 4561 877 4628 committas:
912 4562 1092 4631 sollicitabo
1121 4570 1152 4628 te
1183 4562 1347 4629 arentibus
1376 4564 1484 4629 verbis
1509 4613 1689 4629 .......
1721 4562 1848 4647 seriptis

220 4663 300 4746 tuis,
333 4683 416 4748 quae
438 4671 471 4730 ot
497 4683 607 4730 amore
636 4670 669 4731 et
690 4663 810 4731 iudicio
833 4665 945 4749 legere
967 4685 1019 4732 me
1041 4684 1175 4732 necesse
1198 4672 1263 4747 est,
1295 4673 1329 4733 ut
1350 4687 1542 4752 conpensem
1565 4667 1693 4732 illorum
1716 4665 1845 4747 damna,

221 4786 303 4851 quae
325 4768 476 4852 neglego.

304 5114 422 5165 ilrlbus
439 5115 535 5165 le.
641 5111 719 5181 ded]
738 5116 768 5178 F,
788 5130 836 5165 orn.
853 5115 899 5165 Pl'
1000 5113 1144 5183 tinsulsa]
1164 5117 1281 5181 Quies,
1301 5118 1366 5167 salsa
1384 5116 1485 5182 Pulc,
1506 5119 1569 5168 ialsa
1586 5120 1609 5166 F
1708 5117 1851 5167 exbibeol'

221 5200 415 5265 depistolsrum
433 5205 532 5250 tuarum
552 5201 699 5262 slmplixV
800 5199 893 5251 'laute
911 5203 976 5252 toros
994 5202 1040 5251 Pl
1054 5218 1088 5252 m.
1195 5203 1277 5253 9tlbl
1295 5204 1407 5253 oertsV

305 5286 337 5337 1³
354 5299 404 5337 om.
423 5285 472 5335 VM
587 5285 618 5336 15
637 5293 663 5335 et
680 5288 831 5348 gerrlmeV
946 5287 977 5337 to
996 5303 1072 5351 supra
1097 5288 1145 5338 VM
1261 5287 1291 5338 17
1310 5303 1402 5352 genere
1424 5288 1468 5351 (Γ)
1589 5290 1621 5339 18
1639 5304 1713 5352 quem
1736 5290 1763 5352 V,
1784 5290 1849 5353 quod

221 5374 246 5422 ts
262 5387 311 5423 rus,
334 5371 363 5420 Μ

304 5457 337 5507 23
355 5473 405 5508 om.
426 5457 468 5507 ΥΡ
571 5456 603 5508 25
622 5460 675 5508 tuis
693 5471 742 5509 om.
757 5459 781 5506 F
881 5458 914 5509 28
933 5474 973 5509 me
991 5462 1080 5511 om.V
1182 5461 1212 5510 31
1233 5464 1319 5511 uerbis
1337 5462 1437 5524 seriptis
1452 5459 1574 5520 PVM,
1594 5463 1712 5511 hasnam
1731 5460 1850 5509 brdlencll

221 5545 332 5604 hatur,
357 5546 462 5607 supple:
481 5550 510 5594 ut
527 5546 665 5597 subuculas
684 5547 784 5607 lugenlo
803 5560 857 5596 meo
874 5547 977 5608 scriptis
995 5549 1048 5596 tuis
1066 5549 1104 5597 oet
1122 5549 1201 5597 simile
1218 5548 1277 5611 pald
1398 5546 1431 5596 32
1451 5561 1489 5595 me
1508 5548 1591 5609 legere
1610 5547 1633 5594 F
1751 5546 1784 5595 33
1803 5560 1849 5596 uec

225 5632 321 5692 legoV
