4716 6476
1108 454 1304 513 SYMMAOHI
1322 453 1533 512 EPISTVLAE

1116 821 1274 885 xxxxv
1298 820 1525 901 (xxxxnn).

1187 958 1246 1022 nn
1268 957 1455 1023 rrnnrvn.

594 1130 764 1197 Redditum
794 1131 874 1196 mihi
905 1150 976 1197 esse
1006 1151 1146 1196 annuum
1175 1128 1409 1213 quodammodo
1433 1129 1588 1194 sermonis
1610 1129 1657 1194 tui
1680 1128 1823 1196 debitum
1850 1181 2031 1196 .......
2079 1132 2137 1197 tibi

508 1253 634 1316 quoque
662 1233 817 1317 gaudium
847 1235 1001 1300 sollemne
1032 1233 1073 1299 de
1101 1233 1193 1299 nobis
1222 1234 1303 1299 haee
1330 1252 1486 1318 responsa
1516 1233 1734 1316 praestabunt.
1788 1254 1873 1315 quae
1902 1234 1977 1317 quia
2009 1241 2138 1319 propter

508 1343 629 1402 tantam
660 1337 925 1420 longinquitatem
955 1338 1159 1418 frequentare
1189 1357 1252 1401 non
1281 1355 1469 1420 possumus,
1503 1335 1611 1400 debita
1639 1335 1703 1401 fide
1731 1336 1827 1402 certis
1855 1336 2052 1421 temporibus
2080 1357 2172 1402 ex-s

509 1440 667 1506 bibemus.
715 1449 845 1507 maneat
872 1440 970 1524 igitur
999 1440 1050 1505 hic
1079 1459 1157 1505 usus
1187 1448 1220 1506 et
1248 1443 1415 1522 quotannis
1448 1439 1563 1509 salutis
1586 1439 1703 1504 indicio
1725 1445 1837 1504 mutua
1859 1440 1942 1506 inter
1964 1459 2022 1505 nos
2045 1459 2138 1506 secu-

508 1543 586 1610 ritas
609 1542 810 1609 recondatur.
858 1544 942 1610 vale.

1128 1785 1302 1850 xxxxvr
1325 1785 1516 1867 (xxxxv).

1136 1924 1195 1988 nn
1222 1922 1509 1987 srunrnsrvn.

596 2096 676 2180 Agis
702 2115 827 2161 mecum
857 2096 1016 2161 desiderio
1046 2096 1201 2175 amantis,
1236 2102 1270 2160 ut
1292 2094 1434 2160 redeam.
1482 2093 1668 2159 iamdudum
1691 2095 1751 2160 hoc
1773 2095 1900 2160 animus
1922 2114 2014 2161 meus
2038 2094 2136 2160 vestri
2158 2116 2187 2156 ro

510 2200 667 2285 expetitor
694 2198 865 2283 efflagitat,
900 2198 958 2265 sed
981 2198 1130 2264 valetudo
1153 2198 1264 2263 saucia
1286 2198 1440 2283 obstrepit
1462 2198 1628 2264 voluntati.
1677 2199 1790 2263 humor
1812 2197 1896 2264 enim
1919 2197 2037 2263 noxius
2059 2197 2138 2262 arti-

510 2303 591 2369 culis
619 2303 765 2388 inlapsus
794 2301 891 2368 etiam
921 2321 1006 2367 nunc
1032 2322 1083 2367 me
1114 2307 1202 2367 tenet
1231 2302 1348 2367 lectulo
1376 2308 1408 2367 et
1435 2301 1489 2366 rix
1517 2302 1634 2367 literali
1657 2302 1800 2368 siccitate
1823 2308 1982 2367 tenuatur.
2032 2300 2138 2366 tribue

509 2405 608 2489 igitur
628 2413 756 2491 tempus
779 2405 953 2485 refectioni,
981 2404 1067 2487 quod
1089 2425 1149 2488 ego
1172 2405 1411 2471 vindicaveram
1434 2405 1602 2488 voluptati.
1643 2423 1720 2489 prae
1743 2424 1793 2470 me
1816 2411 1925 2470 autem
1947 2404 2025 2486 fero,
2052 2403 2138 2486 quod

511 2508 569 2575 tibi
591 2508 624 2574 in
646 2514 736 2574 tauta
758 2509 911 2574 bonorum
934 2506 1138 2574 multitudine
1160 2516 1233 2593 post
1254 2508 1433 2574 discessum
1456 2528 1562 2573 meum
1585 2507 1682 2589 nihil,
1709 2514 1851 2589 stante,
1878 2508 2053 2574 iucundum
2075 2512 2135 2588 cst,

470 2611 489 2671 2
512 2612 571 2678 sed
593 2619 687 2697 puto,
721 2614 803 2695 quod
826 2612 879 2696 pia
901 2611 1081 2677 adfectione
1104 2611 1244 2689 fallaris,
1276 2611 1353 2701 qnia
1376 2631 1511 2695 parrum
1534 2619 1584 2678 est
1603 2612 1637 2676 in
1659 2618 1788 2678 amante
1810 2611 1976 2677 iudicium.
2023 2618 2056 2676 et
2078 2630 2139 2694 ego
2162 2634 2190 2672 rs

512 2715 642 2798 quidem
671 2735 734 2779 non
763 2734 802 2780 ex
825 2714 875 2778 his
898 2715 1034 2799 primum
1058 2715 1188 2795 litteris,
1223 2714 1301 2798 quid
1324 2715 1364 2780 de
1388 2735 1439 2780 me
1462 2715 1601 2797 sentias,
1634 2716 1716 2796 scio,
1750 2735 1850 2800 prope
1873 2721 2071 2793 esttamen,
2105 2719 2141 2778 ut

512 2837 609 2901 egere
632 2817 753 2901 gratim
775 2817 943 2883 absentiae
966 2837 1057 2883 meae
1081 2817 1233 2898 debeam,
1269 2817 1345 2900 quia
1366 2817 1445 2883 mihi
1468 2818 1687 2903 syngrapham
1709 2817 1873 2902 quandam
1896 2815 2071 2882 testimonii
2092 2815 2139 2881 tui

512 2919 682 3006 praestitit.
735 2939 844 2985 rerum
874 2919 955 2985 haec
983 2920 1084 2985 missa
1113 2919 1242 2987 faciam.
1289 2942 1353 2986 non
1383 2921 1530 2987 morabor
1559 2921 1814 3006 expectationem
1842 2929 1930 2986 tuam
1960 2926 2033 3004 post
2062 2939 2140 2985 con-

513 3021 707 3088 ciliationem
730 3022 865 3105 vigoris3
904 3022 962 3088 sed
984 3023 1060 3106 qnia
1083 3023 1143 3089 boc
1165 3024 1296 3108 longum
1320 3033 1370 3090 est
1391 3023 1557 3109 diligenti,
1584 3023 1678 3104 visis,
1706 3044 1788 3107 quae
1811 3023 1844 3088 iu
1867 3022 2012 3107 proximo
2033 3022 2140 3108 possi-

513 3125 644 3205 demus,
677 3124 815 3190 reditum
845 3126 1022 3191 maturabo.
1071 3146 1163 3211 spero
1187 3127 1271 3193 enim
1294 3128 1483 3194 tantundem
1506 3146 1710 3194 accessurum
1734 3126 1865 3193 sanitati
1886 3145 1977 3193 meae
2000 3146 2041 3192 ex
2063 3145 2140 3191 con-
2158 3146 2189 3188 ro

513 3234 624 3313 spectu
647 3233 762 3311 vestro,
790 3234 943 3312 quantum
966 3230 1091 3313 sperari
1113 3230 1214 3314 possit
1235 3250 1276 3297 ex
1298 3232 1373 3297 otio.
1420 3232 1507 3298 rale.

1110 3488 1302 3555 xxxxvlr
1330 3490 1539 3573 (XXXXVI).

1168 3627 1228 3691 AD
1250 3627 1481 3693 VALERIVM.

600 3796 723 3861 Vellem
746 3796 891 3862 sedatam
915 3796 972 3861 lilii
994 3797 1056 3862 mei
1080 3798 1315 3880 aegritudinem
1339 3800 1503 3881 nuntiare,
1533 3800 1592 3867 sed
1613 3799 1693 3865 nihil
1718 3807 1852 3883 prosunt
1873 3799 2026 3881 figmenta
2049 3798 2140 3863 solli-

513 3899 593 3964 citis.
641 3899 746 3964 andeo
773 3908 880 3965 tamen
909 3918 1040 3984 sperare
1070 3901 1214 3966 meliora.
1261 3901 1429 3969 inminutio
1459 3903 1544 3968 enim
1574 3904 1712 3968 febrium
1742 3903 1804 3967 deo
1834 3908 1964 3967 auctore
1986 3902 2029 3966 ad
2051 3901 2138 3967 fidu·
2159 3922 2190 3965 rs

513 4002 594 4067 ciam
622 4002 770 4067 sanitatis
799 4002 903 4087 coepit
931 4002 1098 4069 accedere.
1144 4010 1218 4069 tuae
1248 4025 1305 4089 pro
1328 4005 1420 4070 nobis
1443 4002 1652 4072 sollicitudini
1674 4005 1798 4089 gratias
1820 4026 1882 4089 ago
1905 4012 1937 4070 et
1960 4005 2135 4073 caelestem

512 4125 685 4190 conprecor
713 4112 921 4189 potestatem,
956 4112 990 4170 ut
1012 4113 1065 4171 tuo
1087 4106 1172 4172 circa
1193 4107 1313 4174 amicos
1336 4107 1442 4174 animo
1466 4126 1690 4193 prosperorum
1713 4109 1854 4175 omnium
1878 4107 2064 4175 vicissitudo
2086 4129 2140 4174 re-

514 4206 684 4293 spondeat.
732 4208 815 4273 vale.

1096 4451 1304 4517 xxxxvnr
1328 4452 1555 4535 <xxxxvnu

1115 4590 1174 4653 sn
1199 4589 1538 4656 nnxrnrmnnvn.
2161 4611 2190 4653 ³0

599 4760 692 4824 Soles
720 4758 752 4822 in
781 4758 950 4824 scribendo
980 4779 1053 4825 esse
1076 4761 1219 4844 prolixus
1242 4782 1299 4846 pro
1322 4762 1445 4846 ingenii
1468 4763 1513 4827 tui
1536 4755 1677 4841 viribus;
1712 4772 1882 4847 postquam
1906 4770 1937 4828 te
1960 4763 2061 4828 honor
2083 4784 2142 4828 au-

511 4861 593 4926 licus
620 4862 654 4926 iu
683 4861 878 4945 procinctum
909 4863 1052 4943 vocarit,
1084 4871 1118 4929 tu
1147 4884 1273 4946 quoqne
1301 4865 1400 4931 verba
1430 4866 1590 4948 succingis
1614 4873 1646 4931 et
1667 4873 1830 4950 tamqnam
1852 4866 1935 4932 levis
1957 4873 2141 4933 armaturae
2308 4848 2314 4857 ²

599 5155 615 5204 2
634 5157 674 5204 Ad
686 5157 794 5205 Plerinnr
809 5157 871 5221 (Π),
886 5159 1048 5218 Symmachus
1061 5161 1142 5209 Pierio
1154 5159 1197 5223 (Γ)
1292 5164 1307 5209 3
1326 5163 1442 5210 debitum
1455 5164 1502 5211 tibi
1517 5163 1577 5226 (Π),
1593 5164 1711 5212 mennam
1723 5162 1830 5211 indicavi
1924 5161 1939 5211 4
1958 5163 2017 5224 qula
2030 5176 2080 5213 om.
2097 5160 2140 5223 (Γ)

514 5242 530 5290 5
548 5240 642 5309 debite]
660 5257 712 5303 eno,
732 5243 765 5291 de
782 5246 846 5292 bons
866 5244 927 5307 (II),
948 5247 992 5293 sed
1010 5247 1074 5294 hone
1092 5245 1134 5308 (Γ)
1239 5248 1255 5297 6
1273 5245 1420 5314 quotannis]
1438 5262 1488 5311 epo,
1510 5250 1616 5311 quodum
1636 5249 1685 5311 (Π)

602 5328 633 5377 15
652 5325 729 5395 qnod]
747 5330 854 5389 Iuratus,
874 5333 934 5393 qula
953 5331 1003 5393 (Π)
1124 5331 1242 5400 paruum]
1261 5349 1343 5383 rarum
1363 5333 1406 5397 (Γ)
1549 5334 1579 5384 19
1597 5335 1714 5395 diligenti
1733 5331 1809 5400 uluis]
1828 5333 1970 5396 Scioppius,
1990 5334 2142 5395 diligentius

513 5416 536 5464 le
554 5414 584 5477 Γ,
605 5415 754 5476 diligentius
771 5416 811 5465 hle
829 5416 878 5479 (Π)
984 5416 1013 5464 ll
1035 5424 1120 5481 posset
1138 5417 1181 5482 (Γ)

600 5499 632 5549 23
651 5514 700 5551 om.
719 5502 743 5549 Γ
844 5502 876 5551 rt
896 5504 962 5552 nelle
982 5500 1091 5554 rtrm.
1199 5504 1261 5573 mei]
1279 5509 1359 5556 nostrl
1380 5505 1416 5554 Fi
1529 5506 1562 5556 25
1580 5503 1661 5573 enim]
1680 5514 1779 5556 mntem
1799 5506 1839 5554 F²
1954 5507 1988 5557 26
2006 5520 2052 5569 pro
2070 5510 2141 5555 nobis

511 5592 567 5650 post
584 5588 676 5650 gratiss
693 5602 738 5650 ago
756 5590 839 5638 conor.
862 5586 900 5635 pr
1014 5589 1046 5639 27
1065 5589 1229 5659 potestatem]
1248 5594 1284 5655 Π,
1306 5596 1463 5643 nraieststcrn
1482 5591 1551 5653 FU,
1572 5596 1705 5642 saniutem
1726 5592 1764 5641 Γῖ
1867 5589 1922 5659 tuo]
1941 5594 1969 5655 Γ,
1990 5594 2038 5641 tibi
2057 5592 2113 5641 ΠΓ

514 5688 710 5736 prosperumque
728 5674 774 5737 1²¹,
792 5689 1016 5739 prosperorumque
1036 5674 1072 5723 F²
1176 5677 1208 5728 28
1227 5680 1283 5727 nale
1301 5695 1350 5728 om.
1373 5676 1410 5726 F³

600 5758 629 5811 31
652 5761 749 5811 solebas
768 5760 884 5812 latinius
987 5762 1046 5827 sort.
1067 5770 1198 5832 postquam
1217 5770 1301 5815 autem
1319 5771 1345 5822 tc
1450 5765 1482 5814 32
1500 5761 1537 5842 et]
1557 5763 1587 5828 Γ,
1607 5780 1654 5815 orn.
1676 5766 1726 5828 (Π)
