4744 6476
854 546 1130 613 (EPIS'I'VLARVII
1149 546 1219 600 LIB.
1240 546 1287 608 X).
1818 548 1875 609 291

258 744 365 803 aetate
394 738 491 804 debet
520 738 715 803 adolescere.
763 757 839 821 ergo
870 736 1009 801 numinis
1038 735 1136 801 vestri
1167 734 1285 800 famam
1317 735 1475 817 simulque
1503 734 1637 798 arduum
1669 739 1716 799 rei
1736 733 1882 817 cogitans
1908 735 2004 796 ΤΜΓ

258 847 439 923 corporatos
466 840 700 923 negotiatores,
733 840 877 905 membra
899 847 1051 905 aeternae
1074 838 1178 921 urbis,
1210 838 1252 903 ad
1274 858 1426 920 equorum
1450 836 1678 915 conlationem,
1710 857 1805 919 quam
1828 836 1882 902 lit-

258 944 336 1009 teris
365 944 565 1028 imperastis,
598 964 712 1010 vocare
743 943 903 1025 dubitavi,
936 963 976 1009 ne
999 942 1203 1008 librationem
1226 940 1415 1007 clementiae
1437 946 1564 1006 vestrae
1586 941 1731 1023 querella
1753 939 1882 1025 publica

258 1047 469 1132 praeveniret.
500 1047 644 1131 integra
666 1067 718 1112 res
742 1053 809 1113 est:
835 1047 941 1112 adhuc
963 1045 1184 1112 salubritatem
1207 1045 1331 1110 consilii
1354 1044 1568 1128 diligentioris
1590 1050 1749 1128 expectat.
1788 1043 1882 1109 iusti-

226 1150 322 1216 stiae
352 1156 532 1235 praestate,
570 1150 655 1232 qnod
685 1150 853 1215 remittetis
881 1148 1034 1215 invidiae.
1089 1146 1130 1213 de
1159 1148 1307 1232 exemplo
1335 1148 1484 1227 veniunt,
1520 1166 1604 1229 quae
1634 1164 1802 1211 cavemus:
1836 1146 1924 1210 si-2

257 1252 387 1335 quidem
411 1252 494 1317 caeli
516 1252 678 1337 particeps
701 1270 819 1336 parens
841 1251 1032 1317 clementiae
1054 1256 1191 1330 vestrae,
1217 1270 1289 1315 cum
1312 1270 1428 1315 munus
1450 1249 1602 1333 exiguum
1625 1249 1700 1314 huic
1717 1248 1880 1314 hominum

257 1356 368 1440 generi
398 1355 551 1423 mandare
580 1362 787 1439 temptasset,
821 1363 925 1420 motus
955 1354 1103 1419 libertate
1125 1353 1229 1438 plebis
1252 1352 1417 1418 abstinuit.
1464 1359 1496 1419 et
1518 1359 1604 1418 certe
1626 1371 1801 1436 paucorum
1824 1370 1880 1415 cn-

258 1479 326 1523 ram
355 1479 406 1524 res
435 1458 494 1523 illa
521 1458 675 1543 poscebat
704 1458 872 1541 magisque
901 1455 1041 1523 officinm
1070 1456 1315 1522 desiderabatur
1343 1455 1530 1522 tractandae
1551 1454 1707 1540 pecuniae
1729 1454 1880 1538 publicae

257 1582 352 1645 quam
375 1561 580 1646 dispendium
603 1561 827 1627 conferendae.
874 1559 1034 1627 consuluit
1055 1567 1163 1625 tamen
1185 1560 1307 1644 gloriae
1330 1579 1424 1642 suae,
1450 1557 1589 1642 nequid
1612 1558 1736 1623 iuberet
1757 1556 1875 1637 invitis,

210 1684 238 1725 ιο
257 1672 290 1731 et
317 1665 584 1749 diligentissimus
612 1684 652 1730 ao
681 1664 784 1730 serias
805 1665 978 1749 imperator
999 1670 1164 1749 speratum
1187 1664 1433 1729 emolumentum
1455 1669 1619 1745 tamquam
1642 1662 1807 1746 popularis
1829 1661 1880 1745 ig-

258 1769 356 1834 novit.
403 1789 463 1834 nee
492 1775 583 1852 putet
603 1768 778 1833 aeternitas
799 1773 908 1832 vestra
929 1767 971 1832 ab
993 1767 1119 1851 incepto
1141 1775 1261 1832 temere
1284 1765 1448 1832 destitisse
1470 1765 1532 1830 deo
1553 1764 1732 1848 proximum
1755 1764 1875 1841 virum3
1903 1773 1922 1831 3

257 1877 389 1937 noverat
418 1871 531 1936 horum
559 1890 725 1956 corporum
755 1868 931 1936 ministerio
960 1877 1069 1935 tautae
1099 1870 1187 1935 urbis
1216 1890 1314 1935 onera
1343 1868 1505 1934 sustineri.
1552 1868 1604 1933 hic
1630 1867 1731 1932 lanati
1754 1867 1880 1951 pecoris

228 1972 231 1983 ⁴
256 1973 398 2039 invector
427 1980 491 2056 est,
523 1974 582 2039 ille
610 1973 653 2039 ad
676 1972 795 2037 victum
817 1972 927 2057 populi
950 1972 1037 2056 cogit
1058 1979 1253 2053 anuentnm,
1287 1972 1345 2037 hos
1368 1971 1484 2036 suillae
1507 1970 1613 2035 earnis
1635 1976 1723 2036 tenet
1744 1970 1876 2051 functio,

257 2097 332 2161 pars
361 2077 484 2142 urenda
513 2077 653 2141 lavacris
682 2075 773 2159 ligna
801 2081 980 2163 comportat,
1014 2081 1089 2141 sunt
1110 2075 1165 2159 qui
1188 2075 1321 2141 fabriles
1343 2094 1457 2140 manus
1478 2074 1626 2159 augustis
1648 2073 1799 2159 operibus
1820 2073 1880 2138 ad-

209 2199 238 2239 rt
257 2180 471 2261 commodent,
504 2201 563 2264 per
590 2180 672 2246 alios
704 2179 835 2245 fortuita
856 2186 1003 2245 arcentur
1024 2179 1184 2245 incendia.
1231 2178 1296 2245 iam
1318 2197 1481 2262 caupones
1504 2184 1536 2243 et
1557 2178 1712 2261 obsequia
1733 2177 1876 2261 pistoria,

256 2283 359 2367 frugis
389 2290 422 2349 et
450 2284 514 2348 olei
537 2283 662 2348 baiulos
686 2284 867 2364 multosque
888 2283 923 2348 id
945 2303 1048 2366 genus
1070 2283 1194 2366 patriae
1217 2282 1395 2348 servientes
1417 2301 1605 2347 enumerare
1629 2281 1794 2346 fastidium
1817 2289 1877 2347 est.

255 2387 299 2452 ad
321 2406 477 2452 summam
500 2387 601 2470 liquet
622 2386 827 2470 privilegium
850 2393 941 2452 vetur
965 2407 1082 2470 magno
1104 2386 1255 2471 inpendio
1279 2395 1424 2451 constare
1440 2384 1609 2456 Romanis:
1635 2384 1704 2467 iugi
1727 2385 1880 2467 obsequio

255 2488 453 2555 inmunitatis
480 2508 595 2553 nornen
618 2495 774 2554 emerunt.
820 2490 907 2572 quod
930 2489 958 2555 si
980 2490 1162 2556 adiciantur
1182 2488 1330 2570 insolita,
1363 2488 1497 2553 forsitan
1520 2493 1673 2553 consueta
1694 2488 1875 2552 cessabunt.
1903 2496 1921 2553 i

255 2612 356 2674 quare
378 2600 547 2675 paternum
571 2591 761 2656 clementiae
784 2598 858 2656 tuae
880 2590 1058 2675 ingerimus
1080 2592 1274 2676 exemplum.
1321 2590 1459 2677 praetuli
1482 2591 1662 2673 oraculum,
1693 2588 1779 2674 quod
1807 2589 1880 2674 pius

207 2711 237 2754 to
256 2713 422 2760 successor
442 2693 588 2761 imiteris.
635 2714 689 2760 oro
712 2700 808 2778 atque
831 2694 972 2777 obsecro,
998 2715 1038 2761 ne
1061 2697 1224 2780 populum,
1250 2716 1346 2779 quem
1367 2694 1601 2780 triumphantes
1624 2713 1722 2778 saepe
1744 2713 1879 2759 venera-

257 2797 350 2879 mini,
376 2797 491 2864 ceteris
513 2798 644 2864 urbibus
666 2798 849 2864 conteratis.
896 2798 986 2864 dabit
1008 2799 1134 2865 fortuna
1157 2799 1286 2881 melior,
1311 2797 1469 2883 quidquid
1491 2797 1663 2864 castrensis
1686 2816 1764 2863 usus
1786 2795 1880 2862 effla-

256 2901 353 2985 gitat3
380 2900 588 2966 humanitatis
610 2900 722 2966 merito
745 2901 920 2967 necessitas
942 2908 1050 2967 vestra
1072 2901 1246 3001 sedabitur.

785 3157 843 3222 xv
871 3156 1035 3237 (xxmn.
1053 3157 1186 3241 xxxv)
1222 3179 1253 3223 a,
1271 3161 1346 3224 aar.

305 3295 407 3360 DDD.
433 3296 538 3361 NNN.
566 3294 892 3361 VALENTINIANO
914 3294 1159 3361 THEODOSIO
1181 3295 1245 3359 ΕΤ,
1260 3295 1449 3361 AROADIO
1472 3295 1638 3360 SEMPER
1660 3293 1828 3359 AVOGG.

207 3416 237 3457 aa
645 3398 906 3465 SYMMAOHVS
928 3400 967 3464 V.
994 3400 1031 3465 Ο.
1056 3398 1332 3466 PRAEFEOTVS
1353 3398 1490 3464 VRBIS.

342 3573 391 3636 Ab
421 3580 532 3637 exortu
562 3591 666 3657 paene
695 3571 784 3636 urbIs
806 3571 941 3637 Martiae
965 3578 1144 3637 strenarum
1166 3590 1245 3636 usus
1267 3571 1409 3637 adolevit
1429 3577 1560 3636 auctore
1581 3570 1676 3635 Tatio
1699 3590 1791 3653 rege,
1824 3569 1879 3652 qui

257 3675 415 3739 verbenas
438 3673 543 3739 felicis
565 3673 688 3738 arboris
711 3693 751 3739 ex
773 3674 845 3739 luco
868 3674 1014 3739 Streniae
1036 3674 1113 3738 anni
1134 3673 1212 3739 novi
1233 3673 1382 3758 auspices
1404 3673 1527 3758 primus
1548 3673 1685 3757 accepit,
1714 3671 1791 3737 ddd.
1817 3671 1879 3736 im-

254 3783 428 3861 peratores.
479 3795 594 3841 nomen
622 3775 741 3841 indicio
772 3783 837 3858 est,
870 3776 947 3840 viris
976 3776 1116 3841 strenuis
1144 3776 1226 3842 haec
1254 3776 1424 3841 convenire
1452 3775 1566 3842 virtute
1594 3783 1691 3859 atque
1718 3773 1792 3840 ideo
1821 3793 1877 3839 vo-

254 3879 304 3943 bis
332 3878 516 3944 huiusmodi
545 3878 671 3961 insigne
700 3878 829 3961 deberi,
861 3899 993 3961 quornm
1024 3879 1152 3944 divinus
1177 3878 1303 3944 animus
1325 3879 1430 3963 magis
1451 3878 1667 3945 testimonium
1689 3876 1877 3960 vigilantiae

207 4000 236 4042 ao
255 4003 351 4065 quam
374 4001 467 4047 omen
490 3988 649 4067 expectat.
691 3982 806 4047 sumite
821 3981 930 4066 igitur,
956 3982 1142 4049 deiensores
1157 3983 1309 4067 publicae
1324 3982 1449 4065 salutis,
1476 3981 1673 4048 sollemniter
1686 4001 1764 4046 auro
1780 3979 1878 4045 ducta
1900 3988 1920 4047 2

253 4086 459 4168 munuscula,
495 4105 559 4151 nou
588 4085 666 4168 quia
695 4085 805 4151 divitis
833 4085 956 4151 metalli
984 4086 1102 4151 honore
1130 4084 1298 4169 gaudetis,
1332 4085 1391 4152 sed
1418 4093 1454 4152 ut
1482 4092 1591 4151 nostra
1619 4083 1745 4150 devotio
1773 4082 1878 4150 ielicis

254 4187 376 4252 saeculi
406 4194 541 4254 testetur
568 4188 775 4271 opulentiam.
822 4187 915 4253 bonis
938 4187 1137 4273 principibus
1158 4189 1241 4255 bene
1264 4195 1357 4273 parta
1378 4188 1527 4254 libamus.
1574 4187 1728 4270 suscipite
1750 4207 1771 4251 a
1792 4185 1878 4251 iudi-

254 4290 344 4355 cibus
373 4295 486 4374 aperta
515 4290 686 4373 obsequia,
720 4291 774 4375 qui
801 4290 906 4374 pretia
932 4291 1059 4356 occulta
1086 4290 1256 4355 damnatis.
1304 4290 1416 4355 merito
1439 4289 1530 4355 vobis
1553 4289 1725 4354 sollemnes
1747 4294 1877 4371 pateras

253 4411 325 4458 cum
355 4391 460 4473 quinis
488 4391 601 4457 solidis
630 4398 666 4458 ut
693 4393 877 4458 numinibus
905 4392 1100 4476 integritatis
1129 4392 1308 4474 offerimus,
1343 4393 1460 4477 quibus
1482 4411 1542 4457 nec
1564 4399 1673 4457 vester
1694 4390 1797 4476 pudor
1817 4410 1878 4455 nec

205 4516 234 4556 ts
252 4500 363 4561 noster
390 4513 506 4560 census
536 4504 695 4561 oneratur.
743 4503 872 4562 maneat
899 4516 1016 4562 aevum
1048 4497 1123 4562 talis
1152 4496 1237 4563 circa
1266 4516 1324 4562 vos
1354 4515 1431 4562 usus
1461 4494 1560 4561 officii
1581 4501 1615 4560 et
1636 4494 1786 4559 honorem
1809 4493 1919 4563 cle-3

253 4598 392 4664 mennae
421 4604 549 4664 vestrae
577 4598 768 4664 interminus
796 4619 951 4664 annorum
979 4618 1127 4667 recursus
1154 4599 1321 4666 instauret.
1368 4598 1506 4665 libenter
1527 4598 1645 4665 strenis
1667 4596 1877 4663 sollemnibus

252 4702 455 4786 praefectura
476 4701 629 4785 fungetur
651 4701 789 4767 strenuis
812 4702 996 4768 deferenda.

341 4858 372 4907 19
390 4855 460 4911 (iod.
481 4855 590 4910 I'hend.
610 4854 697 4911 XIIII
715 4859 739 4919 2,
764 4858 787 4912 1.

341 5062 351 5111 i
372 5065 409 5111 rei
427 5059 549 5129 cogitans]
566 5064 635 5125 Suet,
655 5065 794 5123 recogitans
815 5062 890 5112 ΤΜΓ
1020 5065 1035 5112 3
1054 5062 1223 5132 librationem]
1242 5062 1263 5113 Ῑ
1263 5101 1270 5126 ,
1292 5066 1462 5115 liberationem
1484 5063 1542 5126 ΤΜ,
1563 5064 1767 5113 deliberationem
1784 5064 1878 5125 aliquit

252 5148 320 5210 opud
334 5150 445 5198 lurcium
540 5150 703 5197 brenrlttitie
717 5148 743 5197 Γ
834 5146 980 5216 dueetrac]
994 5149 1050 5213 MP,
1071 5151 1166 5199 tuteI'
1259 5150 1388 5199 iderei'
1483 5151 1618 5199 iiiuueret
1632 5150 1684 5197 ΓΜ
1779 5149 1809 5198 lii
1828 5150 1877 5196 irn-

252 5237 359 5298 peratori
380 5234 429 5282 ΤΜ
534 5234 564 5284 12
583 5236 675 5283 honere
689 5234 738 5282 rte
843 5235 873 5284 13
893 5237 1047 5285 inuentorT
1153 5236 1183 5285 14
1202 5239 1265 5286 t'rttcr
1282 5238 1387 5287 lanterio
1405 5242 1427 5286 et
1445 5238 1514 5297 ligna
1533 5238 1616 5285 interit
1632 5251 1659 5297 p.
1675 5234 1737 5297 3112,
1753 5234 1783 5284 tt
1801 5236 1877 5284 iiber-

252 5329 306 5369 tum
324 5334 380 5370 esse
397 5347 434 5357 —
451 5320 510 5381 313,
526 5320 558 5369 22
577 5321 671 5383 pudore
689 5321 824 5369 ditaturM
928 5325 1042 5383 angustIs
1063 5322 1114 5370 ΤΜ
1216 5324 1374 5373 commodent
1392 5322 1427 5384 M,
1448 5321 1671 5372 accommodantl
1775 5321 1807 5372 18
1825 5323 1878 5370 abi·

252 5409 348 5455 tiantur
367 5406 395 5453 Μ
500 5405 531 5454 19
549 5408 655 5467 protulit
673 5406 756 5468 Meyer

338 5488 540 5557 taenaron]
560 5490 645 5541 dd.I’
726 5493 841 5541 archadio
856 5491 933 5541 rm*
1016 5495 1065 5555 eug
1080 5494 1135 5553 PM,
1157 5510 1229 5554 augg.
1247 5494 1273 5544 Γ
1374 5494 1407 5545 26
1424 5493 1608 5543 sternarurnM
1699 5494 1810 5543 adolebit
1824 5495 1845 5539 Τ

252 5577 357 5626 tseioI'
461 5579 594 5625 autoritate
612 5576 678 5624 Tatii
696 5580 761 5638 regis
780 5577 806 5624 Γ
906 5578 938 5627 27
958 5579 1052 5627 domini
1074 5580 1101 5641 Γ,
1121 5581 1164 5629 dd.
1185 5580 1211 5629 Γ
1311 5583 1456 5643 Impretoree
1475 5580 1502 5627 M
1605 5580 1697 5628 scribe:
1721 5579 1777 5630 dtiti.
1799 5582 1878 5640 impe·

252 5667 344 5712 ratores
359 5663 537 5715 valentiniane
550 5664 673 5711 Theodosi
686 5669 713 5711 et
726 5664 816 5711 Arcadi
828 5665 917 5723 inclyti
932 5666 1038 5713 uictores
1050 5680 1078 5712 ac
1090 5666 1281 5728 triumphatores
1293 5681 1392 5729 semper
1406 5668 1515 5727 Auggg„
1529 5664 1566 5724 cf.
1580 5681 1605 5726 p.
1621 5665 1680 5726 279,
1696 5665 1709 5712 t
1780 5665 1813 5714 28
1826 5667 1879 5714 uit·

253 5744 319 5813 tute]
339 5748 482 5807 Mommsen,
502 5750 626 5798 uirtutem
647 5748 706 5812 TM,
725 5753 756 5797 ob
776 5748 936 5798 ulrtntemF
1035 5751 1067 5801 29
1085 5752 1286 5801 huiusmodiei'
1387 5752 1573 5802 senonens
1676 5751 1703 5801 31
1727 5749 1827 5818 diuitis]
1844 5750 1875 5813 Γ,

251 5836 348 5882 diuitiis
368 5834 402 5897 Μ,
423 5834 569 5882 diuitiaeT
673 5834 705 5883 35
724 5843 842 5885 oneratus
864 5835 915 5883 ΤΜ
1017 5836 1051 5887 tlt
1069 5835 1174 5903 emenia]
1193 5836 1223 5900 Γ,
1244 5840 1356 5887 attendit
1379 5838 1429 5886 ΓΜ

1620 5940 1676 5991 st*
