4716 6476
1094 494 1290 552 SYMMAOHI
1309 495 1523 551 EPISTVLAE

1079 856 1284 920 nxnnxnr
1304 856 1538 939 (nnxxvnu.

448 1033 482 1094 F
587 1028 726 1109 Pignora
753 1035 861 1091 nostra
891 1028 1131 1109 coniunximus,
1164 1036 1259 1110 atque
1288 1029 1359 1094 ideo
1390 1035 1639 1093 cousentaneum
1668 1029 1810 1111 videtur,
1844 1034 1879 1093 ut
1908 1048 1987 1110 quos
2017 1034 2123 1093 coetus

497 1131 669 1215 participes
697 1131 885 1211 habuimus,
921 1131 1019 1196 etiam
1048 1132 1167 1197 honore
1197 1134 1360 1216 sportulae
1390 1151 1630 1217 prosequamur.
1678 1130 1759 1196 duos
1781 1131 1879 1215 igitur
1901 1130 2021 1196 solidos
2044 1130 2123 1196 offe-

496 1235 612 1299 rendos
641 1233 699 1299 tibi
729 1233 891 1313 misimus,
924 1255 1058 1319 parrum
1087 1236 1328 1317 munusculum,
1362 1235 1391 1299 si
1421 1234 1609 1301 aestimatur
1631 1233 1732 1318 pretio
1755 1234 1821 1315 sui,
1856 1235 2062 1319 religiosum,
2096 1233 2122 1298 si

497 1357 604 1402 amore
627 1336 796 1421 pendatur.
2142 1359 2155 1397 ι

1056 1683 1279 1748 nxxxxnn
1304 1682 1561 1766 (nxxxvnu).

441 1864 478 1922 Π
584 1855 717 1920 Romam
740 1862 772 1919 te
795 1861 964 1919 ventumm
987 1861 1076 1920 certa
1090 1854 1177 1920 fama
1192 1854 1399 1940 promiserat:
1427 1874 1517 1939 spem
1533 1854 1687 1920 visendae
1702 1854 1919 1939 praestantiae
1934 1862 2009 1920 tuae
2025 1855 2126 1919 multo

498 1957 617 2041 gaudio
647 1978 852 2043 ceperamus,
887 1957 944 2024 sed
973 1958 1136 2043 inproviso
1165 1965 1305 2025 mutatus
1335 1959 1465 2024 nuntius
1487 1958 1657 2037 indicavit,
1692 1958 1779 2039 quod
1801 1958 1854 2043 pio
1877 1957 1981 2022 accitu
2004 1955 2127 2022 domini

498 2069 532 2127 et
553 2060 707 2145 principis
730 2061 828 2126 nostri
850 2059 892 2125 ad
915 2061 1022 2127 votiva
1044 2080 1217 2128 remeares.
1264 2082 1341 2145 ergo
1364 2061 1504 2126 officium
1528 2061 1745 2142 salutationis,
1775 2060 1860 2144 quod
1883 2081 1990 2126 coram
2014 2079 2127 2145 spera-

498 2184 606 2230 veram
637 2164 865 2245 defereudum,
899 2165 966 2229 stili
996 2165 1113 2230 honore
1142 2184 1303 2250 conpenso
1332 2172 1428 2249 teque
1458 2184 1528 2245 oro,
1563 2171 1598 2230 ut
1625 2165 1826 2247 ingravatam
1855 2163 1957 2230 vicem
1987 2162 2123 2245 referas,
2148 2186 2175 2227 ιι

499 2287 582 2350 quae
603 2267 806 2350 persuadeat,
833 2267 1012 2333 desiderari
1033 2288 1074 2334 ex
1097 2289 1148 2335 me
1171 2269 1282 2334 crebra
1304 2268 1482 2350 conloquia,
1510 2268 1538 2333 si
1560 2267 1746 2349 ostenderit,
1772 2268 1877 2352 prima
1898 2267 2072 2353 placuisse.

1109 2612 1294 2678 nxxxxv
1319 2613 1511 2696 (uxum).

586 2785 646 2848 Pro
675 2791 808 2866 utroque
838 2791 978 2850 nostrum
1009 2804 1139 2850 oausam
1169 2784 1309 2851 diutumi
1338 2784 1457 2851 silentii
1483 2782 1668 2865 reddidisti,
1702 2805 1776 2850 uam
1800 2805 1851 2851 me
1873 2805 2000 2869 quoque
2023 2784 2126 2850 fateor

500 2886 659 2953 scribendi
688 2887 794 2952 officio
823 2888 978 2953 hactenus
1005 2896 1213 2973 temperasse.
1260 2895 1316 2954 tna
1337 2888 1437 2972 igitur
1458 2889 1649 2973 purgatione
1672 2887 1827 2954 defensus
1850 2888 1973 2954 diluere
1995 2889 2122 2971 litteris,

499 2991 584 3073 quod
615 3011 780 3056 commuue
810 3000 874 3073 est,
909 3013 974 3057 uon
1002 2991 1124 3057 laboro.
1171 3012 1255 3057 nuuc
1282 2992 1421 3057 omnium
1445 2999 1529 3058 statu
1551 2991 1585 3057 in
1606 2992 1813 3075 tranquillum
1837 2990 1967 3057 redacto
1989 2992 2125 3057 aemulis
2145 3013 2174 3052 ιι»

501 3092 616 3159 studiis
640 3093 758 3159 omissa
780 3103 973 3179 repetamus.
1014 3095 1060 3161 ita
1081 3094 1168 3161 euim
1190 3094 1317 3161 demum
1340 3096 1524 3180 probabitur
1544 3095 1699 3180 temporis
1722 3094 1832 3179 fuisse,
1859 3094 1943 3178 quod
1967 3095 2021 3161 diu
2044 3096 2126 3159 inter

500 3216 558 3261 uos
580 3196 673 3262 stilus
697 3198 827 3280 quievit,
859 3199 887 3262 si
908 3218 993 3264 nuuc
1014 3197 1141 3264 reddita
1162 3198 1317 3264 facultate
1339 3204 1483 3264 mutuam
1506 3197 1708 3280 diligentiam
1731 3198 1882 3281 frequens
1904 3218 2010 3264 sermo
2033 3218 2126 3282 repa-

499 3300 627 3364 raverit.

1097 3645 1298 3712 nxxxxvr
1318 3645 1526 3729 (cxxxxn.

585 3817 658 3883 lltsi
678 3826 712 3883 tu
735 3840 755 3883 a
778 3818 891 3885 litteris
913 3820 1116 3902 temperasti,
1153 3818 1291 3902 exempli
1314 3819 1360 3885 tui
1381 3818 1522 3883 imitator
1544 3838 1616 3884 esse
1639 3840 1702 3883 uon
1724 3818 1837 3885 debeo.
1884 3820 2008 3903 integro
2031 3819 2177 3902 igiturne

500 3920 560 3986 tibi
589 3923 713 4005 largam
743 3922 967 3988 salutationem
997 3942 1057 3988 uec
1087 3921 1216 4004 diffido,
1249 3920 1416 3988 reddenda
1446 3922 1560 3986 saltem
1590 3921 1668 3986 mihi
1695 3942 1768 3987 esse
1790 3921 1914 4001 officia,
1948 3943 2033 4004 quae
2055 3943 2075 3987 a
2096 3928 2128 3986 te

501 4022 630 4090 fueraut
650 4024 842 4091 inchoanda.

1079 4369 1298 4436 nxxxxvn
1319 4369 1544 4452 (Lxxxxn).

588 4541 677 4607 Solet
704 4542 796 4607 bouis
826 4541 908 4606 livor
936 4532 1139 4628 obstrepere,
1172 4548 1208 4607 nt
1235 4561 1320 4607 nuuc
1349 4549 1511 4626 speratum
1542 4542 1745 4626 praesentiae
1774 4549 1849 4608 tuae
1872 4540 2027 4624 gandium
2050 4543 2129 4607 mibi

502 4642 655 4710 subduxit
683 4644 816 4710 invidia.
864 4645 1020 4711 hacteuus
1049 4645 1135 4711 vires
1166 4664 1242 4710 suas
1269 4644 1303 4709 iu
1334 4644 1452 4710 damna
1481 4644 1547 4709 voti
1577 4645 1755 4710 communis
1784 4642 1971 4710 intenderitz
2006 4644 2054 4709 sic
2075 4664 2130 4710 ero
2149 4664 2179 4706 ιι

501 4754 684 4828 contentus,
719 4747 804 4829 quod
833 4768 885 4814 me
914 4748 1073 4815 adventus
1102 4749 1148 4814 tui
1175 4748 1398 4833 expectatione
1420 4747 1594 4813 fraudavit.
1640 4748 1747 4833 ipsum
1770 4755 1801 4813 te
1824 4748 1976 4833 sospitem
2001 4769 2130 4816 manere

501 4850 642 4935 patiatur
671 4857 703 4915 et
731 4851 860 4916 tandmu
890 4871 962 4917 cum
991 4858 1126 4933 utroque
1148 4858 1290 4916 nostmm
1313 4850 1426 4917 redeat
1447 4851 1481 4916 iu
1503 4850 1651 4934 gratiam.
1699 4851 1800 4918 instar
1822 4850 1971 4918 beneficii
1992 4852 2069 4935 erit,
2103 4852 2132 4916 si

501 4953 579 5018 mihi
602 4952 766 5037 contingat
788 4954 829 5020 de
851 4962 883 5020 te
905 4974 947 5020 ex
968 4955 1133 5039 voluptate
1156 4954 1323 5020 securitas.

588 5277 688 5346 ildeo]
707 5278 753 5343 Fi,
772 5282 839 5330 idem
858 5280 888 5345 Γ,
907 5284 934 5331 ld
954 5278 1029 5330 ΜΨ
1042 5284 1058 5329 2
1071 5299 1117 5345 m.,
1138 5284 1179 5332 hle
1199 5280 1258 5332 1³²1
1273 5299 1307 5333 m.
1423 5279 1519 5349 coetus]
1539 5283 1653 5347 lppstos,
1676 5287 1757 5333 uoltus
1776 5282 1845 5345 W,
1865 5286 1917 5343 cogi
1938 5283 1969 5347 Γ,
1988 5290 2074 5333 eontra
2093 5285 2132 5332 Pl

501 5368 516 5416 3
535 5368 594 5429 fort.
615 5368 703 5415 habere
723 5369 849 5416 uolulmus
977 5367 1065 5438 stium]
1085 5366 1155 5433 Phi,
1175 5376 1201 5418 ot
1218 5373 1244 5418 lu
1265 5367 1301 5417 F2
1430 5367 1620 5436 prosequamur]
1641 5368 1686 5434 Fi,
1711 5378 1893 5434 prosequantur
1912 5369 1956 5432 1⁹¹,
1975 5384 2132 5432 cousequan-

501 5460 543 5503 tur
562 5451 597 5501 Ff
700 5450 826 5519 lsi]sed
845 5453 881 5502 1¹³
984 5458 1119 5506 estimetur
1139 5454 1175 5504 Fi
1279 5457 1370 5505 duale
1388 5455 1446 5504 odd.
1462 5454 1498 5504 Fl

592 5541 618 5589 ll
640 5537 871 5607 persuadendam,
891 5543 994 5592 suadeat
1015 5544 1064 5606 (Π)
1173 5539 1323 5609 ostenderit]
1346 5540 1403 5605 (Γ),
1422 5544 1552 5591 ostendero
1573 5543 1625 5606 llll

592 5626 623 5676 lc
642 5623 798 5693 probabitur]
817 5627 916 5690 Merces,
938 5631 1056 5692 probatur
1078 5630 1129 5693 (Π)
1234 5626 1314 5696 luter]
1333 5628 1443 5690 Lectius,
1463 5632 1528 5677 lutra
1550 5629 1600 5691 (Π)

589 5713 623 5764 20
641 5710 681 5780 tu]
701 5712 766 5775 (Ill,
784 5714 844 5774 sort.
864 5714 909 5763 diu
1014 5718 1100 5776 ingero
1119 5716 1235 5766 Latinius

590 5799 622 5849 28
641 5801 699 5860 fort.
721 5811 766 5859 pro
784 5804 914 5864 uoluptate
