<?xml version="1.0" encoding="UTF-8"?>
<!DOCTYPE html PUBLIC "-//W3C//DTD XHTML 1.0 Transitional//EN"
    "http://www.w3.org/TR/xhtml1/DTD/xhtml1-transitional.dtd">
<html xmlns="http://www.w3.org/1999/xhtml" xml:lang="en" lang="en">
 <head>
  <title>
</title>
<meta http-equiv="Content-Type" content="text/html;charset=utf-8" />
  <meta name='ocr-system' content='tesseract 3.04.00' />
  <meta name='ocr-capabilities' content='ocr_page ocr_carea ocr_par ocr_line ocrx_word'/>
</head>
<body>
  <div class='ocr_page' id='page_1' title='image "./qaureliisymmach00seecgoog_0418.png"; bbox 0 0 4716 6476; ppageno 0'>
   <div class='ocr_carea' id='block_1_1' title="bbox 838 879 1993 1100">
    <p class='ocr_par' dir='ltr' id='par_1_1' title="bbox 838 879 1993 1100">
     <span class='ocr_line' id='line_1_1' title="bbox 838 879 1254 964; baseline -0.002 -19"><span class='ocrx_word' id='word_1_1' title='bbox 838 879 1025 946; x_wconf 79' lang='lat' dir='ltr'>uaxvrm</span> <span class='ocrx_word' id='word_1_2' title='bbox 1049 879 1254 964; x_wconf 72' lang='lat' dir='ltr'>(aarum).</span> 
     </span>
     <span class='ocr_line' id='line_1_2' title="bbox 921 1033 1993 1100; baseline -0.002 0"><span class='ocrx_word' id='word_1_3' title='bbox 921 1034 1172 1100; x_wconf 83' lang='lat' dir='ltr'>rmrmavs</span> <span class='ocrx_word' id='word_1_4' title='bbox 1882 1033 1993 1099; x_wconf 76' lang='lat' dir='ltr'>Pru</span> 
     </span>
    </p>
   </div>
   <div class='ocr_carea' id='block_1_2' title="bbox 208 1206 1864 1684">
    <p class='ocr_par' dir='ltr' id='par_1_2' title="bbox 208 1206 1864 1684">
     <span class='ocr_line' id='line_1_3' title="bbox 322 1206 1863 1291; baseline 0.003 -21"><span class='ocrx_word' id='word_1_5' title='bbox 322 1207 371 1271; x_wconf 89' lang='lat' dir='ltr'>De</span> <span class='ocrx_word' id='word_1_6' title='bbox 400 1206 505 1273; x_wconf 88' lang='lat' dir='ltr'>reditu</span> <span class='ocrx_word' id='word_1_7' title='bbox 532 1206 590 1272; x_wconf 84' lang='lat' dir='ltr'>filii</span> <span class='ocrx_word' id='word_1_8' title='bbox 618 1207 720 1273; x_wconf 77' lang='lat' dir='ltr'><strong>nostri</strong></span> <span class='ocrx_word' id='word_1_9' title='bbox 741 1206 853 1273; x_wconf 80' lang='lat' dir='ltr'><strong>Fausti</strong></span> <span class='ocrx_word' id='word_1_10' title='bbox 882 1207 1091 1291; x_wconf 88' lang='lat' dir='ltr'>praenuntias</span> <span class='ocrx_word' id='word_1_11' title='bbox 1120 1206 1218 1290; x_wconf 88' lang='lat' dir='ltr'>paulo</span> <span class='ocrx_word' id='word_1_12' title='bbox 1247 1213 1322 1272; x_wconf 87' lang='lat' dir='ltr'>ante</span> <span class='ocrx_word' id='word_1_13' title='bbox 1352 1206 1476 1272; x_wconf 80' lang='lat' dir='ltr'>litteras</span> <span class='ocrx_word' id='word_1_14' title='bbox 1497 1206 1587 1287; x_wconf 90' lang='lat' dir='ltr'>misi,</span> <span class='ocrx_word' id='word_1_15' title='bbox 1624 1212 1658 1272; x_wconf 90' lang='lat' dir='ltr'>ut</span> <span class='ocrx_word' id='word_1_16' title='bbox 1680 1207 1863 1274; x_wconf 81' lang='lat' dir='ltr'>adcelerate</span> 
     </span>
     <span class='ocr_line' id='line_1_4' title="bbox 238 1308 1863 1396; baseline 0.001 -21"><span class='ocrx_word' id='word_1_17' title='bbox 238 1309 392 1375; x_wconf 78' lang='lat' dir='ltr'><strong>securitas</strong></span> <span class='ocrx_word' id='word_1_18' title='bbox 418 1309 573 1375; x_wconf 86' lang='lat' dir='ltr'>desiderii</span> <span class='ocrx_word' id='word_1_19' title='bbox 601 1310 700 1375; x_wconf 85' lang='lat' dir='ltr'>vestri</span> <span class='ocrx_word' id='word_1_20' title='bbox 729 1308 953 1396; x_wconf 81' lang='lat' dir='ltr'>inpatientiam</span> <span class='ocrx_word' id='word_1_21' title='bbox 981 1309 1156 1392; x_wconf 85' lang='lat' dir='ltr'>mitigaret,</span> <span class='ocrx_word' id='word_1_22' title='bbox 1190 1308 1249 1374; x_wconf 90' lang='lat' dir='ltr'>sed</span> <span class='ocrx_word' id='word_1_23' title='bbox 1279 1328 1394 1374; x_wconf 90' lang='lat' dir='ltr'>munus</span> <span class='ocrx_word' id='word_1_24' title='bbox 1425 1310 1627 1375; x_wconf 78' lang='lat' dir='ltr'>salutationis</span> <span class='ocrx_word' id='word_1_25' title='bbox 1654 1310 1770 1377; x_wconf 89' lang='lat' dir='ltr'>iterare</span> <span class='ocrx_word' id='word_1_26' title='bbox 1792 1311 1863 1396; x_wconf 90' lang='lat' dir='ltr'>ipso</span> 
     </span>
     <span class='ocr_line' id='line_1_5' title="bbox 208 1412 1863 1499; baseline 0.003 -26"><span class='ocrx_word' id='word_1_27' title='bbox 208 1412 333 1478; x_wconf 77' lang='lat' dir='ltr'>setiam</span> <span class='ocrx_word' id='word_1_28' title='bbox 363 1413 583 1497; x_wconf 84' lang='lat' dir='ltr'>proficiscente</span> <span class='ocrx_word' id='word_1_29' title='bbox 611 1433 676 1478; x_wconf 91' lang='lat' dir='ltr'>non</span> <span class='ocrx_word' id='word_1_30' title='bbox 705 1412 820 1498; x_wconf 92' lang='lat' dir='ltr'>piguit.</span> <span class='ocrx_word' id='word_1_31' title='bbox 881 1412 985 1497; x_wconf 88' lang='lat' dir='ltr'>capite</span> <span class='ocrx_word' id='word_1_32' title='bbox 1015 1412 1114 1495; x_wconf 89' lang='lat' dir='ltr'>igitur</span> <span class='ocrx_word' id='word_1_33' title='bbox 1140 1412 1302 1495; x_wconf 90' lang='lat' dir='ltr'>geminam</span> <span class='ocrx_word' id='word_1_34' title='bbox 1331 1414 1528 1497; x_wconf 88' lang='lat' dir='ltr'>voluptatem</span> <span class='ocrx_word' id='word_1_35' title='bbox 1559 1413 1660 1497; x_wconf 90' lang='lat' dir='ltr'>primo</span> <span class='ocrx_word' id='word_1_36' title='bbox 1690 1434 1730 1479; x_wconf 81' lang='lat' dir='ltr'>ex</span> <span class='ocrx_word' id='word_1_37' title='bbox 1760 1414 1863 1499; x_wconf 91' lang='lat' dir='ltr'>ipsius</span> 
     </span>
     <span class='ocr_line' id='line_1_6' title="bbox 238 1515 1864 1599; baseline 0.002 -20"><span class='ocrx_word' id='word_1_38' title='bbox 238 1515 341 1581; x_wconf 89' lang='lat' dir='ltr'>reditu</span> <span class='ocrx_word' id='word_1_39' title='bbox 369 1515 486 1581; x_wconf 91' lang='lat' dir='ltr'>dehinc</span> <span class='ocrx_word' id='word_1_40' title='bbox 515 1536 556 1582; x_wconf 80' lang='lat' dir='ltr'>ex</span> <span class='ocrx_word' id='word_1_41' title='bbox 585 1534 731 1581; x_wconf 88' lang='lat' dir='ltr'>sermone</span> <span class='ocrx_word' id='word_1_42' title='bbox 759 1515 916 1598; x_wconf 83' lang='lat' dir='ltr'>fraterno,</span> <span class='ocrx_word' id='word_1_43' title='bbox 950 1536 1011 1599; x_wconf 91' lang='lat' dir='ltr'>qno</span> <span class='ocrx_word' id='word_1_44' title='bbox 1034 1516 1124 1581; x_wconf 88' lang='lat' dir='ltr'>vobis</span> <span class='ocrx_word' id='word_1_45' title='bbox 1146 1515 1290 1581; x_wconf 88' lang='lat' dir='ltr'>redditos</span> <span class='ocrx_word' id='word_1_46' title='bbox 1312 1515 1443 1581; x_wconf 87' lang='lat' dir='ltr'>sanitati</span> <span class='ocrx_word' id='word_1_47' title='bbox 1467 1534 1650 1581; x_wconf 86' lang='lat' dir='ltr'>communes</span> <span class='ocrx_word' id='word_1_48' title='bbox 1673 1516 1757 1581; x_wconf 87' lang='lat' dir='ltr'>lilios</span> <span class='ocrx_word' id='word_1_49' title='bbox 1778 1516 1864 1582; x_wconf 91' lang='lat' dir='ltr'>indi-</span> 
     </span>
     <span class='ocr_line' id='line_1_7' title="bbox 238 1637 357 1684; baseline -0.008 0"><span class='ocrx_word' id='word_1_50' title='bbox 238 1637 357 1684; x_wconf 86' lang='lat' dir='ltr'>camus.</span> 
     </span>
    </p>
   </div>
   <div class='ocr_carea' id='block_1_3' title="bbox 782 1858 2031 2082">
    <p class='ocr_par' dir='ltr' id='par_1_3' title="bbox 782 1858 2031 2082">
     <span class='ocr_line' id='line_1_8' title="bbox 862 1858 1235 1945; baseline -0.003 -20"><span class='ocrx_word' id='word_1_51' title='bbox 862 1860 986 1925; x_wconf 78' lang='lat' dir='ltr'>cxxx</span> <span class='ocrx_word' id='word_1_52' title='bbox 1014 1858 1235 1945; x_wconf 74' lang='lat' dir='ltr'>(nxxvmq.</span> 
     </span>
     <span class='ocr_line' id='line_1_9' title="bbox 782 2013 2031 2082; baseline -0.002 -3"><span class='ocrx_word' id='word_1_53' title='bbox 782 2013 1042 2082; x_wconf 78' lang='lat' dir='ltr'>sununouvs</span> <span class='ocrx_word' id='word_1_54' title='bbox 1064 2015 1315 2081; x_wconf 76' lang='lat' dir='ltr'>aerumans,</span> <span class='ocrx_word' id='word_1_55' title='bbox 1888 2014 2031 2077; x_wconf 73' lang='lat' dir='ltr'>erma</span> 
     </span>
    </p>
   </div>
   <div class='ocr_carea' id='block_1_4' title="bbox 194 2184 1893 2582">
    <p class='ocr_par' dir='ltr' id='par_1_4' title="bbox 194 2184 1893 2582">
     <span class='ocr_line' id='line_1_10' title="bbox 194 2184 1865 2274; baseline 0.004 -27"><span class='ocrx_word' id='word_1_56' title='bbox 194 2209 221 2248; x_wconf 84' lang='lat' dir='ltr'>m</span> <span class='ocrx_word' id='word_1_57' title='bbox 324 2185 549 2271; x_wconf 81' lang='lat' dir='ltr'>Superioribus</span> <span class='ocrx_word' id='word_1_58' title='bbox 571 2185 685 2251; x_wconf 90' lang='lat' dir='ltr'>diebus</span> <span class='ocrx_word' id='word_1_59' title='bbox 706 2184 829 2253; x_wconf 86' lang='lat' dir='ltr'>litteras</span> <span class='ocrx_word' id='word_1_60' title='bbox 852 2187 1064 2269; x_wconf 80' lang='lat' dir='ltr'>frequentavi,</span> <span class='ocrx_word' id='word_1_61' title='bbox 1091 2187 1148 2253; x_wconf 91' lang='lat' dir='ltr'>sed</span> <span class='ocrx_word' id='word_1_62' title='bbox 1171 2188 1261 2252; x_wconf 89' lang='lat' dir='ltr'>nulla</span> <span class='ocrx_word' id='word_1_63' title='bbox 1280 2187 1460 2254; x_wconf 86' lang='lat' dir='ltr'>adsiduitas</span> <span class='ocrx_word' id='word_1_64' title='bbox 1476 2188 1618 2254; x_wconf 92' lang='lat' dir='ltr'>animum</span> <span class='ocrx_word' id='word_1_65' title='bbox 1633 2195 1738 2274; x_wconf 92' lang='lat' dir='ltr'>potest</span> <span class='ocrx_word' id='word_1_66' title='bbox 1752 2210 1865 2254; x_wconf 90' lang='lat' dir='ltr'>aman-</span> 
     </span>
     <span class='ocr_line' id='line_1_11' title="bbox 239 2290 1893 2375; baseline 0.002 -20"><span class='ocrx_word' id='word_1_67' title='bbox 239 2290 281 2355; x_wconf 91' lang='lat' dir='ltr'>tis</span> <span class='ocrx_word' id='word_1_68' title='bbox 303 2290 446 2374; x_wconf 86' lang='lat' dir='ltr'>explere.</span> <span class='ocrx_word' id='word_1_69' title='bbox 486 2298 563 2374; x_wconf 90' lang='lat' dir='ltr'>puto</span> <span class='ocrx_word' id='word_1_70' title='bbox 585 2297 693 2355; x_wconf 91' lang='lat' dir='ltr'>autem</span> <span class='ocrx_word' id='word_1_71' title='bbox 716 2290 808 2356; x_wconf 89' lang='lat' dir='ltr'>vobis</span> <span class='ocrx_word' id='word_1_72' title='bbox 830 2291 873 2356; x_wconf 91' lang='lat' dir='ltr'>ad</span> <span class='ocrx_word' id='word_1_73' title='bbox 895 2291 1106 2374; x_wconf 89' lang='lat' dir='ltr'>cognitionem</span> <span class='ocrx_word' id='word_1_74' title='bbox 1130 2311 1224 2375; x_wconf 85' lang='lat' dir='ltr'>posse</span> <span class='ocrx_word' id='word_1_75' title='bbox 1248 2290 1406 2373; x_wconf 83' lang='lat' dir='ltr'>sufficere,</span> <span class='ocrx_word' id='word_1_76' title='bbox 1431 2291 1517 2375; x_wconf 94' lang='lat' dir='ltr'>quod</span> <span class='ocrx_word' id='word_1_77' title='bbox 1540 2293 1649 2357; x_wconf 89' lang='lat' dir='ltr'>valere</span> <span class='ocrx_word' id='word_1_78' title='bbox 1671 2312 1731 2357; x_wconf 90' lang='lat' dir='ltr'>nos</span> <span class='ocrx_word' id='word_1_79' title='bbox 1753 2292 1865 2358; x_wconf 90' lang='lat' dir='ltr'>scribi-</span> <span class='ocrx_word' id='word_1_80' title='bbox 1891 2304 1893 2307; x_wconf 83' lang='grc'><strong>’</strong></span> 
     </span>
     <span class='ocr_line' id='line_1_12' title="bbox 238 2392 1865 2480; baseline 0.002 -23"><span class='ocrx_word' id='word_1_81' title='bbox 238 2412 325 2475; x_wconf 86' lang='lat' dir='ltr'>mus,</span> <span class='ocrx_word' id='word_1_82' title='bbox 359 2392 435 2458; x_wconf 89' lang='lat' dir='ltr'>licet</span> <span class='ocrx_word' id='word_1_83' title='bbox 460 2412 625 2458; x_wconf 88' lang='lat' dir='ltr'>commune</span> <span class='ocrx_word' id='word_1_84' title='bbox 646 2393 765 2477; x_wconf 89' lang='lat' dir='ltr'>pignus</span> <span class='ocrx_word' id='word_1_85' title='bbox 788 2393 901 2477; x_wconf 90' lang='lat' dir='ltr'>paucis</span> <span class='ocrx_word' id='word_1_86' title='bbox 924 2394 1038 2460; x_wconf 90' lang='lat' dir='ltr'>diebus</span> <span class='ocrx_word' id='word_1_87' title='bbox 1060 2393 1216 2459; x_wconf 87' lang='lat' dir='ltr'>effusione</span> <span class='ocrx_word' id='word_1_88' title='bbox 1238 2401 1355 2461; x_wconf 81' lang='lat' dir='ltr'>vexata</span> <span class='ocrx_word' id='word_1_89' title='bbox 1378 2394 1435 2458; x_wconf 91' lang='lat' dir='ltr'>otii</span> <span class='ocrx_word' id='word_1_90' title='bbox 1457 2394 1558 2460; x_wconf 86' lang='lat' dir='ltr'>nostri</span> <span class='ocrx_word' id='word_1_91' title='bbox 1579 2394 1729 2460; x_wconf 90' lang='lat' dir='ltr'>minuerit</span> <span class='ocrx_word' id='word_1_92' title='bbox 1751 2397 1865 2480; x_wconf 88' lang='lat' dir='ltr'>volup-</span> 
     </span>
     <span class='ocr_line' id='line_1_13' title="bbox 238 2497 1517 2582; baseline 0.001 -20"><span class='ocrx_word' id='word_1_93' title='bbox 238 2503 347 2562; x_wconf 84' lang='lat' dir='ltr'>tatem.</span> <span class='ocrx_word' id='word_1_94' title='bbox 394 2517 477 2579; x_wconf 91' lang='lat' dir='ltr'>quae</span> <span class='ocrx_word' id='word_1_95' title='bbox 499 2497 563 2561; x_wconf 90' lang='lat' dir='ltr'>iam</span> <span class='ocrx_word' id='word_1_96' title='bbox 587 2497 698 2562; x_wconf 87' lang='lat' dir='ltr'>divina</span> <span class='ocrx_word' id='word_1_97' title='bbox 719 2517 779 2581; x_wconf 92' lang='lat' dir='ltr'>ope</span> <span class='ocrx_word' id='word_1_98' title='bbox 801 2497 843 2562; x_wconf 93' lang='lat' dir='ltr'>ad</span> <span class='ocrx_word' id='word_1_99' title='bbox 864 2498 994 2582; x_wconf 87' lang='lat' dir='ltr'>plenam</span> <span class='ocrx_word' id='word_1_100' title='bbox 1018 2497 1188 2564; x_wconf 88' lang='lat' dir='ltr'>sanitatem</span> <span class='ocrx_word' id='word_1_101' title='bbox 1211 2497 1320 2581; x_wconf 90' lang='lat' dir='ltr'>eoepit</span> <span class='ocrx_word' id='word_1_102' title='bbox 1341 2517 1517 2580; x_wconf 84' lang='lat' dir='ltr'>emergere.</span> 
     </span>
    </p>
   </div>
   <div class='ocr_carea' id='block_1_5' title="bbox 193 2771 1282 3028">
    <p class='ocr_par' dir='ltr' id='par_1_5' title="bbox 193 2771 1282 3028">
     <span class='ocr_line' id='line_1_14' title="bbox 857 2771 1243 2849; baseline -0.003 -1"><span class='ocrx_word' id='word_1_103' title='bbox 857 2773 929 2848; x_wconf 87' lang='lat' dir='ltr'>AD</span> <span class='ocrx_word' id='word_1_104' title='bbox 956 2771 1243 2849; x_wconf 82' lang='lat' dir='ltr'><strong>MESSALAM.</strong></span> 
     </span>
     <span class='ocr_line' id='line_1_15' title="bbox 193 2943 1282 3028; baseline 0 -20"><span class='ocrx_word' id='word_1_105' title='bbox 193 2967 221 3008; x_wconf 68' lang='lat' dir='ltr'>a</span> <span class='ocrx_word' id='word_1_106' title='bbox 821 2944 962 3010; x_wconf 79' lang='lat' dir='ltr'>LXXXI</span> <span class='ocrx_word' id='word_1_107' title='bbox 982 2943 1123 3028; x_wconf 77' lang='lat' dir='ltr'><strong>(Lxxx)</strong></span> <span class='ocrx_word' id='word_1_108' title='bbox 1157 2966 1189 3010; x_wconf 72' lang='lat' dir='ltr'>a.</span> <span class='ocrx_word' id='word_1_109' title='bbox 1208 2947 1282 3009; x_wconf 82' lang='lat' dir='ltr'>aaa.</span> 
     </span>
    </p>
   </div>
   <div class='ocr_carea' id='block_1_6' title="bbox 194 3116 1868 3924">
    <p class='ocr_par' dir='ltr' id='par_1_6' title="bbox 240 3116 1867 3512">
     <span class='ocr_line' id='line_1_16' title="bbox 325 3116 1867 3204; baseline 0.002 -21"><span class='ocrx_word' id='word_1_110' title='bbox 325 3119 468 3184; x_wconf 83' lang='lat' dir='ltr'>Fortuna</span> <span class='ocrx_word' id='word_1_111' title='bbox 490 3138 561 3184; x_wconf 90' lang='lat' dir='ltr'>cum</span> <span class='ocrx_word' id='word_1_112' title='bbox 584 3116 708 3183; x_wconf 86' lang='lat' dir='ltr'>civibus</span> <span class='ocrx_word' id='word_1_113' title='bbox 730 3117 848 3184; x_wconf 86' lang='lat' dir='ltr'>nostris</span> <span class='ocrx_word' id='word_1_114' title='bbox 871 3116 1003 3182; x_wconf 84' lang='lat' dir='ltr'>revertit</span> <span class='ocrx_word' id='word_1_115' title='bbox 1023 3118 1057 3183; x_wconf 91' lang='lat' dir='ltr'>in</span> <span class='ocrx_word' id='word_1_116' title='bbox 1079 3116 1234 3201; x_wconf 77' lang='lat' dir='ltr'>gratiam,</span> <span class='ocrx_word' id='word_1_117' title='bbox 1259 3123 1429 3201; x_wconf 86' lang='lat' dir='ltr'>postquam</span> <span class='ocrx_word' id='word_1_118' title='bbox 1452 3124 1484 3183; x_wconf 89' lang='lat' dir='ltr'>te</span> <span class='ocrx_word' id='word_1_119' title='bbox 1507 3117 1568 3184; x_wconf 91' lang='lat' dir='ltr'>sibi</span> <span class='ocrx_word' id='word_1_120' title='bbox 1590 3119 1773 3204; x_wconf 80' lang='lat' dir='ltr'>respublica</span> <span class='ocrx_word' id='word_1_121' title='bbox 1795 3120 1867 3186; x_wconf 84' lang='lat' dir='ltr'>vin-</span> 
     </span>
     <span class='ocr_line' id='line_1_17' title="bbox 240 3219 1867 3305; baseline 0.001 -19"><span class='ocrx_word' id='word_1_122' title='bbox 240 3220 369 3287; x_wconf 87' lang='lat' dir='ltr'>dicavit.</span> <span class='ocrx_word' id='word_1_123' title='bbox 416 3221 677 3287; x_wconf 89' lang='lat' dir='ltr'>adnumerandus</span> <span class='ocrx_word' id='word_1_124' title='bbox 700 3227 750 3286; x_wconf 89' lang='lat' dir='ltr'>ost</span> <span class='ocrx_word' id='word_1_125' title='bbox 771 3219 869 3304; x_wconf 87' lang='lat' dir='ltr'>igitur</span> <span class='ocrx_word' id='word_1_126' title='bbox 891 3220 1006 3286; x_wconf 88' lang='lat' dir='ltr'>ceteris</span> <span class='ocrx_word' id='word_1_127' title='bbox 1029 3220 1232 3305; x_wconf 89' lang='lat' dir='ltr'>sperantibus</span> <span class='ocrx_word' id='word_1_128' title='bbox 1254 3220 1448 3302; x_wconf 86' lang='lat' dir='ltr'>aequitatem</span> <span class='ocrx_word' id='word_1_129' title='bbox 1467 3220 1630 3288; x_wconf 85' lang='lat' dir='ltr'>Iucundus</span> <span class='ocrx_word' id='word_1_130' title='bbox 1652 3223 1867 3289; x_wconf 87' lang='lat' dir='ltr'>amicissimus</span> 
     </span>
     <span class='ocr_line' id='line_1_18' title="bbox 240 3322 1866 3409; baseline 0.002 -21"><span class='ocrx_word' id='word_1_131' title='bbox 240 3343 342 3406; x_wconf 83' lang='lat' dir='ltr'>meus,</span> <span class='ocrx_word' id='word_1_132' title='bbox 367 3344 462 3408; x_wconf 90' lang='lat' dir='ltr'>quem</span> <span class='ocrx_word' id='word_1_133' title='bbox 485 3325 594 3389; x_wconf 93' lang='lat' dir='ltr'>morbo</span> <span class='ocrx_word' id='word_1_134' title='bbox 616 3323 680 3388; x_wconf 92' lang='lat' dir='ltr'>iam</span> <span class='ocrx_word' id='word_1_135' title='bbox 704 3323 759 3389; x_wconf 90' lang='lat' dir='ltr'>diu</span> <span class='ocrx_word' id='word_1_136' title='bbox 782 3344 914 3406; x_wconf 88' lang='lat' dir='ltr'>gravem</span> <span class='ocrx_word' id='word_1_137' title='bbox 936 3323 1137 3409; x_wconf 79' lang='lat' dir='ltr'>praefectura</span> <span class='ocrx_word' id='word_1_138' title='bbox 1159 3322 1305 3389; x_wconf 88' lang='lat' dir='ltr'>eminens</span> <span class='ocrx_word' id='word_1_139' title='bbox 1327 3323 1370 3387; x_wconf 91' lang='lat' dir='ltr'>ad</span> <span class='ocrx_word' id='word_1_140' title='bbox 1392 3324 1607 3405; x_wconf 90' lang='lat' dir='ltr'>cognitionem</span> <span class='ocrx_word' id='word_1_141' title='bbox 1629 3325 1776 3409; x_wconf 88' lang='lat' dir='ltr'>privatae</span> <span class='ocrx_word' id='word_1_142' title='bbox 1799 3327 1866 3391; x_wconf 89' lang='lat' dir='ltr'>litis</span> 
     </span>
     <span class='ocr_line' id='line_1_19' title="bbox 240 3424 1867 3512; baseline 0.001 -19"><span class='ocrx_word' id='word_1_143' title='bbox 240 3427 413 3493; x_wconf 85' lang='lat' dir='ltr'>exciverat.</span> <span class='ocrx_word' id='word_1_144' title='bbox 458 3434 491 3493; x_wconf 91' lang='lat' dir='ltr'>et</span> <span class='ocrx_word' id='word_1_145' title='bbox 511 3428 561 3492; x_wconf 93' lang='lat' dir='ltr'>illi</span> <span class='ocrx_word' id='word_1_146' title='bbox 583 3426 712 3511; x_wconf 87' lang='lat' dir='ltr'>quidem</span> <span class='ocrx_word' id='word_1_147' title='bbox 735 3428 876 3493; x_wconf 83' lang='lat' dir='ltr'>votivum</span> <span class='ocrx_word' id='word_1_148' title='bbox 899 3428 959 3493; x_wconf 92' lang='lat' dir='ltr'>sub</span> <span class='ocrx_word' id='word_1_149' title='bbox 982 3427 1131 3493; x_wconf 85' lang='lat' dir='ltr'>examine</span> <span class='ocrx_word' id='word_1_150' title='bbox 1153 3433 1207 3492; x_wconf 93' lang='lat' dir='ltr'>tuo</span> <span class='ocrx_word' id='word_1_151' title='bbox 1222 3424 1415 3511; x_wconf 87' lang='lat' dir='ltr'>respondere</span> <span class='ocrx_word' id='word_1_152' title='bbox 1430 3427 1613 3512; x_wconf 79' lang='lat' dir='ltr'>propositis,</span> <span class='ocrx_word' id='word_1_153' title='bbox 1641 3426 1701 3494; x_wconf 82' lang='lat' dir='ltr'>sed</span> <span class='ocrx_word' id='word_1_154' title='bbox 1714 3428 1867 3494; x_wconf 86' lang='lat' dir='ltr'>valetudo</span> 
     </span>
    </p>

    <p class='ocr_par' dir='ltr' id='par_1_7' title="bbox 194 3529 1868 3924">
     <span class='ocr_line' id='line_1_20' title="bbox 194 3529 1868 3614; baseline 0.004 -23"><span class='ocrx_word' id='word_1_155' title='bbox 194 3550 223 3592; x_wconf 80' lang='lat' dir='ltr'>ao</span> <span class='ocrx_word' id='word_1_156' title='bbox 241 3530 394 3596; x_wconf 92' lang='lat' dir='ltr'>obnititur</span> <span class='ocrx_word' id='word_1_157' title='bbox 422 3529 594 3611; x_wconf 86' lang='lat' dir='ltr'>voluntati,</span> <span class='ocrx_word' id='word_1_158' title='bbox 629 3550 713 3613; x_wconf 89' lang='lat' dir='ltr'>quae</span> <span class='ocrx_word' id='word_1_159' title='bbox 736 3530 891 3596; x_wconf 87' lang='lat' dir='ltr'>effusione</span> <span class='ocrx_word' id='word_1_160' title='bbox 915 3530 1083 3614; x_wconf 90' lang='lat' dir='ltr'>sanguinis</span> <span class='ocrx_word' id='word_1_161' title='bbox 1106 3530 1251 3596; x_wconf 87' lang='lat' dir='ltr'>sauciata</span> <span class='ocrx_word' id='word_1_162' title='bbox 1272 3530 1422 3595; x_wconf 90' lang='lat' dir='ltr'>itinerum</span> <span class='ocrx_word' id='word_1_163' title='bbox 1444 3539 1572 3596; x_wconf 90' lang='lat' dir='ltr'>recusat</span> <span class='ocrx_word' id='word_1_164' title='bbox 1593 3531 1760 3597; x_wconf 89' lang='lat' dir='ltr'>incertum.</span> <span class='ocrx_word' id='word_1_165' title='bbox 1810 3552 1868 3597; x_wconf 90' lang='lat' dir='ltr'>nee</span> 
     </span>
     <span class='ocr_line' id='line_1_21' title="bbox 241 3632 1868 3719; baseline 0 -20"><span class='ocrx_word' id='word_1_166' title='bbox 241 3633 344 3701; x_wconf 87' lang='lat' dir='ltr'>deerit</span> <span class='ocrx_word' id='word_1_167' title='bbox 371 3634 423 3699; x_wconf 86' lang='lat' dir='ltr'>ius</span> <span class='ocrx_word' id='word_1_168' title='bbox 449 3632 653 3699; x_wconf 87' lang='lat' dir='ltr'>adversantis</span> <span class='ocrx_word' id='word_1_169' title='bbox 682 3633 842 3718; x_wconf 88' lang='lat' dir='ltr'>petitioni,</span> <span class='ocrx_word' id='word_1_170' title='bbox 876 3633 904 3699; x_wconf 94' lang='lat' dir='ltr'>si</span> <span class='ocrx_word' id='word_1_171' title='bbox 932 3635 975 3700; x_wconf 88' lang='lat' dir='ltr'>ad</span> <span class='ocrx_word' id='word_1_172' title='bbox 1004 3634 1160 3700; x_wconf 82' lang='lat' dir='ltr'>vicarium</span> <span class='ocrx_word' id='word_1_173' title='bbox 1189 3641 1277 3699; x_wconf 92' lang='lat' dir='ltr'>tuum</span> <span class='ocrx_word' id='word_1_174' title='bbox 1307 3633 1497 3719; x_wconf 81' lang='lat' dir='ltr'>disceptatio</span> <span class='ocrx_word' id='word_1_175' title='bbox 1518 3633 1740 3701; x_wconf 87' lang='lat' dir='ltr'>transferatur.</span> <span class='ocrx_word' id='word_1_176' title='bbox 1787 3635 1868 3700; x_wconf 89' lang='lat' dir='ltr'>haec</span> 
     </span>
     <span class='ocr_line' id='line_1_22' title="bbox 241 3736 1868 3822; baseline 0.001 -21"><span class='ocrx_word' id='word_1_177' title='bbox 241 3736 340 3821; x_wconf 89' lang='lat' dir='ltr'>igitur</span> <span class='ocrx_word' id='word_1_178' title='bbox 361 3756 488 3802; x_wconf 88' lang='lat' dir='ltr'>summa</span> <span class='ocrx_word' id='word_1_179' title='bbox 509 3743 559 3802; x_wconf 90' lang='lat' dir='ltr'>est</span> <span class='ocrx_word' id='word_1_180' title='bbox 580 3737 748 3820; x_wconf 87' lang='lat' dir='ltr'>postulati,</span> <span class='ocrx_word' id='word_1_181' title='bbox 783 3744 819 3802; x_wconf 90' lang='lat' dir='ltr'>nt</span> <span class='ocrx_word' id='word_1_182' title='bbox 840 3757 911 3803; x_wconf 90' lang='lat' dir='ltr'>cum</span> <span class='ocrx_word' id='word_1_183' title='bbox 934 3756 1054 3804; x_wconf 85' lang='lat' dir='ltr'>causae</span> <span class='ocrx_word' id='word_1_184' title='bbox 1075 3736 1155 3802; x_wconf 92' lang='lat' dir='ltr'>nihil</span> <span class='ocrx_word' id='word_1_185' title='bbox 1178 3736 1218 3802; x_wconf 87' lang='lat' dir='ltr'>de</span> <span class='ocrx_word' id='word_1_186' title='bbox 1241 3737 1310 3803; x_wconf 85' lang='lat' dir='ltr'>loco</span> <span class='ocrx_word' id='word_1_187' title='bbox 1333 3745 1459 3822; x_wconf 85' lang='lat' dir='ltr'>pereat,</span> <span class='ocrx_word' id='word_1_188' title='bbox 1490 3738 1628 3803; x_wconf 90' lang='lat' dir='ltr'>salutem</span> <span class='ocrx_word' id='word_1_189' title='bbox 1651 3738 1770 3802; x_wconf 88' lang='lat' dir='ltr'>homini</span> <span class='ocrx_word' id='word_1_190' title='bbox 1793 3758 1868 3822; x_wconf 88' lang='lat' dir='ltr'>per-</span> 
     </span>
     <span class='ocr_line' id='line_1_23' title="bbox 241 3839 722 3924; baseline -0.004 -18"><span class='ocrx_word' id='word_1_191' title='bbox 241 3841 400 3924; x_wconf 89' lang='lat' dir='ltr'>egrinatio</span> <span class='ocrx_word' id='word_1_192' title='bbox 422 3847 543 3905; x_wconf 90' lang='lat' dir='ltr'>remota</span> <span class='ocrx_word' id='word_1_193' title='bbox 565 3839 722 3906; x_wconf 88' lang='lat' dir='ltr'>conciliet.</span> 
     </span>
    </p>
   </div>
   <div class='ocr_carea' id='block_1_7' title="bbox 195 4079 1300 4307">
    <p class='ocr_par' dir='ltr' id='par_1_8' title="bbox 195 4079 1300 4307">
     <span class='ocr_line' id='line_1_24' title="bbox 804 4079 1300 4165; baseline -0.004 -18"><span class='ocrx_word' id='word_1_194' title='bbox 804 4079 963 4147; x_wconf 87' lang='lat' dir='ltr'>LXXXII</span> <span class='ocrx_word' id='word_1_195' title='bbox 982 4080 1142 4165; x_wconf 83' lang='lat' dir='ltr'>(LXXXI)</span> <span class='ocrx_word' id='word_1_196' title='bbox 1176 4102 1206 4148; x_wconf 92' lang='lat' dir='ltr'>a.</span> <span class='ocrx_word' id='word_1_197' title='bbox 1226 4084 1300 4146; x_wconf 86' lang='grc'><strong>399.</strong></span> 
     </span>
     <span class='ocr_line' id='line_1_25' title="bbox 195 4235 1215 4307; baseline 0.004 -11"><span class='ocrx_word' id='word_1_198' title='bbox 195 4253 225 4296; x_wconf 75' lang='lat' dir='ltr'>ns</span> <span class='ocrx_word' id='word_1_199' title='bbox 892 4235 1215 4307; x_wconf 80' lang='lat' dir='ltr'><strong>AD&#39;MESSALAM.</strong></span> 
     </span>
    </p>
   </div>
   <div class='ocr_carea' id='block_1_8' title="bbox 196 4406 1870 5113">
    <p class='ocr_par' dir='ltr' id='par_1_9' title="bbox 243 4406 1870 4804">
     <span class='ocr_line' id='line_1_26' title="bbox 327 4406 1870 4494; baseline -0.001 -19"><span class='ocrx_word' id='word_1_200' title='bbox 327 4406 521 4475; x_wconf 87' lang='lat' dir='ltr'>Instruenda</span> <span class='ocrx_word' id='word_1_201' title='bbox 542 4407 623 4473; x_wconf 92' lang='lat' dir='ltr'>mihi</span> <span class='ocrx_word' id='word_1_202' title='bbox 644 4414 740 4490; x_wconf 90' lang='lat' dir='ltr'>atque</span> <span class='ocrx_word' id='word_1_203' title='bbox 761 4406 951 4474; x_wconf 88' lang='lat' dir='ltr'>adornanda</span> <span class='ocrx_word' id='word_1_204' title='bbox 973 4415 1124 4494; x_wconf 85' lang='lat' dir='ltr'>praetura</span> <span class='ocrx_word' id='word_1_205' title='bbox 1146 4415 1213 4490; x_wconf 83' lang='lat' dir='ltr'>est,</span> <span class='ocrx_word' id='word_1_206' title='bbox 1247 4407 1291 4473; x_wconf 92' lang='lat' dir='ltr'>ad</span> <span class='ocrx_word' id='word_1_207' title='bbox 1317 4406 1407 4473; x_wconf 86' lang='lat' dir='ltr'>cuins</span> <span class='ocrx_word' id='word_1_208' title='bbox 1429 4427 1489 4473; x_wconf 92' lang='lat' dir='ltr'>nos</span> <span class='ocrx_word' id='word_1_209' title='bbox 1511 4407 1684 4475; x_wconf 88' lang='lat' dir='ltr'>editionem</span> <span class='ocrx_word' id='word_1_210' title='bbox 1708 4408 1870 4494; x_wconf 84' lang='lat' dir='ltr'>magnitu-</span> 
     </span>
     <span class='ocr_line' id='line_1_27' title="bbox 243 4510 1868 4597; baseline -0.002 -18"><span class='ocrx_word' id='word_1_211' title='bbox 243 4513 328 4579; x_wconf 90' lang='lat' dir='ltr'>dinis</span> <span class='ocrx_word' id='word_1_212' title='bbox 356 4520 432 4579; x_wconf 88' lang='lat' dir='ltr'>tuae</span> <span class='ocrx_word' id='word_1_213' title='bbox 460 4531 630 4597; x_wconf 89' lang='lat' dir='ltr'>processus</span> <span class='ocrx_word' id='word_1_214' title='bbox 658 4510 827 4591; x_wconf 79' lang='lat' dir='ltr'>animavit3</span> <span class='ocrx_word' id='word_1_215' title='bbox 862 4512 1025 4596; x_wconf 86' lang='lat' dir='ltr'>inceptum</span> <span class='ocrx_word' id='word_1_216' title='bbox 1056 4512 1141 4577; x_wconf 90' lang='lat' dir='ltr'>enim</span> <span class='ocrx_word' id='word_1_217' title='bbox 1168 4532 1273 4577; x_wconf 91' lang='lat' dir='ltr'>meum</span> <span class='ocrx_word' id='word_1_218' title='bbox 1303 4511 1425 4576; x_wconf 85' lang='lat' dir='ltr'>viribus</span> <span class='ocrx_word' id='word_1_219' title='bbox 1454 4511 1562 4577; x_wconf 89' lang='lat' dir='ltr'>fratris</span> <span class='ocrx_word' id='word_1_220' title='bbox 1585 4519 1701 4579; x_wconf 88' lang='lat' dir='ltr'>utetur.</span> <span class='ocrx_word' id='word_1_221' title='bbox 1748 4531 1868 4596; x_wconf 90' lang='lat' dir='ltr'>quaeso</span> 
     </span>
     <span class='ocr_line' id='line_1_28' title="bbox 243 4613 1869 4701; baseline 0 -21"><span class='ocrx_word' id='word_1_222' title='bbox 243 4616 357 4700; x_wconf 89' lang='lat' dir='ltr'>igitur,</span> <span class='ocrx_word' id='word_1_223' title='bbox 390 4623 426 4681; x_wconf 86' lang='lat' dir='ltr'>ut</span> <span class='ocrx_word' id='word_1_224' title='bbox 453 4635 578 4682; x_wconf 86' lang='lat' dir='ltr'>meeum</span> <span class='ocrx_word' id='word_1_225' title='bbox 608 4614 760 4699; x_wconf 90' lang='lat' dir='ltr'>religiose</span> <span class='ocrx_word' id='word_1_226' title='bbox 790 4615 898 4681; x_wconf 87' lang='lat' dir='ltr'>votiva</span> <span class='ocrx_word' id='word_1_227' title='bbox 927 4615 1036 4682; x_wconf 88' lang='lat' dir='ltr'>officia</span> <span class='ocrx_word' id='word_1_228' title='bbox 1061 4614 1211 4701; x_wconf 86' lang='lat' dir='ltr'>partiaris</span> <span class='ocrx_word' id='word_1_229' title='bbox 1233 4620 1266 4680; x_wconf 95' lang='lat' dir='ltr'>et</span> <span class='ocrx_word' id='word_1_230' title='bbox 1287 4613 1500 4681; x_wconf 82' lang='lat' dir='ltr'>familiaribus</span> <span class='ocrx_word' id='word_1_231' title='bbox 1522 4615 1603 4681; x_wconf 92' lang='lat' dir='ltr'>meis</span> <span class='ocrx_word' id='word_1_232' title='bbox 1625 4615 1669 4681; x_wconf 90' lang='lat' dir='ltr'>ad</span> <span class='ocrx_word' id='word_1_233' title='bbox 1690 4616 1869 4701; x_wconf 89' lang='lat' dir='ltr'>Hispaniae</span> 
     </span>
     <span class='ocr_line' id='line_1_29' title="bbox 243 4718 1869 4804; baseline -0.001 -20"><span class='ocrx_word' id='word_1_234' title='bbox 243 4718 418 4803; x_wconf 89' lang='lat' dir='ltr'>longinqua</span> <span class='ocrx_word' id='word_1_235' title='bbox 440 4718 648 4804; x_wconf 82' lang='lat' dir='ltr'>pergentibus</span> <span class='ocrx_word' id='word_1_236' title='bbox 670 4719 711 4785; x_wconf 93' lang='lat' dir='ltr'>ob</span> <span class='ocrx_word' id='word_1_237' title='bbox 733 4738 886 4801; x_wconf 88' lang='lat' dir='ltr'>equorum</span> <span class='ocrx_word' id='word_1_238' title='bbox 909 4719 1065 4784; x_wconf 89' lang='lat' dir='ltr'>cumlium</span> <span class='ocrx_word' id='word_1_239' title='bbox 1088 4718 1321 4804; x_wconf 90' lang='lat' dir='ltr'>coemptionem</span> <span class='ocrx_word' id='word_1_240' title='bbox 1344 4718 1502 4802; x_wconf 82' lang='lat' dir='ltr'>suffragia</span> <span class='ocrx_word' id='word_1_241' title='bbox 1523 4719 1732 4803; x_wconf 85' lang='lat' dir='ltr'>promovendi</span> <span class='ocrx_word' id='word_1_242' title='bbox 1749 4719 1869 4800; x_wconf 86' lang='lat' dir='ltr'>negotii</span> 
     </span>
    </p>

    <p class='ocr_par' dir='ltr' id='par_1_10' title="bbox 196 4820 1870 5113">
     <span class='ocr_line' id='line_1_30' title="bbox 196 4820 1870 4907; baseline 0.001 -25"><span class='ocrx_word' id='word_1_243' title='bbox 196 4821 386 4906; x_wconf 64' lang='lat' dir='ltr'>:indigneris</span> <span class='ocrx_word' id='word_1_244' title='bbox 415 4820 569 4888; x_wconf 90' lang='lat' dir='ltr'>adnuere.</span> <span class='ocrx_word' id='word_1_245' title='bbox 615 4821 746 4905; x_wconf 90' lang='lat' dir='ltr'>longum</span> <span class='ocrx_word' id='word_1_246' title='bbox 773 4820 846 4903; x_wconf 85' lang='lat' dir='ltr'>fiat,</span> <span class='ocrx_word' id='word_1_247' title='bbox 879 4821 906 4886; x_wconf 93' lang='lat' dir='ltr'>si</span> <span class='ocrx_word' id='word_1_248' title='bbox 929 4821 1027 4888; x_wconf 90' lang='lat' dir='ltr'>velim</span> <span class='ocrx_word' id='word_1_249' title='bbox 1050 4822 1164 4887; x_wconf 90' lang='lat' dir='ltr'>litteris</span> <span class='ocrx_word' id='word_1_250' title='bbox 1186 4821 1383 4907; x_wconf 90' lang='lat' dir='ltr'>praestanda</span> <span class='ocrx_word' id='word_1_251' title='bbox 1405 4842 1606 4906; x_wconf 88' lang='lat' dir='ltr'>percurrere;</span> <span class='ocrx_word' id='word_1_252' title='bbox 1641 4823 1751 4907; x_wconf 89' lang='lat' dir='ltr'>capita</span> <span class='ocrx_word' id='word_1_253' title='bbox 1773 4822 1870 4906; x_wconf 90' lang='lat' dir='ltr'>igitur</span> 
     </span>
     <span class='ocr_line' id='line_1_31' title="bbox 243 4923 1870 5008; baseline -0.001 -18"><span class='ocrx_word' id='word_1_254' title='bbox 243 4946 347 4992; x_wconf 88' lang='lat' dir='ltr'>rerum</span> <span class='ocrx_word' id='word_1_255' title='bbox 379 4923 521 4991; x_wconf 86' lang='lat' dir='ltr'>subiecto</span> <span class='ocrx_word' id='word_1_256' title='bbox 549 4924 691 4991; x_wconf 89' lang='lat' dir='ltr'>indiculo</span> <span class='ocrx_word' id='word_1_257' title='bbox 721 4924 855 4991; x_wconf 87' lang='lat' dir='ltr'>strictim</span> <span class='ocrx_word' id='word_1_258' title='bbox 884 4925 1003 4992; x_wconf 85' lang='lat' dir='ltr'>notari.</span> <span class='ocrx_word' id='word_1_259' title='bbox 1050 4924 1108 4989; x_wconf 89' lang='lat' dir='ltr'>tibi</span> <span class='ocrx_word' id='word_1_260' title='bbox 1134 4924 1293 5008; x_wconf 91' lang='lat' dir='ltr'>integrum</span> <span class='ocrx_word' id='word_1_261' title='bbox 1316 4925 1376 4990; x_wconf 87' lang='lat' dir='ltr'>erit</span> <span class='ocrx_word' id='word_1_262' title='bbox 1397 4925 1526 4991; x_wconf 87' lang='lat' dir='ltr'>adicere</span> <span class='ocrx_word' id='word_1_263' title='bbox 1549 4925 1721 5007; x_wconf 81' lang='lat' dir='ltr'>beneficia,</span> <span class='ocrx_word' id='word_1_264' title='bbox 1755 4924 1782 4990; x_wconf 90' lang='lat' dir='ltr'>si</span> <span class='ocrx_word' id='word_1_265' title='bbox 1806 4945 1870 5005; x_wconf 92' lang='lat' dir='ltr'>qua</span> 
     </span>
     <span class='ocr_line' id='line_1_32' title="bbox 243 5027 637 5113; baseline -0.003 -20"><span class='ocrx_word' id='word_1_266' title='bbox 243 5028 336 5094; x_wconf 90' lang='lat' dir='ltr'>stilus</span> <span class='ocrx_word' id='word_1_267' title='bbox 358 5028 497 5113; x_wconf 90' lang='lat' dir='ltr'>petentis</span> <span class='ocrx_word' id='word_1_268' title='bbox 519 5027 637 5094; x_wconf 92' lang='lat' dir='ltr'>omisit.</span> 
     </span>
    </p>
   </div>
   <div class='ocr_carea' id='block_1_9' title="bbox 245 5304 1869 5699">
    <p class='ocr_par' dir='ltr' id='par_1_11' title="bbox 331 5304 1638 5365">
     <span class='ocr_line' id='line_1_33' title="bbox 331 5304 1638 5365; baseline 0 -11"><span class='ocrx_word' id='word_1_269' title='bbox 331 5304 413 5354; x_wconf 81' lang='lat' dir='ltr'>20m.</span> <span class='ocrx_word' id='word_1_270' title='bbox 433 5304 478 5354; x_wconf 86' lang='lat' dir='ltr'>VM</span> <span class='ocrx_word' id='word_1_271' title='bbox 580 5305 695 5355; x_wconf 72' lang='lat' dir='ltr'>inostri</span> <span class='ocrx_word' id='word_1_272' title='bbox 717 5304 765 5352; x_wconf 76' lang='lat' dir='ltr'>VM</span> <span class='ocrx_word' id='word_1_273' title='bbox 868 5305 883 5355; x_wconf 82' lang='grc'><strong>5</strong></span> <span class='ocrx_word' id='word_1_274' title='bbox 902 5307 1057 5357; x_wconf 83' lang='lat' dir='ltr'>uoluntatem</span> <span class='ocrx_word' id='word_1_275' title='bbox 1079 5306 1101 5353; x_wconf 94' lang='lat' dir='ltr'><strong><em>V</em></strong></span> <span class='ocrx_word' id='word_1_276' title='bbox 1202 5305 1347 5355; x_wconf 79' lang='lat' dir='ltr'>blndicaul</span> <span class='ocrx_word' id='word_1_277' title='bbox 1371 5305 1399 5365; x_wconf 89' lang='lat' dir='ltr'>V,</span> <span class='ocrx_word' id='word_1_278' title='bbox 1419 5305 1589 5354; x_wconf 78' lang='lat' dir='ltr'>iudicauimus</span> <span class='ocrx_word' id='word_1_279' title='bbox 1609 5305 1638 5353; x_wconf 77' lang='lat' dir='ltr'><em>M</em></span> 
     </span>
    </p>

    <p class='ocr_par' dir='ltr' id='par_1_12' title="bbox 330 5390 1354 5449">
     <span class='ocr_line' id='line_1_34' title="bbox 330 5390 1354 5449; baseline -0.002 -10"><span class='ocrx_word' id='word_1_280' title='bbox 330 5390 412 5441; x_wconf 81' lang='lat' dir='ltr'>ilem.</span> <span class='ocrx_word' id='word_1_281' title='bbox 434 5391 502 5439; x_wconf 75' lang='lat' dir='ltr'>Vns</span> <span class='ocrx_word' id='word_1_282' title='bbox 606 5390 636 5440; x_wconf 83' lang='lat' dir='ltr'>to</span> <span class='ocrx_word' id='word_1_283' title='bbox 654 5392 748 5440; x_wconf 85' lang='lat' dir='ltr'>litteris</span> <span class='ocrx_word' id='word_1_284' title='bbox 773 5391 793 5438; x_wconf 98' lang='lat' dir='ltr'><strong><em>V</em></strong></span> <span class='ocrx_word' id='word_1_285' title='bbox 897 5390 928 5440; x_wconf 82' lang='lat'>12</span> <span class='ocrx_word' id='word_1_286' title='bbox 946 5400 1036 5440; x_wconf 82' lang='lat' dir='ltr'>uexato</span> <span class='ocrx_word' id='word_1_287' title='bbox 1056 5391 1102 5442; x_wconf 89' lang='lat' dir='ltr'>Pl</span> <span class='ocrx_word' id='word_1_288' title='bbox 1116 5407 1161 5449; x_wconf 80' lang='lat' dir='ltr'>m,</span> <span class='ocrx_word' id='word_1_289' title='bbox 1184 5392 1307 5440; x_wconf 75' lang='lat' dir='ltr'>uexadorl</span> <span class='ocrx_word' id='word_1_290' title='bbox 1327 5391 1354 5437; x_wconf 85' lang='lat' dir='ltr'><em>M</em></span> 
     </span>
    </p>

    <p class='ocr_par' dir='ltr' id='par_1_13' title="bbox 245 5475 1869 5699">
     <span class='ocr_line' id='line_1_35' title="bbox 333 5475 1869 5540; baseline -0.003 -13"><span class='ocrx_word' id='word_1_291' title='bbox 333 5476 364 5527; x_wconf 82' lang='grc'>14</span> <span class='ocrx_word' id='word_1_292' title='bbox 382 5491 453 5527; x_wconf 84' lang='lat' dir='ltr'>rrrrr.</span> <span class='ocrx_word' id='word_1_293' title='bbox 475 5476 558 5540; x_wconf 71' lang='lat' dir='ltr'>explic</span> <span class='ocrx_word' id='word_1_294' title='bbox 575 5478 604 5526; x_wconf 79' lang='lat' dir='ltr'>ad</span> <span class='ocrx_word' id='word_1_295' title='bbox 624 5479 712 5527; x_wconf 80' lang='lat' dir='ltr'>fratres</span> <span class='ocrx_word' id='word_1_296' title='bbox 730 5478 821 5540; x_wconf 85' lang='lat' dir='ltr'>lnclplt</span> <span class='ocrx_word' id='word_1_297' title='bbox 838 5479 869 5526; x_wconf 75' lang='lat' dir='ltr'>ad</span> <span class='ocrx_word' id='word_1_298' title='bbox 888 5479 1018 5527; x_wconf 77' lang='lat' dir='ltr'>messalam</span> <span class='ocrx_word' id='word_1_299' title='bbox 1036 5477 1065 5539; x_wconf 87' lang='lat' dir='ltr'>P,</span> <span class='ocrx_word' id='word_1_300' title='bbox 1086 5492 1134 5526; x_wconf 73' lang='lat' dir='ltr'>orn.</span> <span class='ocrx_word' id='word_1_301' title='bbox 1153 5476 1202 5525; x_wconf 78' lang='lat' dir='ltr'>VM</span> <span class='ocrx_word' id='word_1_302' title='bbox 1306 5475 1337 5526; x_wconf 88' lang='grc'>16</span> <span class='ocrx_word' id='word_1_303' title='bbox 1355 5479 1454 5526; x_wconf 82' lang='lat' dir='ltr'>rennuit</span> <span class='ocrx_word' id='word_1_304' title='bbox 1472 5478 1499 5539; x_wconf 87' lang='lat' dir='ltr'>V,</span> <span class='ocrx_word' id='word_1_305' title='bbox 1519 5479 1628 5526; x_wconf 84' lang='lat' dir='ltr'>uertitur</span> <span class='ocrx_word' id='word_1_306' title='bbox 1646 5476 1674 5524; x_wconf 84' lang='lat' dir='ltr'>df</span> <span class='ocrx_word' id='word_1_307' title='bbox 1776 5477 1869 5537; x_wconf 73' lang='lat' dir='ltr'>rcapti</span> 
     </span>
     <span class='ocr_line' id='line_1_36' title="bbox 249 5562 1866 5627; baseline -0.001 -16"><span class='ocrx_word' id='word_1_308' title='bbox 249 5564 273 5627; x_wconf 88' lang='lat' dir='ltr'>(i.</span> <span class='ocrx_word' id='word_1_309' title='bbox 289 5576 309 5611; x_wconf 80' lang='lat' dir='ltr'>c.</span> <span class='ocrx_word' id='word_1_310' title='bbox 327 5562 427 5626; x_wconf 79' lang='lat' dir='ltr'>spiritu)</span> <span class='ocrx_word' id='word_1_311' title='bbox 447 5564 572 5613; x_wconf 82' lang='lat' dir='ltr'>iudicauit</span> <span class='ocrx_word' id='word_1_312' title='bbox 592 5563 614 5609; x_wconf 91' lang='lat' dir='ltr'><em>P</em></span> <span class='ocrx_word' id='word_1_313' title='bbox 718 5563 749 5613; x_wconf 81' lang='lat'>18</span> <span class='ocrx_word' id='word_1_314' title='bbox 767 5565 904 5626; x_wconf 81' lang='lat' dir='ltr'>praelector</span> <span class='ocrx_word' id='word_1_315' title='bbox 921 5564 1051 5614; x_wconf 80' lang='lat' dir='ltr'>aemlnsns</span> <span class='ocrx_word' id='word_1_316' title='bbox 1069 5562 1114 5612; x_wconf 85' lang='lat' dir='ltr'>Pl</span> <span class='ocrx_word' id='word_1_317' title='bbox 1129 5578 1163 5612; x_wconf 87' lang='lat' dir='ltr'>m.</span> <span class='ocrx_word' id='word_1_318' title='bbox 1273 5562 1303 5613; x_wconf 88' lang='grc'>19</span> <span class='ocrx_word' id='word_1_319' title='bbox 1321 5571 1361 5611; x_wconf 86' lang='lat' dir='ltr'>est</span> <span class='ocrx_word' id='word_1_320' title='bbox 1378 5564 1417 5611; x_wconf 92' lang='grc'><strong>1111</strong></span> <span class='ocrx_word' id='word_1_321' title='bbox 1436 5563 1528 5613; x_wconf 72' lang='lat' dir='ltr'>Merces·</span> <span class='ocrx_word' id='word_1_322' title='bbox 1631 5562 1663 5611; x_wconf 83' lang='lat'>20</span> <span class='ocrx_word' id='word_1_323' title='bbox 1680 5563 1817 5621; x_wconf 77' lang='lat' dir='ltr'>latinarum</span> <span class='ocrx_word' id='word_1_324' title='bbox 1838 5562 1866 5619; x_wconf 86' lang='lat' dir='ltr'>P,</span> 
     </span>
     <span class='ocr_line' id='line_1_37' title="bbox 245 5650 447 5699; baseline 0.005 -3"><span class='ocrx_word' id='word_1_325' title='bbox 245 5650 273 5697; x_wconf 89' lang='lat' dir='ltr'>in</span> <span class='ocrx_word' id='word_1_326' title='bbox 290 5655 404 5699; x_wconf 79' lang='lat' dir='ltr'>tonorum</span> <span class='ocrx_word' id='word_1_327' title='bbox 427 5650 447 5697; x_wconf 94' lang='lat' dir='ltr'><strong><em>V</em></strong></span> 
     </span>
    </p>
   </div>
   <div class='ocr_carea' id='block_1_10' title="bbox 331 5732 1866 5801">
    <p class='ocr_par' dir='ltr' id='par_1_14' title="bbox 331 5732 1866 5801">
     <span class='ocr_line' id='line_1_38' title="bbox 331 5732 1866 5801; baseline -0.001 -17"><span class='ocrx_word' id='word_1_328' title='bbox 331 5734 363 5784; x_wconf 81' lang='lat'>25</span> <span class='ocrx_word' id='word_1_329' title='bbox 382 5749 430 5785; x_wconf 73' lang='lat' dir='ltr'>orn.</span> <span class='ocrx_word' id='word_1_330' title='bbox 450 5736 499 5784; x_wconf 80' lang='lat' dir='ltr'>Vll</span> <span class='ocrx_word' id='word_1_331' title='bbox 617 5735 649 5785; x_wconf 79' lang='lat'>2¹1</span> <span class='ocrx_word' id='word_1_332' title='bbox 669 5737 780 5784; x_wconf 84' lang='lat' dir='ltr'>animani</span> <span class='ocrx_word' id='word_1_333' title='bbox 806 5736 824 5780; x_wconf 90' lang='lat' dir='ltr'><strong><em>V</em></strong></span> <span class='ocrx_word' id='word_1_334' title='bbox 945 5734 978 5785; x_wconf 79' lang='lat'>29</span> <span class='ocrx_word' id='word_1_335' title='bbox 997 5732 1103 5801; x_wconf 84' lang='lat' dir='ltr'>negotii]</span> <span class='ocrx_word' id='word_1_336' title='bbox 1127 5733 1203 5793; x_wconf 69' lang='lat' dir='ltr'><strong><em>VMI&#39;,</em></strong></span> <span class='ocrx_word' id='word_1_337' title='bbox 1225 5750 1395 5784; x_wconf 64' lang='lat' dir='ltr'>*serenasse</span> <span class='ocrx_word' id='word_1_338' title='bbox 1416 5736 1438 5783; x_wconf 89' lang='lat' dir='ltr'><em>P</em></span> <span class='ocrx_word' id='word_1_339' title='bbox 1557 5733 1589 5781; x_wconf 79' lang='grc'>311</span> <span class='ocrx_word' id='word_1_340' title='bbox 1608 5735 1743 5786; x_wconf 61' lang='lat' dir='ltr'>*restandi</span> <span class='ocrx_word' id='word_1_341' title='bbox 1763 5735 1784 5781; x_wconf 89' lang='lat' dir='ltr'>P</span> <span class='ocrx_word' id='word_1_342' title='bbox 1798 5740 1866 5797; x_wconf 70' lang='lat' dir='ltr'>lm.²</span> 
     </span>
    </p>
   </div>
   <div class='ocr_carea' id='block_1_11' title="bbox 245 5821 1165 6393">
    <p class='ocr_par' dir='ltr' id='par_1_15' title="bbox 245 5821 1165 6393">
     <span class='ocr_line' id='line_1_39' title="bbox 245 5821 711 5884; baseline 0.006 -17"><span class='ocrx_word' id='word_1_343' title='bbox 245 5821 388 5881; x_wconf 81' lang='lat' dir='ltr'>praestandi</span> <span class='ocrx_word' id='word_1_344' title='bbox 412 5822 440 5884; x_wconf 83' lang='lat' dir='ltr'>V,</span> <span class='ocrx_word' id='word_1_345' title='bbox 460 5837 498 5871; x_wconf 86' lang='lat' dir='ltr'>ras</span> <span class='ocrx_word' id='word_1_346' title='bbox 516 5828 598 5870; x_wconf 73' lang='lat' dir='ltr'>unua</span> <span class='ocrx_word' id='word_1_347' title='bbox 617 5822 711 5870; x_wconf 62' lang='lat' dir='ltr'>Pina.</span> 
     </span>
     <span class='ocr_line' id='line_1_40' title="bbox 936 6218 1138 6297; baseline 0.01 -33"><span class='ocrx_word' id='word_1_348' title='bbox 936 6218 1138 6297; x_wconf 54' lang='lat' dir='ltr'>§q-lMOle4</span> 
     </span>
     <span class='ocr_line' id='line_1_41' title="bbox 912 6284 1165 6393; baseline 0.024 -6"><span class='ocrx_word' id='word_1_349' title='bbox 912 6284 937 6336; x_wconf 38' lang='lat' dir='ltr'>i</span> <span class='ocrx_word' id='word_1_350' title='bbox 953 6340 1127 6393; x_wconf 74' lang='lat' dir='ltr'>oxroao</span> <span class='ocrx_word' id='word_1_351' title='bbox 1159 6314 1165 6331; x_wconf 76' lang='grc'>’</span> 
     </span>
    </p>
   </div>
   <div class='ocr_carea' id='block_1_12' title="bbox 0 0 2390 6468">
    <p class='ocr_par' dir='ltr' id='par_1_16' title="bbox 0 0 2390 6468">
     <span class='ocr_line' id='line_1_42' title="bbox 0 0 2390 6468; baseline 0 0"><span class='ocrx_word' id='word_1_352' title='bbox 0 0 2390 6468; x_wconf 95' lang='lat' dir='ltr'> </span> 
     </span>
    </p>
   </div>
  </div>
 </body>
</html>
