4686 6472
453 534 517 598 XII
995 527 1046 582 DE
1065 524 1261 581 SYMMACHI
1279 521 1544 579 caarloursvs

448 760 522 834 eris,
548 761 600 839 qui
621 760 683 820 vim
705 758 841 819 siderum
863 776 924 817 aaa
947 754 1075 816 11111111.
1122 749 1300 817 coniunctio
1323 748 1518 814 disiunctiva
1539 747 1592 813 hic
1614 767 1679 811 non
1701 746 1807 830 magis
1829 747 1955 813 admitti
1979 754 2084 831 potest

450 898 546 961 quam
569 876 602 941 in
625 876 774 960 exemplo
796 872 1018 960 praecedenti,
1051 878 1084 938 et
1106 872 1207 936 verba
1228 880 1284 934 aut
1306 872 1427 934 torrida
1450 878 1539 933 astra
1561 888 1602 933 ex
1625 868 1822 934 correctione
1845 867 1984 933 auctoris
2006 875 2083 933 nata

449 1016 538 1078 osse,
573 1017 614 1063 ea
642 1016 677 1062 re
706 994 802 1061 etiam
833 993 902 1060 veri
930 992 1068 1058 similius
1090 990 1252 1074 redditur,
1286 991 1363 1073 quia
1384 1008 1484 1056 11111
1504 987 1690 1054 mutationis
1712 987 1745 1052 in
1767 995 1879 1072 aperto
1902 994 1963 1053 est.
2010 1008 2080 1053 1111

452 1117 535 1184 euim
560 1123 666 1182 orator
688 1115 881 1201 scripsisset,
911 1115 1093 1198 Augustum
1115 1112 1180 1178 vim
1203 1110 1342 1177 siderum
1366 1129 1430 1177 non
1452 1109 1576 1192 timere,
1602 1108 1686 1174 hanc
1708 1109 1944 1175 conclusionem
1966 1108 2082 1174 melius

450 1245 679 1324 praeparatum
700 1236 740 1302 iri
763 1235 937 1322 perspexit,
963 1234 991 1300 si
1015 1234 1056 1300 de
1078 1233 1240 1299 sideribus
1261 1231 1326 1297 iam
1349 1238 1424 1296 ante
1447 1249 1550 1297 sermo
1572 1235 1668 1296 esset.
1708 1230 1819 1313 itaque
1834 1249 1891 1315 pro
1907 1240 2082 1295 aestuantes

450 1380 607 1440 recessus,
640 1357 727 1441 quod
748 1357 887 1423 eundem
910 1375 1039 1422 sensum
1069 1353 1242 1433 reddebat,
1277 1352 1337 1418 sed
1365 1373 1428 1418 non
1458 1350 1573 1417 eadem
1602 1350 1757 1416 relatione
1780 1371 1850 1416 cum
1874 1351 2082 1435 sequentibus

455 1479 658 1546 coniunctum
681 1484 760 1561 erat,
786 1476 894 1562 posuit
916 1478 1037 1541 torrida
1059 1486 1159 1540 astra.

538 1636 611 1715 328,
639 1637 658 1696 2
687 1654 748 1695 noa
770 1654 822 1717 epo
845 1636 988 1695 montium
1011 1633 1151 1714 speculas
1173 1639 1227 1692 aut
1249 1630 1351 1692 decisa
1373 1624 1526 1710 Aegyptiis
1548 1627 1677 1709 rupibus
1696 1648 1828 1708 procera
1850 1630 2004 1691 miracula
2027 1634 2084 1692 uel

448 1756 693 1838 pyramidum
716 1760 884 1816 vertices
907 1755 1118 1837 crapulosus
1144 1753 1280 1835 fastigiis
1310 1752 1407 1812 celsae
1429 1748 1515 1810 urbis
1545 1750 1751 1829 aequauerr'm.
1806 1746 1991 1832 pyramides
2020 1770 2083 1814 non

452 1876 545 1957 quasi
575 1874 701 1939 tertium
733 1873 858 1956 aliquid
887 1872 1048 1937 montibus
1078 1878 1111 1937 ct
1139 1869 1257 1936 decisis
1280 1867 1452 1954 Aegyptiis
1481 1866 1614 1952 rupibus
1644 1865 1786 1952 proceris
1815 1868 1980 1934 miraculis
2005 1870 2084 1935 addi

452 2001 598 2080 possunt,
626 1994 777 2076 quoniam
800 1994 841 2059 ab
864 1992 916 2058 bis
939 2012 1001 2058 non
1025 1992 1173 2057 diversae
1189 1997 1274 2056 sunt.
1321 2009 1392 2054 cum
1408 1993 1515 2052 autem
1530 1993 1666 2070 utraque
1681 1988 1884 2072 pyramidum
1902 1988 2083 2073 designatio

451 2120 517 2180 tam
541 2114 791 2198 Symmachiana
813 2119 917 2194 esset,
944 2118 979 2177 ut
1000 2112 1103 2177 altera
1126 2118 1197 2176 utra
1218 2130 1277 2195 pro
1299 2109 1494 2193 glossemate
1516 2107 1621 2193 accipi
1643 2107 1806 2192 nequiret,
1832 2108 1866 2173 in
1889 2117 2084 2177 commenta-

450 2235 591 2301 tionibus
607 2233 869 2301 Mommsenianis
884 2253 995 2299 vocem
1019 2234 1067 2295 uel
1090 2232 1207 2314 delevi,
1233 2236 1269 2296 ut
1289 2228 1372 2295 haec
1394 2227 1611 2294 efficerentur:
1639 2250 1699 2291 nou
1716 2251 1767 2313 epa
1783 2234 1927 2293 montium
1943 2237 2083 2315 speculas

452 2365 507 2418 aut
535 2358 639 2420 decisa
661 2356 814 2440 Aegyptiis
843 2355 973 2437 rupibus
1000 2373 1132 2435 proceru
1161 2355 1331 2432 uriraculc,
1364 2351 1560 2433 pyramidum
1590 2352 1916 2433 11111111119111111,
1947 2354 2083 2439 fastipir's

452 2481 549 2540 celsae
571 2479 658 2540 turbis
682 2479 888 2560 aequaverint.
936 2472 994 2539 sed
1015 2472 1076 2538 boc
1097 2471 1192 2538 modo
1208 2472 1271 2537 duo
1286 2469 1511 2557 propositionis
1526 2471 1670 2535 membra
1685 2478 1924 2555 componuntur,
1951 2494 2081 2556 quorum

455 2597 590 2662 alterum
621 2596 765 2678 duobus,
798 2595 933 2660 alterum
957 2599 1027 2659 octo
1049 2593 1215 2659 vocabulis
1237 2596 1376 2671 constat,
1411 2590 1578 2672 omnisque
1601 2590 1788 2675 symmetria
1809 2591 1967 2659 rhetorica
1988 2596 2080 2680 perit.

451 2736 547 2799 quam
579 2716 755 2800 respiciens
778 2714 991 2799 Symmachus
1017 2733 1145 2797 quoque
1178 2734 1234 2797 pro
1263 2715 1366 2775 decisa
1388 2710 1541 2796 deyyptr'is
1573 2714 1702 2794 rupibus
1722 2734 1853 2795 procera
1876 2717 2028 2779 miracula
2049 2716 2083 2781 in

453 2835 597 2902 secunda
619 2836 760 2902 editione
780 2837 978 2919 pyramidum
1001 2838 1128 2897 vertices
1150 2837 1313 2918 auguriosos
1336 2831 1505 2916 scripsisse
1522 2830 1659 2915 videtur,
1686 2834 1771 2915 quod
1794 2853 1866 2898 cum
1889 2834 1989 2900 multo
2011 2836 2085 2903 bre-

452 2957 524 3022 vius
547 2956 599 3040 sit,
625 2957 767 3022 membro
790 2954 938 3040 opposito
962 2957 1106 3018 montium
1129 2957 1268 3037 speculas
1291 2952 1407 3018 melius
1429 2972 1555 3036 quoquc
1577 2951 1760 3036 respondet.

540 3122 602 3186 Vbi
623 3121 721 3199 11111,
756 3142 820 3205 qua
842 3118 1089 3185 Valentinianus
1111 3119 1146 3184 11
1169 3139 1253 3183 nova
1275 3117 1405 3184 civitate
1428 3116 1598 3182 condenda
1620 3136 1698 3181 usus
1720 3123 1787 3199 111,
1821 3119 1973 3203 emptioni
1996 3120 2084 3186 frau-

453 3242 605 3308 dulentae
626 3240 765 3306 Didonis
787 3240 973 3326 opponitur,
1006 3240 1087 3306 haec
1108 3239 1142 3304 in
1165 3237 1276 3305 codice
1299 3238 1419 3323 scripta
1442 3243 1532 3303 sunt:
1568 3240 1642 3319 326,
1669 3240 1709 3301 32
1739 3260 1797 3301 uon
1817 3241 1904 3320 serra
1924 3243 2080 3323 pellimur,

453 3384 614 3426 1111111
638 3372 692 3426 aut
715 3383 787 3425 aere
805 3364 1008 3445 fraudamur.
1055 3359 1185 3445 quando
1207 3357 1301 3439 Dido,
1330 3357 1374 3423 ad
1396 3358 1487 3423 cuius
1510 3357 1636 3423 facinus
1658 3357 1824 3441 alluditur,
1852 3380 1915 3424 non
1937 3360 2083 3427 fraudem

452 3489 587 3567 experta
610 3489 670 3565 cst,
697 3480 756 3547 sed
778 3480 864 3563 fecit,
891 3480 1020 3547 tertium
1042 3481 1128 3563 quod
1150 3478 1288 3544 dicimus
1311 3478 1559 3563 comparationis
1581 3479 1757 3559 evanescit,
1782 3479 1846 3544 nisi
1868 3484 2083 3565 1111111111-

453 3625 523 3667 mur
546 3602 670 3668 scribas
690 3604 893 3685 [corruamus.
941 3601 999 3668 sed
1022 3602 1083 3667 hac
1105 3598 1328 3667 emendatione
1352 3605 1482 3684 recepta
1503 3598 1643 3664 nondum
1666 3599 1770 3664 omnis
1792 3600 1961 3667 dubitandi
1984 3623 2083 3669 causa

452 3723 580 3789 sublata
608 3731 669 3789 est.
716 3723 800 3790 inter
832 3724 896 3789 duo
929 3723 1015 3788 enim
1050 3720 1228 3788 sententiae
1262 3720 1406 3786 membra
1439 3719 1615 3784 similitudo
1644 3720 1812 3786 verborum
1842 3742 1914 3787 cum
1944 3725 2082 3807 quadam

451 3844 616 3910 anxietate
638 3844 844 3909 observatur:
879 3842 1047 3928 praecedit
1066 3842 1101 3907 in
1124 3849 1258 3925 utroque
1281 3863 1357 3923 uara,
1388 3840 1533 3922 sequitur
1555 3840 1679 3905 metalli
1701 3862 1818 3908 nomen
1841 3862 1918 3907 casu
1940 3844 2083 3911 ablativo

451 3964 608 4049 positum,
641 3983 758 4046 agmen
789 3962 913 4028 claudit
942 3965 1092 4041 verbum3
1127 3983 1211 4046 quae
1237 3961 1424 4046 symmetria
1445 3960 1588 4045 alioquin
1611 3962 1778 4044 usquead
1801 3963 2001 4047 syllabarum
2024 3986 2084 4030 nu-

452 4105 574 4150 memm
598 4089 733 4149 extensa
755 4083 909 4163 turbatur,
937 4082 966 4147 si
988 4083 1059 4149 voci
1082 4082 1327 4167 simpliciterne
1350 4081 1470 4166 duplex
1493 4102 1570 4144 auro
1594 4091 1649 4145 aut
1671 4104 1743 4145 aere
1758 4091 1948 4168 opponatur.
1988 4106 2083 4170 prae-

455 4212 545 4270 terea
567 4203 682 4270 electio
704 4203 781 4286 illa,
814 4224 898 4287 quae
921 4203 1033 4269 lectori
1055 4203 1138 4269 inter
1159 4223 1271 4268 aurum
1295 4209 1328 4267 et
1349 4220 1406 4267 aes
1429 4201 1536 4267 offerri
1559 4200 1704 4282 videtur,
1730 4203 1841 4288 inepta
1863 4212 1928 4287 est,
1956 4226 2027 4271 eum
2049 4206 2084 4270 id

452 4330 575 4390 tantum
597 4330 789 4408 quaeratur,
817 4331 921 4390 utrum
944 4329 1030 4389 terra
1052 4323 1179 4388 hostilis
1201 4323 1299 4390 armis
1322 4344 1364 4389 an
1387 4321 1524 4406 pecunia
1546 4329 1656 4407 capta,
1683 4343 1747 4388 non
1770 4344 1833 4406 quo
1857 4326 1987 4391 metallo
2010 4347 2084 4411 pre-

451 4445 531 4510 tium
562 4445 701 4510 solutum
732 4444 785 4511 sit.
833 4464 909 4527 ergo
939 4444 1142 4510 scribendum
1170 4450 1220 4510 est
1247 4450 1304 4508 aut
1332 4444 1498 4526 conferre
1518 4446 1680 4526 pellimur,
1714 4465 1774 4507 111
1797 4466 1875 4507 auro
1894 4448 2084 4529 fraudamus

452 4573 509 4630 aut
530 4587 589 4628 aaa
610 4567 697 4648 ferro
717 4568 877 4648 pellimur,
909 4586 969 4628 aaa
992 4586 1064 4629 aere
1084 4566 1290 4647 fraudamus,
1325 4562 1384 4629 sed
1406 4583 1579 4645 quamnam
1602 4563 1815 4648 Symmachus
1838 4566 1984 4632 mutandi
2006 4588 2084 4634 cau-

453 4705 522 4750 sam
546 4685 705 4767 babuerit,
732 4684 881 4768 equidem
905 4684 1051 4750 divinare
1073 4705 1137 4750 uon
1159 4703 1301 4769 possum.

539 4847 695 4913 Videmus
717 4847 832 4932 igitur,
867 4849 1110 4934 Symmachum,
1143 4869 1213 4914 cum
1242 4847 1413 4914 editionem
1441 4867 1556 4913 novam
1588 4855 1733 4932 pararet,
1767 4848 1904 4932 margini
1927 4840 2086 4934 permulta

454 4944 683 5053 adscripsisse,
717 4968 834 5052 quibus
856 4977 913 5036 aut
935 4968 1112 5036 sententias
1140 4967 1361 5034 concinniores
1391 4968 1597 5034 uberioresve
1619 4968 1770 5034 redderet
1799 4976 1854 5035 aut
1884 4976 1970 5036 certe
2001 4970 2087 5036 indi-

453 5096 552 5171 caret,
578 5090 737 5171 quomodo
760 5110 809 5169 11,
837 5110 920 5173 quae
936 5098 1011 5156 autc
1030 5089 1212 5174 scripserat,
1239 5087 1267 5153 si
1290 5108 1354 5153 non
1376 5087 1501 5169 melius,
1529 5089 1642 5155 saltem
1665 5088 1762 5154 aliter
1783 5090 1920 5176 exprimi
1942 5098 2083 5176 possent.

452 5208 508 5292 qui
530 5208 623 5274 nobis
646 5215 753 5275 autem
776 5217 923 5276 servatus
946 5215 996 5274 est
1024 5209 1124 5275 codex
1150 5228 1215 5275 non
1236 5228 1277 5273 ex
1300 5206 1440 5274 editione
1463 5209 1607 5274 secunda
1628 5207 1735 5289 fluxit,
1766 5209 1825 5274 sed
1854 5231 1924 5276 raro
1946 5210 2084 5295 quodam

453 5349 530 5395 casu
560 5329 783 5415 apographum
813 5336 863 5396 111
893 5330 963 5396 1111
985 5329 1109 5415 primae
1131 5328 1281 5395 editionis
1303 5329 1512 5413 exemplaris,
1547 5329 1633 5414 quod
1656 5337 1766 5395 auctor
1787 5330 1872 5414 ipse,
1906 5351 1978 5396 cum
2001 5331 2084 5397 alte-

453 5470 521 5514 ram
544 5450 737 5532 institueret,
763 5449 865 5516 doctis
887 5449 1150 5516 meditationibus
1173 5448 1240 5514 suis
1263 5448 1420 5515 adhibuit.
1461 5469 1502 5514 ex
1525 5469 1597 5532 quo,
1625 5450 1702 5532 quia
1724 5470 1808 5515 nova
1827 5450 2001 5535 adscripta,
2028 5472 2086 5518 ve-

452 5578 524 5636 tera
545 5591 608 5636 non
631 5571 740 5637 deleta
763 5578 864 5651 11111,
892 5570 920 5635 11
943 5569 1103 5651 librarius,
1130 5570 1221 5635 cuius
1243 5569 1277 5634 in
1300 5589 1429 5634 manum
1452 5577 1566 5655 postea
1588 5569 1686 5651 venit,
1713 5576 1746 5635 et
1760 5569 1933 5636 editionem
1949 5572 2084 5656 primam

453 5692 612 5774 integram
636 5690 806 5775 descripsit
827 5698 860 5757 ct
881 5710 944 5756 non
967 5691 1071 5756 solum
1094 5709 1133 5755 ea
1155 5711 1196 5756 ex
1219 5690 1364 5774 margine
1386 5690 1420 5756 in
1442 5696 1624 5756 contextum
1646 5690 1820 5771 transtulit,
1846 5711 1929 5774 quae
1951 5712 1986 5757 11
2009 5712 2087 5757 vcra

452 5811 487 5877 in
509 5810 684 5877 secundam
706 5817 837 5896 recepta
860 5817 942 5892 sunt,
970 5809 1147 5878 sedetiam
1165 5830 1216 5891 11,
1242 5810 1402 5895 quibusda
1424 5810 1618 5895 recipiendis
1637 5810 1851 5896 Symmachus
1873 5812 2083 5896 cogitaverat.
