4686 6472
924 410 937 462 1
959 411 1057 462 0-0
1080 409 1134 463 nn
1154 407 1359 467 avsoruvst.
1816 405 1957 473 LXXIX

411 598 575 699 dusonins
598 653 770 717 numquam
794 632 922 698 Galbae
945 632 1115 715 reliquisse
1137 631 1280 715 videtur,
1312 631 1527 716 Symmachus
1549 631 1650 697 semel
1672 637 1795 697 tautum
1818 629 1952 711 adiisse,

320 775 396 820 cnm
422 777 465 821 m.
491 755 669 822 Februario
692 778 723 821 a.
743 758 806 821 369
829 754 956 839 legatus
979 753 1021 819 ad
1043 753 1227 819 comitatum
1250 752 1506 839 proficisceretur
1532 752 1572 835 (v.
1598 773 1631 838 p.
1649 751 1783 834 XLVI);
1811 751 1872 817 hoc
1895 750 1957 833 igi-

315 884 370 941 tnr
402 884 550 962 tempore
580 875 778 943 consuetudo
805 876 889 942 inter
918 894 974 942 eos
1003 873 1130 939 initium
1161 873 1255 959 cepit.
1303 893 1368 958 qua
1395 892 1430 938 re
1458 879 1629 959 perspecta
1656 871 1754 939 etiam
1784 871 1826 937 de
1855 890 1950 951 anno,

313 1017 384 1080 quo
410 996 574 1062 Ausonius
597 996 745 1062 Gratiani
766 1001 958 1082 praeceptor
979 994 1083 1060 factus
1106 1001 1165 1077 est,
1192 994 1329 1061 certiora
1352 993 1516 1059 discimus.
1563 1014 1638 1059 nam
1660 1015 1701 1060 ne
1724 993 1859 1058 multum
1880 998 1956 1058 ante

314 1117 514 1202 Symmachi
545 1116 717 1182 adventum
741 1116 803 1182 hoc
824 1134 940 1181 munus
963 1135 1036 1181 eum
1059 1115 1241 1201 suscepisse
1264 1114 1449 1195 credamus,
1484 1114 1691 1200 prohibemur
1712 1113 1814 1199 ipsius
1836 1112 1953 1192 verbis,

312 1239 443 1320 quibus
467 1257 502 1302 se
522 1244 590 1302 tum
605 1237 785 1302 tirocinium
801 1236 984 1302 exercuisse
999 1236 1087 1302 dicit.
1127 1243 1295 1322 praeterea
1310 1241 1444 1317 constat,
1470 1254 1572 1319 usque
1587 1234 1631 1300 ad
1644 1234 1771 1300 initium
1787 1235 1864 1299 anni
1880 1236 1953 1313 376,

315 1379 386 1442 quo
420 1364 565 1443 tempore
592 1356 804 1441 Symmachus
834 1357 868 1423 in
898 1358 1035 1442 patriam
1065 1356 1174 1436 rediit,
1209 1357 1333 1421 nullum
1363 1354 1516 1422 honorem
1545 1356 1579 1421 in
1600 1356 1777 1420 Ausonium
1807 1354 1957 1420 collatum

312 1481 484 1561 0000111),
512 1477 597 1559 qnod
620 1497 698 1543 sane
721 1478 835 1543 mirum
857 1477 892 1543 in
914 1483 1122 1563 praeceptore
1145 1477 1282 1560 Augusti
1305 1475 1485 1558 videretur,
1513 1476 1541 1541 si
1562 1482 1630 1541 tum
1651 1475 1716 1540 iam
1739 1474 1860 1540 diutius
1883 1494 1959 1558 pro

314 1599 421 1664 batus
445 1597 571 1664 fnisset.
611 1604 672 1664 nec
694 1605 802 1664 tamen
824 1599 925 1663 multu
948 1603 1021 1683 post
1043 1598 1085 1663 ad
1109 1598 1289 1663 comitivam
1312 1604 1442 1662 evectus
1465 1602 1516 1662 eet
1529 1596 1676 1678 intraque
1691 1594 1955 1679 quinquennium,

314 1719 412 1803 quod
435 1719 641 1802 sequebatur,
668 1726 873 1801 quaesturam
897 1719 981 1785 sacri
1005 1718 1118 1803 palatii
1141 1718 1258 1783 meruit
1267 1721 1332 1801 357).

412 1839 641 1906 Valentiniano
664 1839 836 1924 superstite
851 1837 1020 1904 Maximini
1043 1838 1200 1923 praefecti
1222 1838 1380 1923 practorio
1396 1836 1576 1903 Galliarum
1598 1837 1705 1921 gratia
1723 1843 1849 1904 tantum
1863 1856 1959 1922 prae-

317 1961 438 2041 valuit,
467 1968 502 2024 nt
516 1960 659 2025 Ausonio
681 1980 795 2045 parum
818 1959 881 2025 loci
903 1959 1153 2042 relinqueretur;
1179 1957 1266 2041 quod
1287 1958 1343 2024 ubi
1365 1958 1451 2024 filius
1466 1965 1575 2043 partes
1589 1957 1716 2043 imperii
1734 1956 1959 2027 Occidentales

320 2081 416 2145 solus
440 2080 587 2161 obtinuit,
614 2080 722 2146 statim
745 2080 946 2146 immutatum
970 2087 1030 2145 est.
1069 2100 1143 2144 nam
1166 2079 1242 2144 inde
1265 2078 1307 2144 ab
1329 2078 1420 2144 initio
1443 2101 1473 2144 a.
1500 2081 1657 2143 bilicum
1680 2099 1721 2143 ex
1744 2079 1872 2162 legibus
1894 2085 1960 2143 tum

319 2223 363 2267 ex
388 2201 638 2283 magistratuum
661 2199 931 2265 nominationibus
955 2218 1095 2280 summa,
1128 2220 1193 2284 qua
1214 2206 1403 2285 praeceptor
1424 2198 1577 2285 principis
1599 2197 1783 2281 fruebatur,
1816 2199 1960 2284 potentia

321 2322 526 2406 agnoscitur.
573 2320 659 2386 filius
681 2320 752 2386 eius
767 2319 944 2403 Hesperius
966 2321 1134 2405 proconsul
1151 2319 1281 2386 Africae
1304 2328 1336 2387 et
1358 2341 1433 2386 mox
1455 2320 1637 2406 praefectus
1656 2318 1814 2405 praeturio
1829 2319 1957 2402 Italiae,

322 2463 428 2526 gener
450 2441 642 2507 Thalassius
664 2440 803 2506 vicarius
825 2439 1034 2507 Macedoniae
1057 2448 1089 2505 et
1110 2442 1280 2527 proconsul
1303 2440 1433 2507 Africae
1451 2448 1622 2523 creantur,
1655 2448 1746 2525 pater
1766 2440 1870 2506 Iulius
1891 2439 1961 2504 Au-

323 2563 438 2628 sonius
461 2561 663 2646 praefectura
684 2561 809 2646 Illyrici
830 2559 1018 2643 honoraria,
1053 2568 1087 2628 ut
1109 2561 1254 2645 videtur,
1286 2568 1459 2627 exornatus
1481 2568 1548 2643 est,
1582 2582 1623 2627 ex
1646 2582 1753 2628 sorore
1776 2578 1876 2646 nepos
1899 2560 1960 2623 Ar-

323 2684 438 2749 borius
462 2683 563 2766 primo
586 2681 770 2748 comitivam
792 2701 898 2747 rerum
920 2681 1140 2767 privatarum,
1155 2689 1221 2747 tum
1241 2681 1477 2766 praefecturam
1493 2681 1581 2747 urbis
1598 2681 1733 2767 accepit.
1774 2700 1846 2746 cnm
1862 2679 1960 2763 igitur

325 2809 425 2888 poeta
454 2802 527 2888 ipse
556 2810 709 2884 quaestor
737 2808 770 2868 et
797 2822 871 2867 mox
901 2802 1083 2886 praefectus
1112 2801 1271 2887 praetorio
1300 2807 1402 2884 esset,
1436 2822 1494 2885 per
1523 2801 1769 2884 quadriennium
1796 2800 1958 2883 integrum

332 2923 528 3007 1376-386)
554 2943 666 2988 omnes
697 2922 813 2987 summi
842 2941 901 3006 per
922 2921 1128 2988 Occidentem
1157 2922 1366 3006 magistratus
1395 2921 1491 2988 nnius
1519 2920 1663 2987 familiae
1692 2921 1784 3004 quasi
1807 2920 1961 3006 patrimo-

291 3031 295 3037 *
328 3045 417 3109 nium
448 3050 551 3109 erant.
598 3062 659 3108 nec
686 3043 793 3109 minus
823 3043 931 3127 legum
963 3041 1075 3109 eodem
1101 3050 1245 3128 tempore
1267 3043 1405 3108 latarum
1427 3049 1618 3126 argumenta
1640 3042 1774 3108 Ausonii
1796 3040 1960 3125 ingenium

328 3163 478 3249 produnt.
518 3164 747 3246 grammaticus
770 3170 802 3230 et
823 3164 931 3229 rhetor
954 3184 1012 3249 per
1033 3183 1144 3229 omnes
1166 3163 1304 3228 maiores
1320 3163 1500 3228 Galliarum
1523 3162 1673 3229 civitates
1695 3161 1859 3245 utriusque
1881 3161 1961 3227 artis

330 3284 531 3369 professores
554 3284 656 3349 creari
678 3283 767 3349 iubet
788 3284 892 3367 iisque
915 3303 1081 3350 numemm
1105 3303 1302 3348 annonarum
1320 3283 1399 3348 satis
1415 3282 1617 3368 splendidum
1632 3283 1875 3367 constituit³⁵⁸);
1901 3280 1962 3346 ad-

329 3404 459 3469 mirator
489 3403 692 3487 eloquentiae
722 3404 828 3488 legem
859 3402 974 3469 suadet
1004 3402 1130 3468 duabus
1153 3403 1281 3468 Libanii
1309 3403 1506 3469 orationibus
1528 3410 1602 3470 ante
1625 3402 1878 3469 commendatam
1902 3401 1960 3468 scd

330 3544 412 3606 quae
441 3524 542 3589 multu
572 3523 702 3589 facilius
730 3523 824 3589 detur
851 3543 947 3606 quam
977 3523 1165 3589 observetur
1174 3525 1245 3607 159);
1283 3524 1486 3608 antiquitatis
1516 3531 1684 3590 venerator
1714 3522 1961 3590 destructionem

331 3652 607 3710 monumentorum
638 3651 781 3709 veterum
810 3642 1035 3727 defendit⁸⁶⁰];
1069 3643 1157 3709 tilius
1186 3643 1304 3710 medici
1334 3645 1564 3711 archiatrorum
1593 3645 1766 3731 privilegia
1787 3650 1884 3726 auget
1893 3644 1959 3727 111).

332 3766 437 3831 odium
468 3772 577 3830 autem
606 3763 809 3850 imperatoris
838 3763 980 3829 defuncti
1006 3764 1167 3848 totiusque
1190 3765 1339 3848 rationis,
1374 3786 1439 3850 qna
1460 3765 1691 3851 rempublicam
1713 3765 1958 3845 administravit,

331 3885 416 3970 quod
437 3905 479 3951 ne
502 3886 536 3949 in
554 3884 697 3951 oratione
712 3883 841 3968 quidem
858 3904 963 3949 coram
979 3883 1046 3950 filio
1061 3884 1196 3950 recitata
1211 3885 1415 3952 dissimulare
1430 3893 1537 3973 potest
1546 3888 1610 3969 i⁸²),
1636 3886 1670 3951 in
1685 3885 1813 3969 legibus
1828 3884 1963 3951 consilio

417 4199 478 4259 356)
497 4200 626 4248 Ausonius
644 4212 684 4260 sp.
705 4196 799 4256 symm.
822 4195 862 4260 18,
884 4196 898 4244 7
917 4198 979 4245 dam
997 4201 1024 4246 10
1041 4201 1160 4247 comitatu
1178 4198 1289 4259 decimas
1307 4214 1368 4248 0000
1387 4199 1496 4261 dispari,
1516 4200 1560 4248 011
1579 4204 1606 4246 10
1623 4202 1710 4247 ceteris
1727 4200 1832 4248 militiae
1849 4201 1963 4262 praemia

334 4286 378 4333 tiro
394 4286 516 4345 meruisti,
537 4298 581 4345 epo
599 4286 740 4332 tirocinium
758 4286 809 4330 iam
825 4288 957 4331 veteranas
974 4288 1080 4333 0000001.
1118 4286 1228 4346 praemis
1245 4285 1289 4334 illa
1306 4287 1413 4334 militiae
1432 4287 1497 4334 nihil
1515 4286 1584 4334 alind
1603 4287 1734 4346 designare
1752 4292 1868 4350 possunt,
1889 4299 1963 4347 qnam

334 4371 448 4420 honorem
468 4371 579 4433 aliquem
597 4370 627 4418 ab
644 4370 793 4431 imperatore
812 4377 952 4434 acceptum,
972 4385 1048 4432 quem
1067 4373 1211 4420 comitivam
1229 4373 1300 4421 tertii
1318 4372 1413 4421 ordinis
1431 4373 1512 4421 inisse
1530 4374 1579 4421 ianr
1595 4386 1669 4435 supra
1683 4372 1753 4435 (adn.
1769 4370 1827 4432 143)
1842 4371 1962 4421 vidimus.

333 4459 415 4506 elucet
437 4460 519 4518 igitur
541 4470 575 4505 ex
591 4456 631 4503 hia
649 4456 732 4503 verbis
751 4455 928 4516 Symmachum
949 4458 1065 4505 comitem
1082 4458 1163 4506 intimi
1181 4459 1281 4520 generis
1300 4442 1442 4507 Ausonium
1460 4464 1545 4507 tamen
1562 4459 1686 4520 dignitate
1704 4473 1850 4522 superasse,
1876 4472 1962 4520 quem,

333 4557 389 4592 curn
407 4545 462 4605 ipse
480 4544 579 4592 nullum
597 4542 715 4590 honorem
733 4542 799 4590 inira
816 4544 959 4591 comitivam
977 4546 1094 4607 gesserit,
1114 4546 1239 4607 privatum
1258 4551 1313 4594 tum
1332 4547 1413 4594 fuisse
1431 4559 1533 4594 0000000
1552 4552 1600 4594 eat.
1644 4558 1647 4563 ·

418 4636 477 4701 357)
497 4639 593 4685 Auson.
615 4642 679 4696 grat.
693 4642 742 4685 act.
763 4635 788 4698 2,
806 4635 833 4685 11
856 4641 889 4684 101
908 4637 1002 4697 prodas
1018 4641 1118 4686 nomine
1135 4642 1231 4687 comitis
1246 4645 1346 4701 propter
1363 4645 1407 4688 tua
1424 4643 1572 4688 incrementa
1589 4642 1711 4701 conpcsti,·
1730 4654 1759 4688 00
1776 4645 1820 4688 tao
1837 4640 1923 4688 merito
1941 4644 1964 4686 10
2063 4620 2066 4624 Δ

333 4739 362 4771 ac
381 4729 452 4785 patre
471 4721 624 4785 principibus
645 4723 715 4785 (1.0.
737 4728 796 4772 ante
813 4723 839 4772 d.
863 4722 892 4772 17
912 4724 973 4772 Nor.
994 4724 1058 4787 375,
1086 4738 1134 4787 qno
1152 4726 1194 4773 die
1211 4727 1407 4775 Valentinianus
1426 4732 1539 4776 mortuns
1558 4730 1604 4789 est)
1633 4732 1764 4789 0000001000
1788 4728 1925 4775 commemo
1941 4730 1964 4773 et

334 4814 371 4859 toi
389 4815 487 4859 tantam
501 4808 660 4871 praefectura
678 4808 795 4873 10001011.
833 4812 865 4858 cf.
886 4808 979 4870 Symm.
1004 4810 1044 4873 14,
1066 4811 1080 4859 7
1099 4817 1126 4860 et
1142 4813 1207 4862 locos
1225 4828 1240 4861 s
1256 4813 1341 4862 Oarolo
1361 4813 1470 4862 Schenkl
1489 4829 1514 4877 p.
1536 4813 1573 4861 IX
1592 4815 1749 4877 compositos.

422 4904 480 4964 356)
502 4904 563 4953 (md.
584 4904 677 4952 Theoti.
698 4903 764 4953 XIII
782 4903 806 4967 3,
830 4902 871 4954 11.

309 5068 313 5078 Ι
420 5001 479 5065 359)
500 5002 559 5051 (iod.
581 5000 674 5050 Theod.
696 4999 768 5062 116,
791 4999 1000 5052 1300001001.
1021 5002 1176 5054 Gothofredi.

420 5095 478 5157 366)
500 5095 559 5146 ch.
582 5095 676 5144 Theoti.
695 5094 745 5143 XV
766 5094 789 5155 1,
811 5094 852 5145 19.

419 5189 477 5253 361)
500 5190 560 5238 Coti.
580 5189 673 5239 Tbeod.
694 5189 759 5238 xm
778 5190 803 5251 3,
826 5189 865 5240 12.

420 5286 479 5348 362)
501 5285 635 5335 (iratast.
658 5284 711 5348 1,3
731 5288 795 5347 qais,
816 5288 925 5348 inquam,
946 5288 1015 5334 10000
1032 5292 1075 5347 001,
1096 5290 1139 5348 qui
1155 5299 1207 5335 non
1224 5287 1346 5351 1000110110
1363 5292 1412 5337 tuis
1429 5293 1505 5349 apitet
1524 5296 1546 5338 ct
1566 5290 1721 5353 inflammet?
1737 5289 1834 5350 001100,
1854 5291 1961 5351 inquam,

334 5367 464 5434 imperator
481 5373 602 5433 Aemate,
622 5374 683 5434 quin
701 5371 878 5421 admirandam
895 5375 999 5433 speciem
1017 5377 1076 5421 taos
1092 5376 1254 5421 commotionis
1273 5376 1396 5423 incutiat:
1413 5389 1464 5424 non
1478 5377 1615 5438 pansum,
1635 5375 1699 5437 qaod
1717 5378 1758 5434 10,
1778 5388 1849 5422 cam
1867 5375 1965 5422 terri·

338 5457 400 5506 biie
417 5461 602 5521 acceperis,
627 5459 734 5507 amabile
749 5460 908 5519 praestitisti,
934 5471 986 5506 000
1002 5459 1088 5519 sonam
1104 5465 1128 5508 01
1145 5460 1261 5508 basilicae
1278 5462 1356 5509 oiim
1379 5465 1530 5523 nepotiis
1551 5465 1665 5525 piena,
1692 5473 1760 5508 nanc
1777 5463 1902 5520 cetispro
1921 5464 1964 5507 isra

337 5546 415 5593 001010
432 5547 549 5606 susceptis
566 5571 602 5581 -
619 5560 691 5594 nam
708 5545 743 5592 de
761 5559 820 5593 aaa
837 5548 887 5592 cssi
904 5558 968 5593 non
985 5550 1013 5593 tc
1032 5548 1213 5607 imperante
1231 5550 1420 5595 securitas?
1436 5575 1479 5610 -‚
1499 5562 1551 5598 non
1568 5551 1638 5596 curia
1656 5546 1794 5608 honorificis
1810 5546 1882 5594 modo
1900 5546 1966 5592 10010

336 5629 449 5691 decretis,
474 5633 549 5680 oiim
573 5632 736 5679 sollicitis
753 5636 877 5679 maesta
895 5635 1117 5693 querimoniis.
1156 5631 1196 5696 15,
1219 5631 1249 5681 71
1270 5639 1297 5681 trs
1314 5639 1445 5694 perpetuas
1464 5635 1579 5683 bonitatis
1597 5635 1681 5682 edictis
1698 5635 1824 5682 accantati
1841 5630 1963 5693 00001100,

336 5730 365 5762 00
381 5719 500 5766 timerent.
541 5716 582 5777 to,
602 5716 635 5766 tt
654 5718 777 5777 initiieqis
793 5732 864 5778 posse
882 5722 906 5766 10
923 5732 974 5766 esse
992 5721 1146 5767 lenissimam
1163 5722 1215 5766 sinc
1232 5719 1359 5780 dispendio
1378 5719 1531 5781 disciptinae.
