4722 6470
864 492 877 552 1
896 496 995 550 sa-os
1014 494 1070 553 sn
1088 494 1251 553 555555.
1832 496 1875 564 01

332 721 361 803 9)
389 721 522 787 Romae.
571 725 665 786 Senta
696 726 832 786 Petronio
863 723 972 803 Probo,
1010 721 1180 787 Anicianae
1212 724 1319 786 domus
1353 724 1495 803 culmini,
1529 724 1709 803 proconsuli
1736 720 1871 805 Africae,

236 843 396 925 praesecto
415 845 575 925 praetorio
598 851 705 926 peuter
727 845 838 906 ltaliae
861 845 981 926 lllyrici
1002 842 1127 926 Africae
1151 844 1343 924 Galliarum,
1370 844 1489 906 consuli
1509 843 1684 923 ordinario,
1717 845 1876 906 55555155

234 966 340 1045 putri,
374 960 500 1026 Am'cius
522 965 784 1047 Hermopcuiunus
808 964 952 1047 Olybrius
982 965 1054 1045 olir)
1081 963 1318 1047 ollarissimus),
1352 964 1458 1027 consul
1479 964 1676 1043 ordinarius,
1709 970 1737 1027 et
1766 960 1876 1027 Anicia

241 1086 370 1147 Iuliana
392 1080 596 1166 ctiorissima)
620 1083 760 1166 flemma)
789 1086 864 1165 eius,
891 1086 1079 1148 devotissimi
1093 1087 1153 1166 filii
1173 1084 1365 1147 dedicarunt.
1413 1080 1451 1148 O.
1476 1080 1503 1146 1.
1529 1082 1567 1146 L.
1593 1081 1638 1147 VI
1663 1084 1756 1147 1753.

333 1202 544 1287 11135555.
591 1201 755 1285 inscriptio
787 1201 952 1269 simillima
980 1203 1044 1269 nisi
1077 1202 1162 1286 quod
1195 1223 1253 1288 pro
1283 1200 1416 1288 Olybrio
1449 1201 1639 1268 5115115115
1670 1201 1767 1287 positi
1800 1208 1876 1269 sunt

238 1322 370 1387 Anicius
396 1325 543 1387 Probinus
567 1324 642 1407 utin)
670 1325 903 1407 cllorcssimus),
929 1327 1035 1388 consul
1056 1325 1251 1404 ordinarius,
1278 1332 1306 1388 et
1327 1323 1454 1388 Anicius
1479 1324 1593 1388 Probus
1615 1324 1689 1407 vlir)
1717 1324 1875 1405 511551551-

236 1448 332 1529 555),
359 1453 502 1528 quaestor
523 1445 723 1526 candidatus,
750 1447 824 1527 filii,
851 1464 962 1508 munus
985 1448 1139 1530 sinpulari
1160 1447 1301 1529 reliptbni
1322 1445 1454 1509 debitum
1477 1445 1670 1509 dedicarunt.
1717 1444 1754 1512 Ο.
1779 1446 1807 1510 Ι.
1832 1445 1870 1509 L.

238 1565 406 1630 1111752.

331 1687 380 1768 11)
407 1685 539 1750 115555.
587 1683 713 1748 Anicius
734 1686 890 1748 Faltoniac
908 1683 1031 1767 Probae,
1053 1685 1126 1766 fidei
1146 1686 1312 1749 nobilitatis
1334 1688 1488 1769 antiquae,
1515 1691 1691 1749 ornamenta
1707 1685 1875 1750 Anicianae

236 1808 390 1891 furniliue,
418 1807 591 1870 sanandae
612 1827 650 1870 uc
669 1806 820 1869 docendae
842 1807 993 1869 castitatis
1016 1807 1163 1888 eaemplo,
1190 1807 1349 1870 consulum
1369 1808 1460 1889 proli,
1487 1808 1645 1869 consulum
1668 1810 1770 1889 matri,
1798 1805 1874 1870 Ani-

236 1931 306 1991 cius
335 1930 597 2012 Hcrmapenianus
629 1927 770 2009 Olybrius
800 1927 874 2010 otis)
909 1927 1141 2011 citarissimus),
1178 1929 1284 1990 consul
1317 1927 1515 2005 ordinarius,
1551 1933 1580 1989 et
1608 1925 1715 1991 Anicio
1745 1930 1873 1991 Iuliana

162 2052 164 2057 ’
239 2049 443 2131 alienissima)
465 2047 608 2131 flemina)
630 2050 707 2129 eius,
733 2048 920 2112 devotissimi
937 2050 997 2130 filii
1017 2048 1209 2111 dedicarunt.
1256 2046 1294 2113 G.
1318 2046 1346 2110 Ι.
1372 2045 1410 2110 L.
1435 2045 1480 2111 VI
1504 2049 1598 2110 1755.

332 2169 381 2249 12)
408 2167 541 2249 Romae,
567 2167 681 2233 titulus
704 2165 887 2232 5151111555
902 2168 968 2233 sed
989 2168 1087 2253 paulo
1108 2165 1246 2233 brevior.
1293 2165 1330 2231 C.
1356 2165 1382 2230 I.
1408 2166 1445 2231 L.
1471 2166 1515 2231 vl
1541 2169 1633 2233 1756.

331 2291 380 2372 13)
407 2287 540 2353 Romae.
587 2285 713 2351 Aniciae
735 2290 890 2351 Faltomae
914 2287 1037 2369 Probae,
1064 2287 1188 2352 Amnius
1212 2289 1330 2351 Pincios
1346 2286 1525 2371 Aniciosqne
1546 2289 1713 2369 decoranti,
1739 2290 1873 2351 consulis

237 2412 346 2490 umori,
374 2410 507 2472 consulis
528 2409 622 2490 filiae,
649 2408 807 2471 consulum
829 2411 931 2487 matri,
959 2405 1086 2473 Anicius
1105 2408 1253 2471 Probinus
1268 2408 1342 2491 altr)
1366 2408 1598 2491 dimissimus),
1625 2408 1730 2471 consul
1745 2409 1873 2472 ordina-

236 2534 323 2611 rius,
357 2538 386 2592 et
408 2526 534 2592 Anicius
558 2528 673 2592 Probus
701 2527 775 2609 oter]
810 2528 1042 2611 ellarissimus),
1075 2537 1217 2613 quaestor
1245 2529 1445 2609 candidatus,
1475 2529 1535 2609 ptis·
1564 2529 1698 2591 devincti
1724 2532 1872 2592 maternis

238 2651 358 2714 meritis
382 2648 573 2712 dedicarunt.
619 2646 712 2713 titulo
734 2653 807 2732 post
828 2646 989 2714 adiectum
1011 2653 1078 2714 est:

655 2770 831 2832 Consimiies
849 2770 988 2852 [ramum
1010 2769 1126 2832 trabeis
1146 2769 1317 2852 pestamina
1339 2768 1487 2831 bonorum

740 2875 846 2948 tertia,
872 2893 950 2956 quac
972 2873 1099 2949 duant,
1126 2873 1303 2935 addidimus
1326 2874 1435 2937 titulis.

495 2989 502 3002 ’
569 2994 594 3069 s
654 2977 779 3039 dilectae
804 2977 919 3040 Probus
940 2977 1014 3039 lucc
1033 2977 1175 3058 persolvo
1197 2994 1328 3038 munero
1350 2978 1446 3039 matri

740 3082 901 3143 restituens
923 3082 1033 3144 statuis
1052 3081 1215 3162 praemia,
1240 3098 1317 3162 quae
1339 3080 1476 3142 dederat.

238 3200 329 3267 c.1.
357 3198 394 3263 L.
421 3197 584 3262 1111751.
625 3250 628 3261 .

327 3317 425 3384 Psobi
447 3323 570 3402 patrem
594 3337 754 3401 avumque
775 3318 898 3384 indicat
919 3318 1031 3384 1115155
1046 3325 1077 3402 5,
1103 3317 1299 3384 5155555111.
1321 3321 1349 3382 1.
1368 3320 1400 3382 8.
1421 3320 1561 3398 11-13;
1587 3316 1704 3383 Claud.
1723 3316 1868 3382 (155555.

238 3441 290 3507 01.
317 3446 350 3505 51
371 3438 467 3504 Prob.
496 3440 566 3519 191,
593 3437 676 3503 filios
697 3437 746 3503 111.
775 3442 805 3502 1.
822 3440 947 3517 9-13;
974 3438 1089 3505 Claud.
1116 3440 1139 3504 l.
1164 3440 1187 3504 i.
1214 3441 1273 3519 31;
1299 3437 1430 3504 Hieron.
1456 3437 1550 3522 epist.
1579 3440 1650 3519 130,
1677 3441 1710 3502 7.·
1755 3457 1796 3503 ex
1817 3436 1870 3502 bis

239 3558 409 3644 Olybrium
431 3564 510 3623 5515
533 3557 708 3622 maximum
731 3557 849 3639 luisse,
881 3578 923 3623 ex
945 3578 983 3624 eo
1013 3558 1172 3644 sequitur,
1205 3559 1290 3642 quod
1320 3558 1511 3642 ubicumque
1540 3557 1739 3637 consulatus,
1774 3576 1869 3639 quem

239 3680 335 3746 simul
358 3698 431 3744 cum
455 3677 552 3744 tratre
575 3677 694 3763 gessit,
728 3685 1008 3759 commemoratur,
1044 3698 1172 3764 semper
1200 3698 1316 3745 55555
1345 3678 1414 3745 eius
1444 3676 1548 3764 pmmo
1579 3677 1648 3743 loco
1678 3675 1867 3743 collocatum

238 3800 369 3884 legitur.
417 3798 523 3864 155555
545 3818 577 3864 5.
603 3800 665 3863 395
688 3797 822 3884 accepit,
850 3798 1019 3884 pueritiam
1042 3798 1182 3865 nondam
1205 3818 1357 3884 egressus
1380 3802 1420 3883 (r.
1439 3796 1513 3863 adn.
1536 3800 1626 3880 170);
1653 3804 1748 3863 natus
1769 3795 1869 3880 igitur

239 3927 307 3987 erat
330 3920 418 3986 circa
439 3938 470 3983 a.
497 3920 556 3985 381
582 3924 615 3984 51
636 3906 739 3984 Proba
761 3938 885 4001 quoque
908 3926 1042 4000 mater„
1061 3918 1095 3984 id
1118 3917 1203 4002 quod
1226 3940 1267 3986 ex
1290 3920 1398 3984 551515
1424 3914 1479 3984 avi
1508 3915 1579 3983 5155
1607 3918 1648 4001 (v.
1673 3914 1759 4000 VIII)
1794 3936 1869 4000 per-

239 4040 385 4128 spicitur,
409 4027 488 4105 ante
510 4059 541 4103 5.
560 4041 623 4103 389
645 4038 764 4104 5511115
787 4057 860 4104 5555
883 4037 938 4104 vix
960 4038 1073 4123 patuit.
1121 4039 1230 4121 itaque
1252 4038 1339 4103 filius
1361 4037 1430 4118 1115,
1456 4057 1551 4121 quem
1566 4037 1688 4103 Probus
1710 4036 1869 4102 1555515

238 4159 441 4227 consulatum
471 4176 563 4224 suum
598 4158 638 4241 [a.
665 4159 738 4239 371)
771 4158 946 4224 sustulerat
954 4156 1025 4242 ⁴⁴²),
1060 4178 1100 4224 cx
1128 4159 1194 4225 5115
1223 4177 1321 4224 uxore
1344 4162 1615 4243 praesentassem
1650 4176 1762 4241 quem,
1795 4176 1867 4221 555

236 4288 407 4367 praeterea
428 4298 585 4362 nusquam
608 4277 678 4344 eius
700 4277 818 4344 555115
840 4278 897 4344 fiat
918 4284 951 4345 51
971 4279 1006 4344 15
1028 4278 1183 4346 electione
1206 4278 1372 4345 55555155
1388 4274 1553 4359 5551395,
1579 4297 1662 4361 quae
1676 4297 1740 4342 non
1755 4275 1868 4343 honori

239 4420 411 4487 puerorum
433 4397 493 4465 sed
518 4398 620 4484 patris
649 4418 759 4464 eorum
786 4398 903 4464 mortui
932 4399 1042 4466 delata
1071 4398 1154 4464 filios
1183 4404 1259 4464 natu
1289 4396 1447 4463 maximos
1477 4396 1678 4483 potissimum
1707 4395 1867 4482 respicere

239 4520 359 4602 debuit,
387 4518 651 4605 5551511155511,
677 4516 742 4583 155
765 4525 840 4584 5515
862 4517 1119 4603 designationem
1143 4538 1251 4585 eorum
1274 4514 1393 4583 oblisse
1417 4514 1572 4602 suspicor.
1620 4514 1755 4597 accedit,
1782 4514 1867 4600 quod

240 4640 355 4719 Furia,
389 4638 527 4705 Decimii
548 4637 707 4703 Hilariaui
730 4637 844 4704 Hilarii
866 4637 1015 4723 11115111),
1048 4658 1144 4721 quam
1166 4638 1261 4705 Probi
1283 4659 1397 4704 aarum
1420 4638 1521 4704 fuisse
1551 4638 1748 4720 5555151111),
1782 4656 1867 4702 anuo
1975 4717 1977 4721 .

240 4766 320 4843 391,
347 4780 411 4843 quo
433 4766 574 4844 tempore
597 4757 713 4841 reliqui
735 4759 805 4824 5155
827 4758 888 4825 iiiii
909 4759 1049 4825 noudum
1073 4757 1116 4824 nd
1138 4757 1282 4824 adultam
1306 4765 1444 4824 5515155
1467 4763 1696 4845 peruenerant,
1730 4755 1794 4822 155
1818 4755 1868 4821 vi-

240 4882 469 4963 (1555151111),
496 4884 528 4945 51
550 4878 635 4961 quod
657 4878 690 4943 in
713 4874 805 4945 titulo
828 4883 847 4944 8
870 4901 900 4945 v.
928 4882 947 4944 3
970 4877 1012 4945 de
1034 4872 1129 4944 Probi
1153 4878 1271 4944 5555515
1294 4899 1425 4945 numero
1448 4878 1568 4964 plurali
1590 4898 1695 4944 sermo
1717 4883 1778 4944 551.

326 5001 470 5066 Stemma
491 4998 587 5065 Pmbi
610 5005 734 5085 partem
757 5005 880 5066 tautum
904 4999 1071 5065 consulam
1094 4998 1394 5084 praefectorumque
1415 5006 1573 5081 recenset,
1599 5017 1731 5081 quorum
1753 5015 1868 5062 55555-

325 5279 383 5342 111)
405 5277 986 5341 9515555551555115515555.551171
1007 5274 1029 5338 1,
1051 5276 1080 5341 4;
1108 5276 1132 5340 1,
1154 5276 1196 5328 18.
1217 5275 1259 5326 88.
1280 5275 1328 5337 98,
1355 5288 1420 5338 quse
1438 5276 1548 5339 epistula
1565 5277 1620 5339 ipso
1638 5276 1783 5324 consulatus
1800 5286 1866 5322 anno

240 5370 333 5431 scripta
350 5371 399 5416 551.
436 5365 468 5415 51.
489 5381 514 5414 r.
534 5363 568 5414 69
589 5369 618 5413 51
642 5379 714 5427 quem
737 5366 831 5413 curulis
850 5366 997 5424 proxima
1023 5365 1125 5425 callepio
1143 5366 1198 5412 uati
1215 5362 1296 5424 dedit,
1322 5361 1388 5411 lunc
1405 5374 1492 5410 suessa
1509 5361 1639 5422 Aupurtus
1654 5362 1723 5423 pstor
1740 5361 1793 5407 suls
1808 5372 1867 5420 per·

239 5459 311 5503 canet
328 5451 449 5517 sacellus.

324 5539 385 5602 443)
406 5553 431 5587 r.
450 5551 515 5600 quae
533 5536 564 5584 ad
582 5550 624 5599 ep.
643 5537 683 5584 111
702 5533 803 5585 ss-tt
822 5536 937 5585 dicturus
955 5550 1021 5586 sum.
1692 5567 1694 5570 ι

324 5625 383 5689 444)
403 5625 506 5673 Hieron.
526 5623 601 5685 epist.
624 5620 680 5682 123,
704 5620 735 5671 18
759 5620 793 5669 ad
811 5622 915 5671 Furtum
938 5626 1011 5685 aluus
1029 5622 1173 5685 savinam,
1197 5635 1300 5684 morum
1318 5621 1396 5668 attero
1414 5618 1488 5667 Probi
1506 5616 1633 5681 quondam
1651 5617 1862 5681 causationum,

240 5713 317 5764 puero
334 5709 458 5770 Gildonis,
477 5711 519 5773 qul
537 5707 653 5768 Africam
671 5710 760 5770 tenult,
780 5708 843 5771 tilla.

325 5794 384 5859 145)
406 5796 510 5845 Hieron.
530 5795 607 5859 epist.
628 5793 669 5844 51.
