4744 6476
1055 1487 1405 1631 mesonma.
1494 1626 1497 1635 Α

879 1719 938 1785 ΑΙ)
961 1719 1240 1788 THEODOSIVM
1261 1720 1584 1789 IMPERATOREM.

506 1898 535 1959 1.
583 1895 781 1976 Symmachus
812 1894 854 1956 ad
888 1894 1083 1957 Theodosium
1112 1896 1341 1975 imperatorem:
1378 1893 1508 1959 boatum
1537 1893 1602 1960 ium
1632 1898 1802 1981 parvulum
1832 1920 1954 1981 mcum,
1993 1900 2047 1966 cui

415 1997 503 2082 pium
527 1997 642 2063 adrisit
666 2046 673 2060 .
694 2047 701 2060 .
722 2046 758 2061 ..
785 1994 961 2059 Arusianus
983 1999 1115 2060 Messius
1143 1999 1200 2059 Vll
1216 2017 1249 2079 p.
1268 2000 1332 2059 458
1355 1999 1431 2061 Keil.
1457 2018 1484 2062 s.
1510 2018 1540 2061 u.
1566 1996 1685 2063 Arrisit
1705 2003 1762 2064 illi.
1809 2022 1908 2067 nocem
1931 2003 2046 2070 adrisit

416 2105 449 2164 iu
471 2102 536 2165 cod.
562 2104 706 2164 omissam
728 2120 770 2163 ecc
793 2102 930 2163 lemmate
951 2101 1101 2182 supplevi.
2065 2128 2080 2167 s

502 2208 533 2268 2.
581 2206 780 2286 Symmachus
810 2206 852 2267 ad
877 2205 1072 2267 Theodosium
1099 2205 1328 2284 imperatorem:
1364 2202 1467 2267 calere
1495 2202 1659 2288 principes
1689 2205 1774 2270 bonu
1796 2208 1896 2273 verba
1918 2208 2040 2292 largiri.

415 2306 592 2371 Arusianus
615 2311 747 2372 Messius
775 2311 833 2371 Vll
848 2328 881 2390 p.
900 2311 964 2370 489
987 2308 1062 2369 Keil.
1089 2326 1114 2369 s.
1142 2326 1172 2368 a.
1197 2308 1330 2389 Laryiar
1352 2307 1431 2368 hane
1453 2326 1528 2369 rem.

864 2581 922 2646 DE
945 2579 1142 2647 CENSVRA
1163 2579 1256 2647 NON
1278 2579 1591 2646 RESTITVENDA.
1642 2680 1647 2685 η

500 2758 530 2821 3.
578 2755 670 2834 Quae
692 2759 882 2839 tempestato
906 2759 1053 2819 resecuta
1075 2759 1135 2818 est.
1181 2753 1221 2835 cs.
1245 2773 1278 2835 p.
1305 2756 1378 2834 108,
1405 2757 1458 2817 ut.

993 3028 1054 3094 EX
1076 3026 1216 3093 LIBRIS
1239 3026 1452 3093 INOERTIS.
2061 3056 2094 3098 eo

499 3207 529 3267 4.
577 3207 720 3267 Retinetis
747 3204 967 3286 facundissimi
987 3203 1162 3284 Symmachi
1189 3204 1337 3264 enimium
1365 3204 1493 3266 dictum:
1527 3208 1636 3285 specta
1658 3201 1798 3268 feliciter
1819 3202 1947 3269 virtutis
1969 3205 2040 3271 eius

411 3311 596 3389 augmenta,
623 3304 678 3389 qui
701 3304 814 3371 differo
837 3304 971 3372 laudare
994 3304 1161 3389 pfincipiu.
1211 3306 1348 3369 Cassiod.
1373 3325 1442 3369 aar.
1469 3310 1513 3367 111
1533 3310 1548 3369 1
1571 3309 1625 3387 fin.

498 3412 530 3473 5.
577 3411 638 3472 Sed
666 3413 696 3473 si
722 3412 850 3492 pudoris
872 3413 972 3474 nostri
989 3410 1115 3493 fecisses
1137 3419 1298 3493 utcumque
1320 3413 1485 3491 rationem,
1519 3411 1785 3492 Symmachianum
1811 3413 1888 3474 illud
1909 3420 1937 3475 te
1958 3415 2041 3496 cayi-

410 3522 477 3575 tare
503 3534 567 3601 par
593 3514 715 3596 suerat:
749 3520 784 3578 ut
812 3533 889 3579 vera
918 3513 992 3579 laus
1021 3518 1130 3592 ornat,
1164 3511 1212 3577 iia
1241 3510 1326 3576 falsu
1356 3511 1505 3595 castigat.
1553 3510 1652 3595 Apoll.
1683 3513 1751 3576 Sid.
1783 3534 1830 3596 ep.
1863 3518 1936 3577 VIII
1958 3521 1989 3596 4,
2017 3518 2033 3578 1

415 3616 476 3699 (ld,
505 3620 549 3695 l).
597 3619 689 3680 illam
715 3620 892 3679 seutentiam
919 3618 1110 3679 saecularem
1136 3617 1256 3698 quedem
1283 3616 1337 3677 sed
1358 3617 1449 3678 valde
1471 3618 1574 3679 utilem
1596 3618 1774 3698 capitemus:
1809 3622 1844 3681 ut
1864 3637 1942 3682 vera
1966 3618 2037 3682 laus
2059 3644 2091 3684 ιε

410 3724 517 3800 ornet,
550 3719 597 3784 ito
625 3719 711 3784 falsa
737 3718 885 3801 castigat.
934 3722 1076 3782 Caesarii
1097 3716 1214 3783 Arctoi.
1239 3720 1317 3782 hom.
1343 3722 1397 3783 25.
1444 3722 1609 3802 hlaryariu
1631 3721 1668 3781 dc
1690 3721 1723 3782 la
1743 3723 1861 3804 Biync,
1894 3723 2038 3783 Maxima

409 3822 543 3886 biblioth.
568 3833 626 3887 act.
649 3832 736 3906 patr.
762 3824 905 3906 Luyduui
925 3845 956 3887 a.
984 3826 1067 3887 1677
1072 3873 1078 3887 .
1105 3832 1174 3886 tom.
1200 3826 1274 3885 Vll!
1290 3842 1323 3904 p.
1340 3826 1415 3884 845.
1474 3824 1692 3886 Verecundiam
1720 3827 1818 3906 mayis
1848 3827 2038 3887 incurrimus

409 3927 487 3989 illud
509 3927 676 3991 doctissimi
697 3930 761 3989 viri
781 3928 823 3989 ad
845 3930 981 3989 animum
1000 3928 1217 4009 producentes,
1250 3928 1304 4009 qui
1324 3928 1423 3988 drusii:
1458 3924 1541 3990 sicut
1563 3945 1639 3990 veru
1661 3925 1732 3989 laus
1755 3932 1855 4008 ornat7
1883 3926 1930 3992 sic
1952 3926 2038 3991 falsa

408 4029 558 4112 castigat.
608 4033 710 4114 Pelay.
734 4050 807 4112 pap.
835 4032 921 4112 epist.
947 4033 967 4091 8
995 4030 1050 4112 (9).
1111 4102 1115 4109 ‚

495 4140 526 4200 u.
574 4135 773 4216 Symmachus
788 4137 848 4197 sie:
874 4133 974 4199 verba
988 4131 1066 4199 dare
1081 4132 1201 4217 captivi
1216 4137 1274 4212 est,
1301 4138 1468 4215 argentum
1483 4130 1560 4197 dure
1576 4130 1740 4197 satellitis.
1784 4134 1888 4215 Seryii
1901 4135 2029 4216 cupiam.
2054 4156 2085 4198 ro

408 4242 441 4301 iu
463 4248 561 4302 artem
582 4241 705 4322 Donati,
731 4241 777 4300 IV
793 4258 826 4318 p.
844 4241 908 4301 488
931 4239 1009 4300 Keil.
