4746 6472
495 454 627 522 CCVIII
1023 451 1291 543 cumanensem
1308 450 1595 510 sYnuAcnmuA.

496 679 538 745 cf.
564 678 641 744 VIII
667 681 704 741 12
739 679 844 762 retipio
878 682 957 741 enim
989 681 1088 761 napis
1118 680 1178 760 fide
1211 680 1309 741 animi
1342 678 1491 741 metienda
1524 688 1569 742 est
1600 697 1692 759 quam
1721 682 1919 742 ostentatione
1947 680 2120 743 verborum.

500 804 535 863 11
561 801 667 884 relepio
697 801 777 861 enirn
804 800 863 881 fide
887 801 1020 880 pectoris
1048 801 1237 862 continetur:
1272 802 1304 861 in
1332 799 1492 862 verboram
1520 800 1626 880 officiis
1655 800 1727 862 tutet
1751 801 1932 882 pleramque
1958 802 2122 864 simulatio.

496 920 545 984 IX
564 921 606 982 92
628 940 701 983 narn
720 921 901 1002 plerumque
923 919 1029 1001 officiis
1051 920 1218 982 simulator
1240 920 1377 1001 adfectio,
1404 922 1557 982 amicitiae
1578 928 1680 983 0111010
1702 922 1865 983 sinceritas
1881 923 2012 1002 pectoris
2027 924 2126 1006 inopis

493 1042 581 1123 fidem
602 1042 737 1123 postutat
759 1060 851 1123 0000
874 1040 1074 1102 detenimento
1095 1042 1255 1103 sermonis.
1301 1039 1376 1104 illas
1402 1038 1562 1123 epistulas
1592 1059 1663 1105 cum
1693 1038 1803 1122 aliqua
1827 1040 2054 1124 probabilitate
2077 1041 2126 1106 ul-

496 1159 584 1225 timis
606 1159 683 1224 anni
703 1163 763 1224 397
787 1158 953 1224 mensibus
975 1158 1106 1224 attribui
1127 1178 1223 1244 posse
1246 1178 1344 1243 supra
1364 1159 1429 1224 iam
1446 1159 1603 1225 vidimus:
1628 1159 1662 1224 in
1677 1158 1728 1224 his
1743 1158 1829 1225 idem
1845 1167 1974 1245 tempus
1990 1159 2122 1242 indicat,

495 1280 581 1363 quod
605 1279 818 1365 Symmachus
840 1278 890 1343 IX
912 1282 950 1342 91
983 1279 1087 1345 amico
1116 1279 1159 1345 ad
1188 1278 1340 1344 honorem
1362 1280 1500 1362 aliquem
1524 1279 1694 1345 sublimem
1717 1285 1828 1345 evecto
1851 1281 2047 1363 gratulatum
2081 1281 2125 1346 si-

495 1399 624 1484 qnidem
647 1400 822 1466 Minervius
845 1398 1027 1465 comitivam
1049 1419 1153 1464 rerum
1177 1400 1373 1485 privatarum
1396 1407 1463 1465 tum
1486 1407 1666 1485 acceperat.
1713 1420 1744 1464 v.
1771 1421 1802 1484 p.
1829 1400 1959 1466 CXLII.

582 1521 629 1585 IX
653 1523 706 1586 93.
735 1523 788 1587 94.
819 1558 864 1567 —·
892 1522 933 1585 93
956 1523 1087 1604 pipnora
1109 1530 1216 1583 nostra
1237 1524 1467 1584 coninnoeimns.
1514 1520 1573 1586 hoc
1598 1527 1665 1587 tam
1688 1519 1733 1585 ad
1754 1539 1856 1585 annos
1882 1523 2051 1585 392-394
2080 1522 2121 1604 (v.

496 1663 528 1727 p.
548 1640 616 1724 LII)
643 1660 740 1724 quam
763 1639 806 1705 ad
827 1663 858 1705 a.
885 1645 944 1705 401
975 1640 1017 1723 (v.
1042 1660 1075 1723 p.
1094 1639 1228 1723 LXXII)
1257 1640 1369 1706 referri
1391 1646 1505 1725 potest,
1533 1660 1629 1723 quam
1652 1640 1884 1706 dubitationem
1908 1640 2005 1706 solvit
2026 1641 2120 1726 epist.

497 1766 550 1826 94.
596 1762 739 1845 queritur
768 1760 853 1827 enim
875 1760 910 1829 iu
931 1780 972 1826 ea
994 1759 1221 1844 Symmachus,
1256 1759 1343 1842 quod
1364 1760 1488 1826 amicus
1510 1761 1543 1826 in
1567 1761 1644 1827 urbe
1666 1766 1854 1846 expectatus
1875 1766 1926 1845 pio
1948 1763 2048 1826 aecta
2069 1762 2124 1823 tlo-

497 1886 574 1946 mini
595 1893 622 1947 et
641 1884 794 1965 principis
817 1885 916 1946 nostri
936 1882 977 1944 ad
999 1884 1100 1944 votivo
1122 1884 1315 1945 remeaverit.
1361 1901 1445 1964 quae
1468 1885 1569 1945 votiva
1597 1880 1677 1946 nihil
1706 1880 1798 1946 aliud
1826 1880 1970 1947 indicare
1993 1888 2126 1965 possunt

496 2023 591 2086 quam
622 2002 823 2067 consulatum
851 1999 1065 2086 imperatoris,
1099 2000 1142 2065 ad
1164 2021 1260 2084 quem
1282 2001 1339 2068 ille
1361 2007 1512 2067 evocatus
1535 2008 1595 2067 est.
1642 2021 1715 2066 cum
1738 2000 1837 2085 igitur
1858 2000 2018 2067 Honorius
2040 2022 2122 2067 anno

498 2124 560 2186 402
583 2122 694 2187 consul
717 2121 862 2205 quintum
884 2120 1084 2207 processerit,
1111 2121 1171 2186 has
1194 2121 1349 2206 epistulas
1371 2141 1455 2186 anno
1478 2126 1537 2185 401
1563 2127 1701 2187 exeunte
1725 2121 1861 2207 scriptas
1882 2140 1955 2187 esse
1978 2128 2077 2206 patet.

582 2242 630 2306 IX
658 2244 825 2306 103-107
854 2241 895 2308 de
924 2242 1068 2327 sportula
1096 2240 1234 2325 nuptiali
1264 2261 1296 2306 a.
1322 2246 1380 2305 401
1415 2249 1552 2308 exeunte
1579 2241 1692 2307 amicis
1722 2242 1822 2307 missa
1850 2242 2022 2325 loquuntur
2049 2246 2118 2307 104.

501 2365 572 2429 106.
602 2367 678 2441 107;
712 2363 753 2429 de
781 2362 982 2448 mancipibus
1012 2361 1186 2427 salinarum
1214 2361 1357 2428 indicum
1386 2362 1506 2427 auxilio
1534 2361 1684 2428 iuvandis
1719 2365 1778 2427 103
1808 2368 1840 2427 01
1869 2366 1941 2428 105.
1988 2362 2122 2429 alteram

361 2572 364 2577 .
498 2504 609 2551 earum
638 2483 685 2549 ad·
710 2482 907 2569 praefectum
937 2483 1008 2549 urbi
1031 2482 1183 2563 Decium,
1217 2482 1351 2547 alteram
1381 2482 1424 2548 ad
1452 2481 1651 2566 praefectum
1680 2502 1828 2547 annonae
1859 2482 2010 2568 scriptam
2034 2491 2118 2569 puto.

497 2604 614 2688 quibus
636 2604 794 2688 corporati
817 2603 904 2669 urbis
926 2604 1047 2669 Romae
1069 2601 1204 2668 subiecti
1227 2610 1329 2669 erant.

584 2723 634 2789 IX
659 2727 719 2787 112
741 2723 785 2789 ad
807 2724 944 2790 Probum
967 2743 998 2788 0.
1025 2727 1088 2788 370
1111 2730 1249 2788 exeunte
1271 2722 1404 2805 missam
1428 2742 1509 2804 esse,
1537 2723 1631 2789 docui
1651 2723 1687 2788 in
1709 2723 1785 2788 adn.
1812 2726 1864 2787 49.

582 2843 633 2909 IX
659 2847 717 2909 113
740 2844 837 2929 paulo
860 2850 933 2928 post
955 2842 1079 2909 Celsini
1100 2843 1219 2909 Titiani
1242 2850 1375 2909 mortem
1398 2844 1486 2925 data,
1511 2864 1542 2908 a.
1570 2846 1631 2907 300
1655 2851 1805 2910 exeunte.
1851 2865 1883 2909 v.
1909 2865 1941 2928 p.
1968 2844 2050 2911 CVI.

581 2965 629 3029 IX
656 2969 714 3028 115
738 2983 801 3029 11011
823 2964 925 3029 multo
947 2971 1019 3049 post
1040 2965 1297 3049 proconsulatum
1321 2963 1550 3049 aSymmacho
1573 2963 1753 3047 depositum
1773 2965 1902 3048 scripta,
1928 2971 2051 3031 aestate
2067 2973 2123 3031 aut

495 3092 649 3151 autumno
672 3105 703 3149 a.
730 3087 805 3148 375.
852 3105 882 3149 v.
909 3083 984 3153 adn.
1015 3087 1086 3149 152.

1049 3549 1187 3631 111117
1218 3548 1295 3631 122
1327 3548 1452 3630 ANNI)
1480 3550 1566 3631 394.

586 3740 644 3801 117
670 3737 882 3822 Symmachus
911 3736 1049 3822 pretium
1078 3758 1135 3824 pro
1164 3737 1241 3803 feris
1270 3738 1303 3803 in
1326 3745 1528 3820 quaesturam
1553 3738 1611 3804 filii
1633 3740 1827 3824 comparatis
1848 3748 2012 3821 1111110101,
2049 3745 2119 3805 119.

498 3862 558 3923 120
582 3878 716 3924 munera
737 3856 921 3941 quaestoria
942 3857 1054 3924 amicis
1076 3858 1184 3924 mittit.
1224 3879 1307 3942 quae
1329 3857 1446 3938 omnia,
1474 3878 1546 3924 cum
1569 3858 1668 3925 editio
1689 3879 1800 3926 meuse
1820 3860 1990 3927 Decembri
2011 3882 2042 3925 a.
2061 3864 2121 3926 394
2185 3910 2198 3925 ,

496 3980 659 4045 celebrata
680 3977 731 4058 sit,
757 3977 868 4062 primis
890 3977 966 4042 anni
989 3978 1153 4061 sequentis
1175 3978 1341 4045 mensibus
1362 3978 1449 4044 facta
1471 3998 1544 4044 esse
1567 3986 1667 4064 patet.
1715 4002 1746 4046 v.
1771 4001 1803 4065 p.
1830 3981 1948 4046 LVIII.

585 4101 644 4161 122
673 4097 714 4163 de
740 4097 896 4180 Magnillo
924 4097 1044 4164 indicio
1073 4099 1230 4165 criminali
1257 4094 1404 4164 absoluto
1432 4099 1587 4181 loquitur,
1622 4120 1717 4183 quarn
1747 4120 1877 4166 causam
1907 4101 1993 4167 inter
2021 4120 2121 4166 annos

495 4221 559 4285 393
582 4226 615 4286 et
637 4220 699 4283 395
722 4217 877 4301 agitatam
900 4237 982 4301 0000,
1008 4240 1041 4305 p.
1067 4220 1170 4287 clau
1198 4219 1248 4303 (cf.
1274 4219 1424 4303 CXXIX)
1451 4219 1555 4285 docui.

1151 4448 1460 4457 ——---——-

1045 4684 1299 4769 111124-126
1330 4685 1455 4767 laha
1483 4685 1568 4768 396.

584 4875 643 4936 125
667 4891 777 4939 mense
800 4871 929 4938 Octobri
950 4872 1089 4958 Neapoli
1117 4873 1195 4940 data
1223 4881 1291 4957 est,
1325 4875 1380 4941 nbi
1403 4875 1588 4960 Symmachi
1610 4875 1668 4941 illo
1690 4894 1802 4941 mense
1824 4896 1854 4940 0.
1881 4878 1944 4941 396
1967 4877 2118 4959 agebant.

494 5014 526 5058 v.
552 5015 584 5078 p.
610 4993 714 5058 LXII.
761 4992 916 5075 congruit,
943 4993 1029 5077 quod
1050 4994 1084 5059 in
1107 4994 1203 5079 epist.
1232 4997 1292 5059 124
1315 4994 1357 5061 06
1380 4996 1600 5062 Florentinum
1623 4995 1823 5082 praetectum
1845 4995 1917 5061 urbi
1939 4995 2060 5080 scripta
2082 4995 2122 5062 de

493 5112 604 5197 inopia
626 5113 778 5179 frumenti
801 5132 905 5179 sermo
927 5120 992 5195 est,
1026 5133 1089 5197 qua
1110 5113 1217 5181 hieme
1239 5136 1270 5181 a.
1296 5118 1393 5200 396t7
1418 5116 1529 5182 urbem
1552 5116 1735 5197 laborasse,
1762 5115 1797 5184 iu
1818 5115 1894 5181 adn.
1921 5118 1979 5181 321
2006 5117 2122 5201 proba-

494 5233 611 5299 vimus.
654 5234 824 5318 proconsnl
849 5230 987 5318 deniqne
1002 5234 1142 5318 Abicite,
1167 5257 1332 5320 penerosae
1350 5239 1490 5321 [anitiae
1513 5241 1573 5318 vir,
1599 5236 1786 5321 Symmachi
1807 5235 1925 5319 affinis,
1952 5235 2004 5302 cui
2027 5236 2119 5321 epist.

499 5356 558 5417 126
583 5353 682 5420 missa
703 5359 771 5438 est,
804 5353 937 5419 Anicius
960 5355 1116 5422 Probinus
1139 5355 1240 5423 fuisse
1264 5356 1406 5439 videtur,
1433 5378 1529 5440 quem
1551 5358 1658 5424 hieme
1681 5378 1712 5423 a.
1738 5359 1835 5443 396t7
1859 5355 2042 5442 provinciae
2064 5356 2123 5422 ad-

493 5473 756 5553 ministrationem
789 5474 901 5540 tuilsse
931 5482 963 5541 et
990 5477 1125 5541 oratoris
1153 5476 1281 5542 domum
1312 5477 1468 5544 affinitate
1498 5478 1645 5560 quamvis
1674 5477 1753 5544 satis
1784 5484 1905 5544 remota
1934 5476 2118 5560 contigisse,

493 5614 527 5679 p.
552 5593 612 5660 CII
633 5600 666 5660 et
688 5594 742 5661 CV
765 5594 993 5661 demonstravi.

1155 5804 1462 5814 ———-—----.—
