4722 6470
494 460 619 529 CXXII
1025 454 1291 513 cusonouodln
1309 454 1595 512 sumemus.

492 684 527 752 in
557 684 656 752 otium
684 682 768 750 ruris
797 703 1000 751 reversurum
1029 682 1148 765 inisse,
1182 680 1266 748 hano
1293 682 1464 769 epistulam
1494 700 1566 747 cnm
1595 679 1737 765 quadam
1767 680 1995 767 probabilitate
2016 682 2129 749 eidem

492 824 587 887 anuo,
614 824 677 890 quo
699 808 740 869 47
764 810 797 872 at
819 806 860 870 48
882 802 1115 870 adscribamus.
2055 802 2062 809 '

580 928 622 991 27
646 924 821 992 Flavianus
843 922 1066 1008 magistratum
1089 922 1228 1007 aliquem
1252 920 1456 1008 depositurus
1479 928 1564 1005 erat,
1596 919 1631 987 in
1652 942 1715 1007 quo
1737 920 1910 1007 diligentia
1932 921 2003 989 eius
2025 943 2068 990 ea
2091 944 2128 991 re

493 1044 632 1111 maxime
661 1044 794 1129 agnosci
823 1044 942 1131 potuit,
975 1043 1133 1126 quomodo
1163 1062 1289 1108 cursum
1313 1043 1475 1128 publicum
1498 1042 1703 1108 instruxisset
1724 1049 1758 1109 et
1778 1043 1890 1110 titulos
1913 1043 2043 1110 fiscales
2066 1065 2128 1112 ex-

491 1164 630 1249 egisset3
663 1186 747 1249 qnae
777 1185 912 1231 munera
939 1164 1025 1231 iufra
1053 1162 1242 1248 dignitatem
1271 1162 1493 1248 praefecturae
1522 1170 1596 1228 suut
1624 1182 1728 1246 neque
1756 1169 1962 1248 quaesturam
1993 1165 2127 1232 omnino

492 1286 692 1371 comingnut.
740 1306 811 1352 cum
834 1284 933 1369 igitur
954 1285 1129 1351 vicariatus
1151 1303 1172 1348 a
1194 1282 1386 1367 Symmacho
1409 1282 1572 1367 expressis
1594 1282 1700 1349 verbis
1722 1283 1995 1368 excludatnrilil,
2021 1292 2127 1352 restat

491 1426 532 1474 ex
555 1406 702 1474 omuibus
724 1404 872 1473 Flaviani
894 1405 1068 1471 honoribus
1090 1404 1161 1469 sola
1183 1401 1315 1468 Siciliae
1337 1402 1559 1485 consularitas,
1586 1423 1681 1488 quam
1704 1405 1806 1488 gessit
1826 1404 1941 1471 eodem
1963 1410 2121 1491 tempore,

491 1548 554 1611 qno
577 1525 791 1615 Symmachus
813 1532 970 1593 corrector
991 1524 1155 1590 Lucaniae
1177 1529 1210 1589 et
1232 1522 1426 1589 Bruttiorum
1450 1529 1528 1606 erat,
1555 1544 1586 1589 a.
1612 1525 1685 1605 385,
1713 1544 1790 1607 ergo
1812 1523 1964 1611 deposuit
1986 1532 2044 1593 ant
2065 1547 2126 1593 eo-

492 1647 566 1716 dem
588 1669 673 1716 aunu
695 1654 752 1715 aut
772 1645 966 1730 insequenti.

579 1772 630 1835 28.
657 1770 785 1837 stt-32
819 1766 946 1834 duabus
980 1763 1128 1851 epistulis
1151 1767 1191 1828 28
1220 1768 1254 1830 et
1282 1762 1378 1850 38)31
1416 1763 1628 1848 Symmachus
1662 1763 1751 1830 litem
1784 1764 1927 1849 aliquam
1961 1766 2125 1851 perditam

490 1889 694 1969 lamentatur,
721 1908 804 1974 qnae
828 1907 890 1955 non
914 1888 1017 1953 solum
1040 1906 1107 1952 rem
1129 1883 1323 1951 familiarem
1346 1883 1524 1950 sedetiam
1547 1883 1815 1952 existimationem
1837 1884 1909 1951 eius
1931 1885 2025 1970 gravi
2047 1888 2123 1954 vul-

490 2030 566 2079 nere
589 2010 828 2093 adieceratllll,
853 2006 887 2073 in
910 2006 1005 2074 tertia
1029 2009 1070 2072 32
1092 2005 1134 2072 de
1156 2005 1244 2071 mala
1266 2004 1393 2071 fortuna
1416 2004 1618 2089 conqueritur
1639 2024 1775 2089 eumque
1790 2005 2011 2074 condicionem
2027 2026 2123 2074 suam

490 2151 563 2199 esse
585 2130 672 2215 oluit,
699 2136 734 2196 ut
755 2127 860 2215 patria
882 2129 1009 2193 custodi
1026 2148 1085 2211 per
1107 2127 1249 2209 inprobos
1271 2125 1383 2210 possit.
1423 2124 1532 2209 itaque
1553 2125 1630 2191 illas
1645 2125 1887 2210 coniungendas
1903 2146 1988 2209 esse,
2015 2148 2123 2214 paene

489 2258 620 2334 canum,
648 2250 732 2318 hauc
752 2248 787 2315 iu
810 2248 896 2316 idem
917 2255 1044 2334 tempus
1066 2245 1230 2329 incidisse,
1257 2244 1326 2312 veri
1348 2244 1546 2310 simillimum
1569 2253 1629 2312 est.
1668 2264 1773 2311 annus
1795 2251 1903 2313 autem
1927 2250 1992 2312 389
2015 2269 2057 2315 ex
2080 2269 2122 2315 ea

490 2394 523 2441 ra
546 2372 739 2457 agnoscitur,
767 2370 852 2455 quod
874 2370 915 2437 de
938 2366 1108 2455 tyrannide
1130 2365 1263 2432 Maximi
1285 2365 1383 2450 paulo
1404 2370 1479 2432 aute
1501 2364 1591 2431 finita
1613 2386 1717 2432 sermo
1739 2370 1864 2452 88888).

577 2496 618 2559 89
641 2514 672 2558 v.
699 2490 741 2559 ad
764 2511 816 2578 ep.
845 2493 939 2557 1-3.

576 2615 703 2679 38--82
727 2632 758 2681 v.
782 2613 826 2679 ad
848 2632 900 2699 ep.
926 2613 979 2676 28.

578 2736 619 2799 33
642 2732 829 2801 relationem
852 2730 966 2798 vicarii
988 2731 1021 2796 iu
1043 2722 1192 2795 Flaviani
1214 2748 1329 2795 manus
1351 2732 1519 2793 venturam
1541 2748 1614 2795 esse
1637 2726 1731 2809 dicit,
1766 2729 1851 2812 quod
1878 2729 1950 2825 heri
1972 2753 2037 2798 nou
2060 2754 2121 2819 po-

488 2854 559 2939 tuit,
585 2853 646 2921 nisi
670 2874 741 2921 oum
764 2858 914 2937 quaestor
935 2858 1023 2918 esset
1050 2852 1183 2935 (aestate
1206 2871 1237 2916 a.
1264 2852 1326 2914 382
1349 2867 1450 2930 usque
1473 2848 1517 2914 ad
1537 2847 1676 2914 hiemem
1698 2869 1736 2914 a>
1756 2851 1881 2936 382l3).

577 2978 659 3041 338.
686 2980 850 3041 senatores
872 2972 997 3057 aliquos
1020 2972 1106 3058 apud
1123 2970 1313 3038 Flavianum
1337 2975 1502 3035 accusatos
1525 2968 1629 3034 iorum
1651 2975 1835 3055 competens
1858 2970 2029 3038 observare
2051 2974 2122 3039 ius-

489 3094 542 3163 sit.
590 3100 771 3162 seuatorum
799 3100 906 3160 autem
937 3095 1039 3160 forum
1068 3099 1125 3159 aut
1151 3091 1240 3176 apud
1261 3090 1459 3176 praelectum
1484 3089 1554 3155 urbi
1576 3096 1646 3155 erat
1667 3096 1723 3156 aut
1744 3090 1833 3175 apud
1856 3091 2050 3178 principem,
2082 3094 2119 3161 id

489 3223 539 3284 est
567 3221 786 3301 quaestorem,
818 3214 873 3299 qui
902 3234 974 3282 cum
1003 3212 1077 3280 aliis
1108 3211 1286 3279 consistorii
1308 3209 1475 3277 comitibus
1497 3208 1626 3276 nomine
1650 3210 1788 3294 Augusti
1810 3211 1954 3278 iudicare
1977 3214 2115 3281 solebat.

488 3335 570 3403 haec
602 3334 701 3420 igitur
734 3334 873 3421 epistula
906 3355 968 3401 non
1001 3332 1043 3399 ad
1072 3332 1221 3399 Flaviani
1254 3337 1460 3414 quaesturam
1490 3330 1661 3396 referenda
1689 3338 1740 3397 ast
1769 3351 1874 3414 neque
1904 3333 1946 3398 ad
1976 3334 2120 3417 aliquem

487 3456 711 3541 magistratum
734 3454 897 3537 minorem,
924 3454 977 3521 oui
999 3474 1040 3520 ea
1061 3452 1195 3520 iubendi
1217 3458 1360 3538 potestas
1383 3470 1446 3515 nou
1469 3456 1674 3536 competeret,
1702 3450 1762 3517 sed
1783 3450 1826 3518 ad
1849 3474 1945 3518 uuam
1966 3475 2007 3520 ex
2022 3476 2119 3541 prae-

487 3576 617 3644 fecturis
641 3576 711 3644 eius
734 3598 765 3643 a.
792 3578 853 3642 383
876 3582 933 3642 aut
955 3576 1138 3640 388-394.

573 3702 613 3765 84
637 3696 885 3765 8881888888]
909 3696 1070 3783 priuatum
1093 3693 1223 3779 scripta,
1249 3690 1303 3777 qni
1328 3690 1404 3758 inde
1427 3691 1469 3758 ah
1492 3712 1522 3756 a.
1542 3694 1605 3758 388
1623 3692 1858 3779 praefecturam
1874 3715 1939 3761 non
1954 3695 2113 3781 deposuit.

573 3820 613 3885 38
637 3838 669 3885 v.
694 3816 738 3885 ad
760 3839 812 3904 ep.
842 3820 933 3881 1-8.

572 3942 612 4005 88
636 3935 850 4025 Symmachus
873 3936 1029 4022 rescripta
1050 3935 1093 4002 ad
1116 3933 1288 4018 collegium
1313 3931 1496 4019 pontificum
1520 3933 1617 4000 mittit
1635 3935 1699 4017 (34,
1719 3936 1785 4019 24),
1812 3935 1897 4019 quod
1918 3935 1981 4002 uisi
2000 3938 2116 4004 summi

484 4058 518 4127 ln
540 4059 618 4127 urhe
641 4057 850 4143 magistratus
872 4058 941 4124 iure
965 4057 1072 4124 lacere
1094 4074 1159 4122 non
1180 4054 1302 4142 potuit;
1329 4054 1470 4141 epistula
1491 4052 1590 4138 igitur
1610 4054 1644 4121 iu
1666 4054 1902 4139 praefecturam
1924 4056 1995 4123 eius
2018 4059 2115 4125 urba-

485 4200 559 4246 nam
581 4201 612 4246 a.
638 4180 786 4245 384-88
810 4178 909 4245 cadit.
956 4176 1096 4260 loquitur
1117 4182 1224 4243 autem
1248 4175 1290 4242 de
1312 4181 1430 4257 statua,
1456 4195 1552 4259 quam
1574 4174 1717 4260 virgines
1740 4175 1889 4242 Vestales
1911 4177 2115 4247 Praetextato

484 4299 610 4385 erigere
631 4299 818 4379 rolueruut3
849 4298 904 4383 qui
925 4318 998 4365 cum
1022 4296 1143 4364 ultimis
1166 4318 1197 4363 a.
1225 4299 1286 4362 384
1311 4295 1477 4363 mensibus
1499 4295 1584 4361 diem
1607 4296 1723 4363 obierit
1745 4295 1908 4381 honorque
1929 4298 1987 4365 ille
2010 4299 2114 4384 magis

484 4428 607 4488 mortuo
629 4441 725 4505 quam
748 4420 822 4486 vivo
845 4418 1026 4501 conveniat,
1053 4417 1225 4504 epistulam
1247 4436 1332 4483 anno
1355 4419 1416 4481 385
1439 4415 1613 4503 incipiente
1636 4416 1787 4502 scriptam
1810 4425 1898 4503 puto.

569 4544 609 4607 st
633 4562 664 4609 r.
689 4541 733 4608 ad
755 4562 807 4628 ep.
837 4543 930 4606 1-3.

568 4820 627 4883 888)
649 4818 693 4885 88,
712 4818 745 4871 88
763 4820 819 4869 uuio
837 4822 860 4867 te
878 4818 1009 4869 adsutum
1027 4819 1119 4867 lmcrtu
1136 4819 1247 4877 mustus·
1266 4815 1378 4867 uidelicet
1395 4820 1423 4866 ut
1441 4818 1486 4866 suh
1504 4820 1617 4867 ucwmm
1634 4816 1788 4878 conscotinus
1805 4818 1844 4867 oet
1862 4823 1975 4881 tuom,
1996 4821 2018 4867 sl
2034 4819 2114 4869 adhue

481 4910 571 4957 ratim
587 4910 746 4971 potantur,
766 4906 815 4955 ost
833 4906 983 4955 otcarius
1000 4906 1243 4968 praestaturus,
1269 4919 1332 4967 quus
1349 4904 1394 4953 tihi
1410 4906 1519 4965 poscenti
1535 4918 1616 4967 nequa
1634 4904 1791 4968 mundarit,
1812 4904 1956 4967 8889884488
1974 4911 2032 4954 tuae
2050 4910 2113 4956 tutto

479 4994 619 5055 dicuutur,
645 5008 707 5057 quus
728 4995 805 5057 postu
823 4992 962 5053 8848884888,
990 4998 1168 5055 quaternium
1186 4993 1308 5041 animulis
1324 4991 1472 5054 contumuit,
1497 4997 1521 5040 et
1539 5006 1586 5054 quo
1603 4997 1729 5056 apparatu
1748 4995 1892 5042 mamerto
1907 4997 2063 5056 minuas,
2089 4999 2112 5043 et

482 5084 602 5143 quantum
620 5084 647 5130 in
665 5081 743 5129 sunus
761 5078 886 5144 8888848888
904 5078 1031 5140 tripudia
1050 5083 1093 5128 tun
1111 5094 1172 5127 curu
1188 5081 1346 5140 promosset.

567 5166 626 5225 888)
648 5166 689 5227 88,
710 5166 727 5217 8
749 5166 849 5217 dominu
870 5170 953 5215 nostro
976 5167 1136 5215 iuuiedrsr'mo
1156 5167 1264 5227 punatpl
1285 5164 1418 5213 Theodosio
1435 5179 1530 5227 suuper
1547 5166 1660 5227 Aupnsto
1677 5164 1780 5227 dipuure
1798 5178 1940 5228 qucrere,
1964 5181 2016 5217 nou
2030 5169 2112 5228 pluris

480 5252 549 5315 apud
571 5268 610 5303 m
634 5254 735 5303 similius
756 5254 838 5302 culm
862 5267 935 5316 quum
959 5251 1073 5313 furuum:
1097 5250 1189 5303 hum
1205 5251 1235 5301 de
1253 5266 1290 5301 me
1308 5251 1429 5301 Merum
1444 5255 1555 5313 parentis
1571 5253 1665 5314 potuer·
1682 5255 1860 5301 eouoewotoris
1876 5256 1926 5302 met
1943 5256 2023 5303 cotuh
2039 5258 2113 5301 mute·

478 5352 543 5402 pono
559 5340 718 5401 putrimordo.
756 5339 798 5399 88,
821 5339 851 5389 18
875 5352 972 5399 ament,
997 5352 1029 5387 ue
1053 5340 1173 5400 moeipr’ur
1193 5338 1276 5385 utinm
1295 5351 1343 5399 pru
1364 5337 1471 5387 chuntis
1496 5341 1674 5388 airttmutione
1697 5344 1820 5387 sedamen
1843 5343 1917 5401 utque
1939 5343 1967 5388 in
1984 5344 2007 5388 te
2024 5339 2110 5401 utique

479 5425 537 5475 edlu
560 5424 716 5489 datorqum
753 5424 796 5483 81,
819 5423 848 5474 lh
872 5428 899 5473 ul
922 5426 997 5473 844888
1014 5423 1111 5487 affin,
1138 5427 1219 5473 cuuth
1237 5424 1357 5473 88888888
1374 5424 1558 5477 amisardum.
1594 5424 1670 5490 rideo,
1692 5431 1813 5488 quantun
1831 5427 1905 5474 lirant
1921 5428 2029 5474 mentm.
2065 5425 2109 5474 88-

479 5512 538 5562 ma·
555 5524 580 5561 ss
596 5524 693 5561 moram
709 5524 826 5561 muns.

566 5598 624 5661 888)
647 5596 689 5661 88,
711 5598 725 5647 l
749 5599 836 5661 quitur
860 5600 1042 5660 rmum
1066 5600 1201 5658 toppum
1219 5600 1288 5658 quta
1305 5600 1397 5647 melota
1414 5606 1481 5648 suut.
1520 5598 1562 5653 88,
1585 5598 1616 5649 18
1634 5613 1684 5647 uon
1700 5602 1762 5662 puto
1780 5615 1834 5649 euru
1852 5613 1940 5648 mut
1957 5613 2024 5647 meuc
2042 5599 2111 5647 88888

478 5684 629 5747 amptum
645 5684 812 5734 moseum
828 5684 954 5745 summm.
975 5697 1038 5746 quur
1055 5683 1099 5731 rut
1118 5688 1224 5747 tyrum
1242 5684 1304 5745 fult,
1323 5688 1393 5733 missa
1411 5688 1499 5735 titteris
1517 5686 1550 5734 ud
1570 5686 1709 5735 hamtune·
1725 5690 1903 5748 munaum
1920 5686 1986 5735 duro
2003 5684 2111 5734 maa

479 5785 544 5820 meur
562 5776 608 5820 sele
624 5786 675 5819 8888
692 5772 817 5821 muttuloa
857 5770 922 5833 qnod
939 5774 965 5819 ln
981 5772 1125 5833 prmryyrier'
1146 5774 1229 5834 (quam
1249 5772 1359 5822 Monimo
1376 5774 1481 5835 dixerut>
1503 5772 1712 5835 defensionem
1729 5776 1806 5823 turni.
