4716 6476
931 513 1046 568 LIBER
1065 513 1159 571 VlllI.
1796 519 1858 581 245

232 700 303 768 eius
330 701 563 768 mediocritatis
591 708 658 783 est,
691 709 726 768 ut
755 703 872 769 emisse
900 702 1049 770 delectet.
1097 704 1169 771 ideo
1198 724 1270 770 cnm
1300 705 1421 791 possim
1443 706 1503 773 tibi
1523 707 1651 789 legibus
1674 706 1805 773 obviare
1827 713 1860 773 et
1881 710 1919 770 Π

232 804 392 870 desiderio
414 803 499 881 eins,
526 804 616 869 ouius
639 824 690 869 res
713 811 867 889 aguntur,
894 806 1061 889 obsistere,
1087 807 1213 893 copiam
1236 816 1345 874 tamen
1367 809 1460 893 facio,
1487 817 1523 876 ut
1544 811 1630 894 quod
1651 810 1779 894 argenti
1801 809 1859 876 de-

232 906 338 973 dimus
360 906 530 987 venditori,
556 907 590 972 id
612 907 734 973 homini
755 926 827 974 meo
850 910 983 993 Euscio,
1011 911 1063 977 cui
1085 930 1210 977 summa
1232 919 1383 997 conperta
1407 919 1467 994 est,
1494 912 1634 996 digneris
1657 913 1855 997 expendere:

232 1011 259 1076 si
282 1017 391 1076 mmen
412 1016 585 1096 praeoptas
607 1018 717 1077 nostm
739 1012 873 1079 mercari
896 1033 993 1095 qnam
1015 1020 1072 1080 tua
1094 1034 1180 1080 nexu
1203 1013 1413 1098 obligationis
1435 1017 1614 1083 absolvere.

887 1254 1001 1320 xxxi
1023 1254 1202 1338 (xxvm).

872 1408 932 1474 uo
955 1408 1213 1476 GARTERIVM.

316 1581 408 1660 Quod
431 1579 644 1646 deferendum
667 1599 775 1646 socero
797 1587 875 1661 erat,
902 1580 993 1646 ouius
1015 1588 1047 1645 te
1069 1580 1239 1647 momordit
1261 1582 1417 1665 querella,
1445 1591 1652 1667 conpetenter
1673 1583 1707 1649 iu
1729 1585 1860 1669 Epicte-

232 1691 297 1750 tum
329 1691 492 1749 conmotus
518 1683 661 1768 inplesti.
709 1690 797 1749 caret
823 1682 891 1749 foro
920 1690 954 1749 et
977 1682 1179 1751 inconsultae
1208 1683 1339 1767 linguae
1369 1685 1507 1768 pretium
1535 1686 1625 1769 tulit,
1659 1707 1698 1752 ac
1727 1687 1859 1772 siquid

232 1786 310 1851 mibi
339 1776 459 1867 credis,
495 1786 707 1852 contumeliae
738 1786 857 1853 talione
887 1794 1047 1853 correctus
1077 1793 1137 1853 est.
1184 1807 1270 1853 nunc
1295 1787 1459 1871 ingenium
1482 1796 1570 1854 tuum
1593 1809 1761 1872 moresque
1784 1811 1860 1857 eon-

186 1911 214 1951 so
233 1889 377 1955 siderans
405 1888 499 1956 flecte
524 1889 567 1955 ad
589 1888 717 1955 veniam
739 1889 933 1975 placabilem
956 1891 1162 1956 voluntatem.
1211 1890 1275 1956 scis
1297 1891 1530 1957 causidicorum
1554 1912 1652 1977 saepe
1674 1892 1859 1977 inprovidos
1882 1900 1901 1958 ‘2

232 1993 360 2077 lapsus,
395 2000 428 2059 et
456 2013 527 2058 enm
550 2013 681 2059 ornares
702 1993 877 2059 tribunalia
899 2000 974 2059 ante
999 1994 1167 2073 defensor,
1200 2001 1273 2078 post
1295 1994 1439 2077 cognitor
1460 1994 1636 2079 iurgiorum
1658 1997 1736 2063 tales
1759 1997 1860 2063 advo-

232 2095 366 2161 cationis
389 2115 508 2162 errores
529 2095 718 2181 plerumque
740 2096 929 2180 repressisti.
970 2097 1026 2163 sed
1049 2097 1127 2180 quia
1148 2117 1232 2164 nunc
1255 2098 1367 2182 aliqui,
1393 2118 1527 2182 quorum
1549 2104 1619 2165 tuta
1633 2098 1757 2183 flagitia
1771 2109 1856 2182 sunt,

232 2197 368 2284 Epicteti
389 2199 485 2264 amici
506 2199 571 2265 mei
593 2199 721 2266 silentio
743 2201 935 2281 claruerunt,
962 2220 1097 2283 quaeso,
1125 2221 1166 2266 ne
1188 2200 1244 2266 din
1266 2200 1461 2268 infortunato
1484 2202 1591 2286 potius
1614 2223 1711 2287 quam
1733 2205 1860 2271 nocenti

232 2301 365 2384 patiaris
385 2301 501 2367 inludi.
549 2301 646 2368 faciet
667 2303 716 2368 vir
736 2303 957 2387 amplissimus
980 2302 1156 2369 communis
1179 2303 1287 2387 frater,
1313 2304 1470 2387 quidquid
1492 2311 1524 2371 te
1546 2306 1632 2372 velle
1655 2308 1855 2390 cognoverit3
1884 2311 1902 2373 3

188 2426 215 2466 is
233 2404 291 2470 erit
319 2404 416 2471 etiam
445 2404 501 2470 ille
531 2413 695 2490 promptus
721 2407 765 2472 ad
794 2405 1027 2472 restituendum
1057 2406 1089 2472 ei
1109 2426 1226 2472 munus
1248 2407 1378 2489 orandi,
1412 2406 1439 2471 si
1462 2408 1635 2474 voluntatis
1657 2416 1733 2475 tuae
1755 2416 1861 2475 sumat

232 2507 395 2574 indicium.
441 2514 475 2574 tu
504 2509 599 2574 modo
627 2509 801 2594 benignam
829 2515 968 2575 mentem
998 2510 1114 2575 litteris
1136 2510 1217 2575 meis
1239 2509 1384 2595 adplica,
1405 2516 1449 2581 ,et
1469 2511 1526 2594 qni
1547 2518 1642 2596 togae
1664 2512 1787 2579 amicus
1809 2533 1856 2594 es,

233 2611 322 2677 cuius
345 2612 442 2677 laude
466 2630 563 2696 supra
584 2612 667 2678 alios
690 2611 899 2696 splenduisti,
925 2620 958 2677 et
980 2612 1113 2679 honesto
1136 2612 1240 2680 ordini
1261 2620 1369 2679 notam
1392 2612 1527 2681 detrahe
1550 2622 1583 2681 et
1604 2615 1724 2681 homiui
1746 2636 1859 2700 pamm

234 2720 324 2780 cauto
346 2720 478 2798 rogatus
500 2714 642 2799 ignosce.

871 2954 1002 3021 xxxo
1022 2956 1215 3041 (xxmuu.

187 3128 215 3170 n
875 3111 935 3175 nn
958 3111 1213 3177 naumurum.

317 3282 454 3348 Solebas
475 3282 625 3364 antehac,
653 3302 724 3348 cum
746 3282 961 3349 tribunalibus
983 3283 1214 3368 praesiderem,
1240 3284 1300 3350 fori
1321 3284 1443 3351 tirones
1466 3285 1690 3352 commendare
1712 3286 1856 3366 iudiciis;

233 3385 317 3468 quod
346 3405 431 3451 nunc
458 3385 598 3452 officium
621 3406 716 3452 versa
738 3386 923 3454 condicione
946 3387 1093 3473 suscepi,
1125 3388 1182 3471 qui
1204 3388 1390 3473 magisterio
1413 3395 1467 3454 tuo
1490 3388 1710 3456 causidicinae
1731 3390 1860 3458 insinno

233 3488 430 3553 candidatos.
476 3482 546 3573 qua'
569 3489 602 3553 in
632 3510 666 3555 rc
696 3510 802 3555 meum
832 3510 966 3558 necesse
996 3499 1046 3557 est
1075 3492 1220 3576 sequaris
1246 3493 1447 3577 exemplum,
1480 3499 1515 3558 ut
1536 3513 1602 3575 qua
1624 3493 1779 3561 facilitate
1801 3496 1860 3562 obe

232 3592 313 3659 latos
336 3613 357 3658 a
377 3599 409 3658 te
432 3592 617 3676 frequenter
638 3593 772 3674 admisi,
799 3593 914 3660 eadem
937 3594 1093 3679 religione
1117 3595 1275 3680 suscipias
1296 3614 1385 3662 meos
1408 3616 1460 3661 me
1482 3594 1650 3662 adsertore
1674 3596 1857 3681 productos.

187 3849 216 3892 n
894 3832 1194 3919 xxxmuxx).

317 4002 543 4069 Adsectatores
565 4003 666 4087 diligo
688 4004 880 4086 litterarum,
912 4026 976 4071 non
998 4006 1084 4090 quod
1106 4005 1184 4070 mihi
1207 4027 1278 4072 cum
1301 4007 1422 4073 talibus
1445 4006 1560 4074 studiis
1583 4008 1625 4074 eit
1646 4009 1714 4073 ulla
1736 4029 1857 4092 cogno-
1879 4012 1913 4075 F

233 4105 290 4183 tio,
317 4106 375 4171 scd
397 4106 473 4190 quia
496 4106 652 4191 professio
675 4107 828 4173 bonarum
852 4108 967 4175 artium
990 4109 1084 4191 quasi
1106 4109 1326 4194 pulchritudo,
1353 4111 1450 4177 etiam
1472 4111 1506 4176 in
1528 4110 1635 4177 alieno
1659 4131 1789 4197 corpore
1812 4112 1860 4178 lo

233 4216 304 4275 cata
326 4209 476 4276 delectat.
524 4209 637 4276 merito
660 4210 920 4277 Valentinianum
950 4230 1125 4295 congressu
1156 4211 1233 4277 mihi
1263 4212 1402 4298 primore
1431 4220 1616 4297 conpertum
1646 4214 1762 4280 litteris
1784 4235 1860 4301 pro-

233 4313 324 4396 sequi
346 4310 486 4379 officium
509 4334 615 4379 meum
639 4312 735 4397 duxi,
767 4321 804 4379 nt
825 4315 856 4381 ei
879 4317 968 4401 apud
990 4323 1022 4382 te
1045 4315 1181 4399 primam
1204 4316 1335 4382 monam
1357 4335 1449 4383 mens
1472 4335 1576 4383 sermo
1599 4324 1773 4399 reseraret,
1800 4338 1859 4383 sua

187 4434 214 4476 ao
232 4414 299 4481 vita
318 4422 416 4500 atque
438 4415 576 4484 eruditio
598 4416 784 4484 conciliaret
805 4418 981 4486 amicitiam
1003 4419 1191 4506 pleniorem.
1238 4420 1321 4486 vale.

879 4660 1041 4725 xxxnu
1062 4660 1211 4745 (xxm).

318 4827 482 4912 Religiosa
512 4848 588 4895 cura
616 4837 681 4913 est,
715 4852 799 4914 quae
828 4832 1002 4898 amicorum
1031 4833 1143 4899 liberis
1173 4833 1357 4917 exhibetur,
1389 4834 1578 4919 praesertim
1602 4835 1630 4900 si
1653 4834 1856 4900 familiaritas
1879 4837 1916 4897 Π

232 4929 341 4997 delata
369 4931 542 4998 maioribus
573 4934 752 5000 cumuletur
779 4935 901 5003 meritis
926 4936 1147 5021 posteriorum.
1194 4936 1229 5001 in
1250 4956 1318 5003 rem
1340 4945 1541 5023 praesentem
1565 4945 1689 5024 spectat
1711 4937 1859 5022 praefata

320 5207 331 5259 1
351 5206 421 5277 ideo]
444 5209 616 5273 Wiupeudorp,
636 5212 698 5261 adeo
717 5212 765 5275 (Π)

318 5295 332 5344 'l
352 5293 528 5363 deferendum]
545 5297 617 5358 uoce,
637 5297 824 5347 defendendum
843 5298 891 5361 (11)
1032 5300 1060 5348 11
1082 5303 1147 5350 tales
1163 5302 1336 5351 aduocatiouis
1355 5316 1450 5351 errores
1468 5304 1616 5365 plerumque
1632 5299 1786 5370 repressisti]
1803 5318 1855 5366 ceo,

232 5381 289 5430 talis
306 5381 478 5431 aduocationis
495 5384 584 5432 erroris
602 5384 751 5446 plerumque
769 5386 853 5433 resisti
872 5383 903 5445 Γ,
922 5386 979 5433 tulis
997 5387 1165 5436 aduocatiouis
1183 5390 1260 5437 errori
1278 5389 1395 5438 restitisti
1414 5389 1462 5451 (11)
1604 5388 1634 5436 13
1654 5384 1767 5454 comati]
1784 5390 1856 5451 aare,

232 5468 361 5518 innocenti
380 5467 428 5532 (11)
535 5469 565 5518 11
584 5484 673 5533 parum
691 5476 764 5520 cauto
782 5469 895 5538 rogetus]
913 5470 942 5532 Γ,
964 5487 1037 5533 paras
1055 5487 1111 5522 mea
1130 5480 1158 5523 nt
1175 5478 1302 5535 surrogatus
1320 5474 1352 5523 11

316 5553 350 5603 2³
368 5557 481 5617 sequeris
499 5554 547 5619 (11)
985 5597 988 5602 .

317 5640 350 5690 26
368 5646 529 5692 usenstoms
547 5640 594 5705 ΡΙ,
614 5649 750 5694 comoros
768 5641 806 5691 F²
909 5642 1034 5712 cognatio]
1053 5646 1169 5709 Lppsius,
1190 5648 1299 5707 cognitio
1318 5649 1341 5695 F
1452 5646 1482 5696 27
1502 5648 1622 5709 profectio
1642 5648 1663 5693 F
1669 5646 1677 5683 ¹
1783 5649 1857 5696 etiam

231 5728 257 5776 iu
275 5724 370 5794 alieno]
389 5726 441 5792 (Γ),
463 5731 491 5778 in
503 5729 584 5778 alieno
596 5732 672 5778 etiam
685 5728 729 5790 F1,
749 5731 777 5779 iu
790 5731 871 5780 alieno
883 5737 952 5780 esset
964 5728 1001 5779 Fi
1104 5730 1137 5781 28
1156 5732 1274 5781 delectati
1291 5730 1326 5781 Ρ1
1430 5734 1638 5782 Valentinianum
1657 5730 1802 5800 congressu]
1819 5734 1856 5793 11,

231 5814 356 5862 osiontiui
374 5828 533 5875 congressum
552 5816 576 5865 F
676 5817 784 5878 prImore
801 5823 957 5879 compertum
975 5817 1012 5879 ΙΙ,
1031 5819 1111 5883 primo
1128 5824 1256 5881 repertum
1275 5820 1298 5865 F
