4744 6476
911 459 1025 514 LIBER
1042 458 1125 513 Vllll
1147 460 1202 525 (11).
1808 468 1871 527 269

250 643 382 708 lectione
405 651 514 710 contra
536 645 642 710 omnia
665 646 810 712 fortunae
832 646 898 711 tela
920 647 1079 713 timaus?
1106 648 1237 732 diguam
1261 650 1328 713 viro
1351 649 1484 715 adsume
1507 651 1703 735 patientium,
1731 658 1763 716 et
1785 673 1869 734 quae
1893 656 1929 713 Π

251 745 365 810 mumri
393 755 570 830 nequeunt,
603 748 723 814 desiste
752 750 875 832 lugere.
923 751 1044 818 leviora
1073 751 1131 816 tibi
1154 759 1271 816 cuncta
1293 761 1366 835 post
1386 752 1555 836 inprobum
1577 774 1732 836 generum
1754 754 1873 819 debent

251 847 361 912 videri.
409 869 464 914 cur
491 857 598 915 autem
627 852 747 936 torpori
777 860 874 936 atque
903 853 968 919 otio
998 874 1093 919 vaces
1123 861 1155 919 ct
1178 855 1359 939 patrimonii
1381 856 1560 938 neglegens
1584 856 1732 922 feriatum
1756 877 1871 942 pascas

250 948 411 1014 dolorem?
447 971 542 1017 curae
571 953 636 1017 sint
657 954 713 1019 tibi
738 955 892 1036 reliquiae
915 976 1021 1021 rerum
1042 963 1185 1036 tuarum,
1222 975 1302 1038 quas
1326 957 1522 1023 facinorosus
1543 959 1673 1023 invasor
1695 959 1871 1025 exhaustas

219 1074 231 1113 ι
249 1060 281 1116 ct
302 1053 426 1117 laceras
447 1054 592 1137 reliquit,
618 1076 659 1121 ne
681 1057 715 1121 in
736 1057 787 1122 bis
809 1057 1007 1142 reipublicae
1029 1059 1274 1123 necessitatibus
1298 1067 1486 1143 recuperata
1508 1068 1687 1126 sustentare
1710 1081 1772 1125 non
1795 1081 1871 1146 pos-

151 1184 155 1187 *
249 1153 303 1231 sis,
330 1175 413 1237 qnae
435 1156 524 1240 prius
547 1157 667 1223 amissa
689 1166 939 1245 contempseras.

885 1452 1042 1519 cxxnn
1068 1453 1227 1537 (cuno).

331 1617 483 1684 Coactum
514 1626 545 1684 te
574 1619 650 1685 licet
678 1621 824 1704 fatearis,
859 1632 900 1689 nt'
915 1625 1090 1708 scriberes,
1124 1644 1184 1707 ego
1207 1631 1314 1691 minen
1336 1647 1399 1691 non
1421 1628 1527 1692 minus
1549 1634 1715 1711 acceptum
1739 1627 1796 1692 tibi
1819 1647 1870 1692 re·
1941 1602 1957 1617 ³

162 1713 168 1717 ’
247 1720 329 1800 lero,
363 1721 447 1803 quod
478 1742 529 1787 me
559 1723 624 1787 stili
653 1724 772 1790 honore
801 1724 952 1809 dignatus
983 1748 1036 1810 cs,
1070 1748 1166 1809 quarn
1193 1729 1220 1792 si
1244 1728 1303 1793 boc
1326 1737 1438 1813 sponte
1460 1730 1606 1796 fecisses.
1654 1729 1712 1795 sed
1734 1730 1865 1809 videris,

202 1844 228 1883 ιι
246 1822 299 1905 qui
329 1821 428 1888 fucrit
456 1832 566 1890 auctor
594 1827 734 1893 muneris
764 1828 862 1907 tanti;
896 1829 974 1894 mihi
1004 1850 1046 1896 ex
1076 1830 1143 1895 illis
1165 1830 1280 1896 litteris
1303 1852 1366 1896 non
1388 1833 1485 1897 bonos
1508 1839 1648 1914 tantum,
1683 1836 1737 1896 scd
1758 1833 1869 1917 gaudii

245 1923 366 1989 fructum
384 1926 501 1992 evenit.
543 1927 640 1993 didici
663 1930 748 1995 enim
771 1939 949 1997 commeatu
972 1933 1146 1998 annonario
1169 1934 1394 2001 convalescere
1419 1936 1506 2001 orbis
1529 1935 1733 2001 securitatem
1756 1936 1869 2001 simul-

245 2046 305 2107 que
335 2046 387 2091 res
416 2029 559 2094 turbidas
587 2031 621 2095 in
650 2032 855 2115 tranquillum
885 2034 1002 2099 redire.
1048 2056 1131 2119 quae
1158 2037 1259 2117 bona,
1293 2038 1354 2102 etsi
1376 2036 1504 2103 honoris
1526 2039 1572 2103 tui
1595 2040 1771 2105 necessitas
1794 2059 1869 2104 con-

244 2129 363 2211 iungit,
397 2149 502 2194 meum
530 2138 638 2199 minen
668 2136 809 2201 animum
838 2143 1002 2219 tamquam
1033 2137 1198 2223 duplicata
1226 2139 1387 2205 iuverunt.
1434 2141 1492 2206 sed
1516 2142 1667 2207 ulteriora
1690 2149 1868 2207 metuentes

245 2230 385 2296 nondum
412 2232 523 2317 explet
552 2234 603 2300 bic
633 2239 778 2319 nuntius,
812 2240 965 2321 quamdiu
995 2240 1028 2305 in
1058 2242 1194 2306 alteram
1217 2262 1356 2308 messem
1379 2244 1531 2328 procedat
1554 2245 1635 2311 ratio
1658 2246 1865 2310 conditorum.

200 2333 340 2399 sciscito
369 2333 467 2416 igitur
488 2337 605 2419 sciam,
639 2340 718 2422 quid
739 2341 894 2409 invehant
916 2343 1037 2409 horreis
1059 2344 1130 2410 dies
1152 2345 1289 2427 singuli,
1324 2353 1359 2412 ut
1380 2347 1530 2432 voluptas
1552 2347 1606 2412 otii
1632 2349 1693 2413 mci
1716 2369 1786 2412 cum
1810 2368 1869 2432 pa-

245 2436 324 2501 triae
346 2435 447 2521 copiis
468 2447 637 2521 augeatur.

938 2736 1057 2804 cxxv
1084 2738 1167 2823 (ιιι).

328 2914 368 2978 Α.
394 2913 426 2978 d.
453 2922 578 2981 sentum
601 2913 669 2977 lral.
688 2908 862 2975 Novembr.
880 2911 1082 2991 quaestoriae
1105 2909 1255 2976 editionis
1277 2911 1418 2976 exordiis
1440 2912 1596 2978 interesse
1620 2933 1670 2978 me
1693 2914 1863 3000 praecipis.

244 3015 337 3083 buius
373 3016 569 3083 evocationis
606 3015 728 3081 litteras
758 3020 833 3078 ante
863 3012 994 3077 biduum
1024 3014 1176 3097 temporis
1206 3014 1387 3098 praestituti
1417 3015 1502 3080 circa
1528 3015 1698 3100 Neapolim
1730 3018 1863 3102 sumpsi.

198 3126 372 3204 repurgat,
399 3128 434 3186 ut
456 3120 558 3199 vides,
584 3117 763 3183 absentiam
787 3135 891 3180 meam
914 3116 1030 3199 longas
1052 3117 1175 3182 itineris
1197 3124 1317 3182 tractos
1341 3124 1373 3182 et
1394 3116 1566 3183 functionis
1589 3118 1659 3184 dies
1682 3120 1861 3204 proximus:

244 3223 301 3288 sed
331 3222 395 3288 diis
423 3222 609 3288 iuvantibus
628 3219 721 3304 fuldu
744 3218 939 3303 spectaculis
961 3218 1077 3285 vestris
1100 3220 1304 3303 conpensabo
1326 3220 1473 3303 obsequii
1496 3220 1558 3286 mei
1582 3220 1735 3287 debitum.
1783 3243 1867 3286 nunc

244 3325 356 3390 veniae
385 3325 513 3391 dandae
542 3325 670 3389 facilem
697 3342 817 3406 quaeso
845 3330 877 3387 te
905 3321 1080 3407 praebeas:
1114 3342 1218 3404 neque
1246 3322 1330 3389 enim
1359 3322 1497 3401 tuaest,
1529 3331 1564 3388 nt
1585 3331 1674 3390 tanto
1698 3324 1866 3410 dispendio

243 3447 312 3493 meo
335 3427 431 3494 etiarn
454 3429 551 3511 culpa
572 3427 734 3509 iungatur.

920 3715 1058 3784 oxum
1081 3716 1180 3799 (nro.

197 3914 225 3955 aa
327 3891 485 3975 Propositi
513 3898 608 3973 atque
636 3888 757 3971 ingenii
787 3888 850 3953 mei
879 3894 929 3953 est
958 3908 1066 3952 eorum
1094 3888 1214 3952 famam
1244 3909 1372 3969 curare,
1406 3910 1486 3973 quos
1516 3891 1636 3975 diligo;
1669 3891 1726 3957 tibi
1757 3900 1863 3958 autem

242 3996 313 4078 plus
335 4015 386 4059 me
409 3992 528 4058 favans
550 3992 725 4077 inpendere
748 3991 893 4056 bortatur
922 3989 1082 4055 adfinitas.
1129 3990 1278 4072 quocirca
1308 3993 1500 4077 inpatienter
1527 3993 1609 4073 fero,
1645 3996 1863 4079 apparitorum

243 4097 370 4163 somniis
393 4100 521 4162 senatui
541 4094 692 4176 nuntiari,
719 4093 804 4176 quod
826 4093 961 4159 Romam
982 4092 1094 4178 populi
1117 4094 1327 4175 magistratus
1350 4096 1466 4161 abesse
1489 4096 1639 4179 patiaris,
1668 4103 1700 4162 et
1721 4097 1753 4162 in
1776 4104 1862 4163 tuam

242 4200 350 4266 reterri
380 4198 553 4279 invidiam,
586 4196 672 4280 quod
701 4192 824 4282 patriae
853 4195 1033 4262 functiones
1063 4197 1104 4261 ab
1135 4196 1282 4261 obnoxiis
1309 4196 1511 4262 deseruntur.
1564 4198 1600 4264 id
1630 4199 1689 4264 etsi
1716 4199 1801 4266 falso
1832 4201 1863 4265 in

241 4323 334 4368 aures
367 4302 514 4388 publicas
543 4320 714 4386 praesumo
742 4300 916 4385 perlatum,
954 4299 1071 4383 fungor
1098 4305 1207 4364 tamen
1235 4298 1268 4362 iu
1297 4299 1499 4366 admonendo
1529 4302 1670 4387 parentis
1699 4302 1804 4368 officio
1833 4311 1866 4369 et

195 4428 223 4469 ιι
242 4405 404 4490 deprecor,
433 4412 468 4470 ut
489 4403 603 4469 ceteris
625 4401 910 4475 administrationis
933 4408 1008 4467 tuae
1029 4400 1179 4466 laudibus
1202 4400 1286 4466 hunc
1308 4421 1434 4485 quoqne
1456 4403 1599 4485 titulum,
1625 4405 1666 4471 de
1689 4424 1750 4487 quo
1772 4407 1864 4471 labo-

240 4526 364 4589 ramus,
398 4507 533 4573 adicias.
580 4526 678 4590 grave
708 4504 826 4590 quippe
855 4511 920 4584 est,
954 4511 989 4569 ut
1017 4523 1194 4586 generosae
1224 4503 1366 4569 familiae
1397 4504 1464 4569 viro
1487 4508 1620 4572 summis
1642 4527 1700 4592 per
1722 4504 1906 4573 assant

240 4609 454 4675 tribunalibus
484 4609 632 4695 praeside
661 4608 853 4689 colleganum
883 4606 1029 4673 nonnulli
1060 4605 1169 4670 munia
1191 4606 1335 4670 Romana
1363 4606 1541 4674 detrectent
1570 4615 1602 4674 et
1630 4630 1733 4675 annus
1760 4631 1864 4695 paene

241 4713 432 4779 editionibus
454 4732 575 4778 uacuus
597 4710 815 4797 proconsulari
837 4709 965 4795 lastipio
986 4709 1101 4792 gignat
1120 4707 1287 4773 invidiam.
1334 4709 1467 4775 audiant
1494 4718 1598 4793 certe,
1632 4713 1686 4795 qui
1713 4713 1864 4779 deserunt

325 5060 340 5109 3
360 5056 487 5127 furtatum]
510 5057 566 5121 (Γ),
588 5059 693 5108 feriatus
712 5058 764 5119 (Π)

327 5145 357 5195 lo
376 5142 464 5213 bonos]
484 5146 591 5203 Lectius,
611 5158 677 5194 onus
697 5144 750 5206 (Π)
866 5143 909 5192 aad
928 5136 1024 5210 gaudit]
1042 5156 1094 5204 epo,
1114 5145 1199 5203 gaudit
1217 5145 1261 5191 ssd
1281 5143 1333 5205 (Π)
1456 5145 1481 5193 11
1505 5147 1661 5193 securitatem
1681 5161 1799 5195 assasse
1819 5161 1860 5195 co·

238 5232 319 5280 dicem
337 5233 479 5281 constitisse
502 5230 570 5291 (Π),
596 5234 708 5292 sequitur
723 5245 748 5291 p.
771 5228 830 5292 273,
852 5228 897 5291 26;
923 5230 981 5292 tiata
1003 5230 1122 5290 epistulae
1145 5230 1204 5277 tadu
1221 5245 1237 5277 o
1255 5230 1382 5291 simulque
1401 5233 1520 5290 epistotae
1538 5232 1555 5277 2
1572 5232 1627 5279 libri
1646 5233 1669 5279 Χ
1686 5235 1792 5282 insertus
1809 5240 1861 5283 erut

242 5321 274 5377 (a.
291 5334 318 5379 p.
339 5316 399 5380 217,
418 5315 458 5377 28)
486 5318 608 5378 simulque
631 5319 730 5375 cumo,
756 5330 817 5377 quoe
835 5319 970 5379 aequuum
986 5329 1062 5377 usque
1079 5315 1113 5363 od
1128 5330 1155 5376 p.
1177 5315 1235 5377 273,
1257 5315 1303 5377 21,
1329 5319 1357 5365 bu
1374 5316 1463 5364 libr-orm
1481 5318 1505 5363 Χ
1522 5319 1653 5367 translato.
1687 5319 1861 5379 portabatur

237 5406 355 5464 epistulae
372 5406 501 5452 reclausit
517 5403 589 5464 Suae,
607 5404 702 5464 reliquo
719 5402 776 5451 aoso
793 5401 854 5449 ttbro
871 5400 967 5450 reddidi
984 5415 1028 5461 epo
1164 5400 1195 5449 12
1214 5416 1253 5450 res
1271 5399 1396 5466 turbidas]
1414 5415 1466 5463 eqo,
1485 5405 1604 5453 restitum
1624 5405 1676 5465 (Π)
1800 5419 1859 5453 coo·

238 5486 333 5556 longit]
350 5504 404 5551 cuo,
424 5492 528 5550 contigit
549 5489 610 5551 (Π),
631 5490 717 5548 longit
735 5486 761 5535 Γ
862 5486 892 5536 13
911 5485 1041 5553 ulteriora]
1059 5502 1113 5548 cuo,
1134 5490 1220 5536 altiora
1240 5487 1294 5549 (ῙῙ)
1404 5487 1434 5535 11
1452 5486 1584 5554 quamdiu]
1603 5489 1631 5551 Γ,
1653 5504 1716 5553 qnae
1737 5490 1789 5551 (Π)

323 5575 357 5625 211
375 5573 475 5642 longus]
496 5573 552 5637 (Γ),
571 5576 670 5635 lougius
689 5573 722 5621 Π
821 5571 851 5622 21
873 5569 957 5639 tultis]
975 5588 1027 5635 epo,
1049 5576 1135 5623 multis
1155 5573 1207 5635 (Π)

323 5659 356 5709 27
375 5663 479 5710 notsrlts
497 5668 585 5709 scorto
605 5660 658 5723 (Π)
776 5658 809 5709 28
828 5660 852 5706 ld
872 5656 933 5725 etsi]
951 5661 1058 5717 ronaco,
1079 5661 1146 5709 idam
1165 5662 1186 5707 si
1206 5659 1238 5707 Π
1356 5659 1387 5708 32
1407 5656 1566 5725 collegarum]
1584 5661 1691 5719 Iuratus,
1712 5662 1812 5717 colligar
1831 5662 1863 5709 11

237 5746 270 5797 33
288 5748 427 5797 olitoribus
449 5744 493 5807 (Γ)
599 5743 712 5813 fastigio]
731 5748 835 5805 rocetos,
858 5746 957 5792 fastidio
976 5745 1009 5793 Π
