4722 6470
498 427 623 495 CXXX
1029 425 1294 484 uulzouomcll
1313 422 1598 483 sYuuAcfflAuA.

501 660 587 720 retur
612 654 653 736 (r.
679 674 711 739 p.
734 652 876 737 XLIII),
910 651 968 719 sed
996 652 1121 718 nullum
1148 671 1277 735 quoque
1298 650 1398 716 alium
1419 650 1454 715 in
1475 649 1569 716 fastis
1591 648 1680 715 illius
1702 648 1855 735 temporis
1875 648 2044 734 invenies,
2078 649 2138 733 qui

498 794 614 840 nomen
636 793 707 839 eum
730 772 855 840 laetitia
875 772 1111 856 quodammodo
1134 770 1336 838 coniunctum
1355 770 1513 837 habuerit.
1554 790 1611 856 pro
1626 772 1798 835 9999919919
1812 769 1912 854 igitur
1927 769 2137 836 scribendum

498 913 572 961 esse
594 892 690 960 credo
712 896 955 978 proconsularis,
981 913 1047 976 qua
1068 889 1191 958 ratione
1214 890 1317 957 omnis
1341 890 1497 957 dubitatio
1519 889 1651 956 tollitur.

584 1012 707 1094 Quodsi
720 1013 864 1080 Hilarius
885 1018 995 1080 noster
1015 1012 1134 1079 Furiae
1156 1019 1250 1098 pater
1271 1017 1350 1094 erat,
1376 1031 1508 1077 uxorem
1530 1010 1600 1077 eius
1623 1008 1844 1096 7769999961)
1872 1016 1930 1077 aut
1950 1009 2055 1077 filiam
2079 1015 2138 1076 aut

500 1156 640 1203 sororem
661 1135 752 1201 Furii
773 1134 889 1201 Maeoii
911 1132 1048 1200 Gracchi
1059 1134 1108 1218 630)
1143 1132 1246 1199 fuisse
1267 1150 1401 1198 necesse
1423 1138 1490 1214 est,
1523 1130 1578 1214 qui
1599 1129 1785 1217 praefectus
1807 1130 1879 1196 urbi
1901 1151 1932 1196 a.
1959 1134 2136 1196 376-377

499 1277 631 1343 specum
652 1256 789 1322 Mithrae
812 1254 970 1322 destruxit
978 1257 1045 1337 ⁰³¹).
1084 1253 1183 1319 Furia
1205 1253 1291 1319 enim
1314 1260 1347 1318 et
1367 1272 1484 1319 nomen
1506 1249 1578 1318 eius
1601 1250 1739 1336 primum
1760 1250 1864 1335 gessit
1883 1256 1918 1317 et
1937 1272 1959 1317 a
1980 1250 2138 1318 Cornelia

499 1376 715 1443 Gracchorum
744 1382 846 1441 matre
874 1373 1032 1459 originem
1061 1372 1270 1456 9196991167).
1317 1371 1418 1438 frater
1446 1370 1535 1454 eius,
1567 1370 1624 1454 qui
1651 1370 1686 1437 in
1711 1370 1878 1437 iuventute
1899 1377 2046 1438 mortuus
2071 1379 2133 1453 est,

499 1496 688 1562 Blaesillam
710 1496 786 1561 Iulii
801 1494 929 1562 Toxotii
952 1500 986 1561 et
999 1494 1121 1559 Paulae
1144 1491 1244 1558 filiam
1266 1493 1301 1558 in
1321 1491 1557 1557 matrimonium
1579 1490 1791 1574 6999991131),
1816 1490 1889 1575 ipsa
1911 1512 1932 1556 a
1954 1490 2022 1556 6119
2038 1490 2136 1556 Probi

499 1624 573 1683 ante
596 1637 627 1682 a.
651 1620 712 1682 394
735 1615 835 1682 vidua
856 1615 969 1682 relicta
991 1620 1042 1681 est
1068 1616 1109 1697 (v.
1127 1635 1161 1700 p.
1180 1613 1247 1697 (11).
1295 1612 1439 1678 Hilarius
1461 1611 1559 1696 igitur
1580 1630 1653 1677 curn
1675 1611 1823 1676 omnibus
1844 1610 2024 1678 nobilitatis
2048 1611 2136 1677 chri-

498 1737 624 1803 stianae
647 1737 831 1803 ductoribus
853 1734 1037 1802 adfinitates
1058 1733 1217 1799 iunxerat.
1950 1815 1955 1823 ἱ

585 1858 848 1924 Proconsulatum
870 1855 999 1921 Africae
1021 1854 1125 1939 gessit
1146 1855 1205 1919 sub
1227 1852 1475 1938 imperatoribus
1496 1853 1633 1918 Valente
1656 1850 1811 1918 Gratiano
1834 1857 1867 1918 et
1888 1851 2131 1934 Valentiniano,

499 1977 534 2044 id
563 1983 613 2044 est
639 1977 723 2044 inter
750 1997 852 2044 annos
876 1981 937 2040 375
961 1977 1090 2041 91378.
1136 1994 1201 2057 quo
1229 1980 1373 2058 tempore
1395 1979 1563 2058 praeterea
1585 1972 1793 2057 proconsules
1817 1970 2024 2037 innotuerunt
2047 1971 2134 2038 Con-

500 2098 638 2164 stantius
660 2119 691 2164 a.
718 2102 794 2180 375,
822 2095 999 2182 Hesperius
1021 2115 1052 2160 a.
1079 2097 1157 2177 376,
1183 2092 1377 2160 Thalassius
1399 2113 1430 2157 a.
1457 2095 1531 2176 378,
1557 2093 1604 2159 ita
1626 2099 1661 2157 nt
1683 2091 1806 2158 Hilario
1829 2094 1917 2158 solus
1939 2082 2045 2157 annus
2069 2095 2132 2155 377

498 2217 698 2302 relinquatur
736 2218 777 2301 (r.
809 2216 886 2282 adn.
920 2217 1008 2299 153).
1063 2215 1097 2280 in
1133 2213 1336 2299 praefectura
1372 2213 1531 2299 praetorio
1568 2212 1696 2297 legibus
1732 2212 1960 2298 praescribitur
1995 2211 2074 2277 inde
2112 2233 2135 2278 a

499 2339 532 2405 d.
561 2342 599 2403 19
621 2339 714 2404 Mart.
761 2355 863 2422 usque
885 2335 929 2402 ad
950 2337 984 2402 d.
1013 2337 1144 2400 16199.
1169 2356 1201 2399 a.
1227 2337 1290 2399 396
1300 2336 1371 2417 ⁶³⁸),
1396 2333 1430 2398 in
1452 2333 1576 2399 urbana
1598 2333 1630 2399 d.
1658 2333 1789 2398 15199.
1814 2354 1846 2398 a.
1871 2334 2009 2415 408⁶³⁵>.
2058 2332 2133 2417 epi-

499 2459 669 2526 91919996
691 2480 764 2525 eum
786 2456 906 2524 missae
928 2456 1014 2522 omni
1036 2454 1189 2541 temporis
1211 2461 1287 2520 nota
1309 2461 1436 2533 carent,
1468 2453 1533 2519 nisi
1554 2453 1641 2537 quod
1663 2457 1704 2519 36
1727 2459 1759 2518 91
1783 2456 1842 2536 39,
1867 2472 1951 2536 qnae
1974 2451 2014 2518 de
2037 2452 2132 2535 gravi

500 2579 687 2664 Symmachi
709 2580 818 2644 morbo
842 2579 1022 2662 loquuntur,
1048 2576 1185 2642 fortasse
1207 2573 1251 2639 ad
1272 2595 1304 2640 a.
1330 2576 1392 2637 397
1415 2573 1603 2640 referendae
1625 2580 1709 2639 sunt.
1757 2594 1788 2639 v.
1814 2593 1847 2658 p.
1873 2573 1958 2637 LXI.

1159 2801 1468 2811 ————-——-

1021 3007 1076 3091 III
1101 3007 1244 3090 43—45
1271 3004 1336 3087 hu
1364 3004 1599 3091 SIBVRIVM.

584 3199 731 3266 Siburius
759 3205 843 3266 teste
868 3199 1022 3264 Marcello
1050 3196 1085 3262 in
1112 3195 1313 3281 praefatione
1341 3194 1416 3260 libri
1445 3193 1485 3260 de
1515 3193 1760 3260 medicamentis
1781 3193 1897 3260 Gallus
1927 3202 1997 3261 erat
2025 3202 2060 3263 et
2087 3196 2130 3263 de

497 3319 659 3387 medicina
681 3319 819 3406 scripsit.
867 3319 999 3385 fratrem
1022 3317 1092 3383 eius
1115 3323 1340 3382 commemorat
1362 3314 1518 3380 Libanius
1541 3314 1635 3398 epist.
1661 3315 1741 3395 8823
1778 3313 1864 3380 filius
1886 3334 2003 3382 nomeu
2025 3318 2129 3402 patris

497 3440 641 3525 gessisse
663 3448 696 3507 et
717 3440 802 3507 circa
823 3461 854 3506 a.
874 3442 936 3504 399
959 3436 1137 3503 consularis
1152 3435 1357 3502 Palaestinae
1379 3434 1480 3500 fuisse
1502 3433 1704 3519 ridetu1·⁶³⁸).
1743 3434 1814 3519 ipse
1829 3434 2015 3520 praefectus
2030 3457 2127 3522 prae-

497 3562 576 3628 torio
598 3561 829 3647 praescribitur
850 3558 917 3643 legi
940 3558 1035 3624 datae
1058 3556 1199 3622 Treviris
1222 3557 1254 3622 d.
1281 3560 1300 3621 3
1322 3556 1403 3621 Dec.
1428 3576 1459 3620 a.
1486 3558 1621 3639 iiiiii),
1655 3553 1711 3638 qui
1732 3553 1958 3653 magistratus,
1992 3576 2065 3622 oum
2089 3578 2128 3623 eo

496 3688 640 3767 tempore
661 3681 839 3767 Hesperius
861 3680 977 3746 ltaliae
998 3677 1183 3764 praefuerit,
1209 3677 1252 3744 ad
1275 3675 1403 3742 Gallias
1425 3674 1614 3740 referendus
1637 3674 1714 3740 erit.

1156 3903 1463 3914 ———.——-———-—

576 4182 635 4245 629)
656 4183 761 4233 Hieron.
782 4185 859 4245 epist.
880 4182 921 4245 54,
945 4182 955 4231 i
978 4186 1078 4229 9999199
1095 4181 1227 4230 memoriae
1243 4184 1382 4230 99199199
1402 4178 1501 4231 Titiana
1519 4180 1599 4231 mallo
1617 4184 1722 4244 tempere
1739 4178 1850 4243 1911991
1868 4186 1966 4234 merito.

577 4269 637 4331 636)
657 4270 686 4319 C.
706 4272 728 4319 1.
749 4271 778 4320 L.
799 4270 835 4318 71
855 4269 920 4319 1703
940 4270 1040 4318 Rornae.
1080 4268 1183 4329 Cetbepo
1207 4268 1276 4331 o(iro)
1301 4268 1454 4331 ciiuriseimo)
1478 4271 1545 4330 patri
1564 4270 1671 4331 1199199)
1692 4267 1817 4317 Moechiae
1838 4269 1962 4318 Gracchus
1983 4267 2038 4331 9119)
2061 4269 2123 4331 9179-

489 4351 617 4419 919919999).
655 4355 938 4405 0991113172Τ11999.
978 4357 1068 4403 1199199
1087 4353 1197 4403 Maecius
1216 4355 1341 4403 (19999199
1362 4353 1417 4415 9(19)
1443 4353 1616 4420 9699199999)
1640 4361 1760 4405 comatos·
1779 4357 1916 4405 Flaminiae
1937 4360 1961 4402 91
1979 4355 2122 4404 16999199-

489 4445 563 4490 99191
580 4443 729 4491 thermarum
748 4441 878 4491 9199199911.
1988 4429 1989 4434 ’

576 4527 634 4591 631)
657 4529 760 4577 Hieron.
781 4530 855 4590 epist.
878 4526 937 4587 107,
957 4526 973 4575 2
991 4531 1049 4575 9919
1064 4541 1158 4588 paucos
1176 4541 1256 4577 99999
1271 4529 1425 4589 propinquas
1437 4532 1515 4576 999199
1529 4528 1651 4577 (19999199
1662 4529 1815 4577 nobilitatem
1825 4530 1959 4588 patricium
1970 4530 2069 4576 nomiae
2080 4540 2120 4575 99-

488 4628 562 4675 9999,
582 4629 638 4662 oum
653 4614 838 4675 praefecturam
855 4619 945 4676 pareret
962 4614 1094 4673 urbanum,
1114 4627 1197 4662 99999
1214 4628 1313 4675 specum
1334 4613 1439 4661 Mithrae
1457 4620 1480 4663 91
1497 4615 1919 4677 99991999919919999919919999,
1942 4613 2030 4676 quibas
2048 4627 2122 4661 99999

488 4700 603 4763 99991199
619 4701 690 4749 miter
707 4702 745 4748 199
763 4700 848 4748 Persea
865 4700 1025 4749 beliodromoe
1040 4705 1114 4761 pater
1131 4702 1276 4762 1911199199,
1297 4699 1413 4748 subvenit
1431 4699 1506 4761 serpit
1523 4704 1629 4749 99999911
1647 4706 1671 4749 91
1689 4701 1726 4749 119
1746 4703 1817 4763 paesi
1834 4699 1957 4749 obsidibus
1976 4705 2034 4749 9919
2049 4713 2123 4761 prae-

487 4786 894 4848 99991919991999111991199999
914 4787 1022 4835 Christi?
1051 4800 1083 4834 ex
1102 4786 1218 4836 1991999
1237 4786 1352 4835 hausisse
1371 4786 1609 4838 videturPrudent.
1632 4794 1716 4835 eontra
1735 4785 1829 4846 Symm.
1850 4785 1940 4835 1562.
1978 4787 2120 4847 praelectus

488 4873 544 4919 urbi
570 4873 696 4921 Gracchus
719 4874 897 4935 praescribitur
922 4874 1021 4933 legibus
1045 4872 1104 4921 Cod.
1126 4874 1222 4922 Theod.
1242 4874 1268 4920 II
1286 4871 1311 4936 2,
1335 4870 1347 4921 1
1374 4877 1400 4919 91
1421 4872 1521 4935 11135,
1543 4874 1558 4922 3
1582 4875 1648 4923 datia
1672 4874 1722 4922 191.
1743 4874 1806 4921 Dee.
1826 4887 1848 4921 a.
1871 4870 1921 4920 376
1940 4877 1967 4921 91
1984 4872 2008 4922 (l.
2030 4871 2120 4920 4199.

488 4975 510 5006 a.
532 4958 590 5006 377.

574 5044 633 5107 632)
655 5046 759 5094 Hieron.
781 5047 854 5107 epist.
876 5045 918 5109 54,
938 5045 954 5093 4
976 5046 1090 5093 Cornelia
1107 5050 1216 5094 cestra
1232 5070 1267 5080 -
1286 5045 1406 5094 69999199
1424 5059 1481 5092 euos
1499 5048 1654 5105 9999991999
1673 5048 1765 5093 1991919
1780 5048 1836 5094 eat?

574 5130 634 5193 633)
654 5132 757 5179 Hieron.
778 5132 852 5193 epist.
872 5130 914 5192 54,
935 5130 951 5179 2
973 5130 1122 5179 Blaesitlam
1143 5135 1279 5193 praetereo,
1308 5145 1371 5192 puae
1392 5134 1512 5178 meritum
1534 5146 1621 5190 99999,
1647 5135 1719 5178 taum
1743 5136 1827 5178 999919
1845 5143 1992 5190 permenam
2011 5130 2038 5175 19
2056 5128 2120 5175 brevi

486 5220 551 5265 91199
568 5221 648 5278 spatio
666 5222 774 5278 tempora
791 5220 914 5267 919191999
933 5220 1013 5266 malta
1030 5218 1167 5278 complevit.
1205 5218 1237 5266 de
1255 5231 1347 5278 genere
1365 5217 1498 5265 Blaesillae
1517 5233 1541 5267 r.
1561 5219 1665 5268 Hieron.
1687 5219 1763 5278 epist.
1786 5215 1845 5278 198,
1865 5216 1890 5265 4.

574 5302 635 5365 634)
654 5303 814 5353 (11911991.
834 5303 894 5353 (lod.
915 5302 1190 5366 Τ1991.1111111,7.
1228 5302 1372 5353 (1361191.
1394 5303 1454 5351 (lod.
1476 5303 1571 5353 Theod.
1592 5303 1680 5363 7114,
1697 5301 1729 5351 22
1749 5306 1782 5363 -)-
1800 5299 1893 5360 11121,
1909 5299 1934 5350 2.
1972 5300 1998 5347 d.
2016 5299 2120 5348 16199.

486 5388 546 5439 Cori.
567 5391 660 5440 Theou.
680 5390 773 5454 7114,
795 5389 836 5441 23.
875 5393 902 5439 19
920 5392 975 5452 lege
993 5389 1052 5440 (lod.
1074 5390 1167 5438 Theou.
1187 5390 1210 5436 V
1231 5387 1255 5450 1,
1275 5389 1290 5437 3
1313 5403 1358 5450 pro
1376 5390 1472 5437 Hilario
1491 5391 1629 5451 Hypatium
1655 5389 1827 5450 reponendum
1851 5400 1922 5446 esse,
1950 5385 2121 5434 Gotholredus

487 5477 559 5526 vidit.

575 5560 634 5623 635)
656 5563 717 5611 Cori.
737 5562 830 5612 Theod.
851 5562 915 5612 xlv
932 5562 958 5623 4,
978 5561 1002 5612 8.

575 5648 636 5709 636)
658 5650 765 5711 Sionem,
786 5650 908 5698 Libanius
927 5665 952 5711 p.
973 5648 1032 5697 269.

574 5734 633 5795 637)
655 5736 714 5782 Cori.
735 5734 948 5795 7199111131,
970 5734 994 5783 7.
