<?xml version="1.0" encoding="UTF-8"?>
<!DOCTYPE html PUBLIC "-//W3C//DTD XHTML 1.0 Transitional//EN"
    "http://www.w3.org/TR/xhtml1/DTD/xhtml1-transitional.dtd">
<html xmlns="http://www.w3.org/1999/xhtml" xml:lang="en" lang="en">
 <head>
  <title>
</title>
<meta http-equiv="Content-Type" content="text/html;charset=utf-8" />
  <meta name='ocr-system' content='tesseract 3.04.00' />
  <meta name='ocr-capabilities' content='ocr_page ocr_carea ocr_par ocr_line ocrx_word'/>
</head>
<body>
  <div class='ocr_page' id='page_1' title='image "./qaureliisymmach00seecgoog_0542.png"; bbox 0 0 4744 6476; ppageno 0'>
   <div class='ocr_carea' id='block_1_1' title="bbox 744 524 1897 585">
    <p class='ocr_par' dir='ltr' id='par_1_1' title="bbox 744 524 1897 585">
     <span class='ocr_line' id='line_1_1' title="bbox 744 524 1897 585; baseline 0.005 -6"><span class='ocrx_word' id='word_1_1' title='bbox 744 525 766 579; x_wconf 92' lang='lat' dir='ltr'>I.</span> <span class='ocrx_word' id='word_1_2' title='bbox 788 524 984 580; x_wconf 83' lang='lat' dir='ltr'><strong>LAVDATIO</strong></span> <span class='ocrx_word' id='word_1_3' title='bbox 1005 526 1041 578; x_wconf 87' lang='lat' dir='ltr'>IN</span> <span class='ocrx_word' id='word_1_4' title='bbox 1062 525 1380 579; x_wconf 74' lang='lat' dir='ltr'>VALENTlNlANVM</span> <span class='ocrx_word' id='word_1_5' title='bbox 1400 526 1421 578; x_wconf 93' lang='lat' dir='ltr'>l.</span> <span class='ocrx_word' id='word_1_6' title='bbox 1835 524 1897 585; x_wconf 80' lang='grc'>323</span> 
     </span>
    </p>
   </div>
   <div class='ocr_carea' id='block_1_2' title="bbox 223 711 2074 3371">
    <p class='ocr_par' dir='ltr' id='par_1_2' title="bbox 241 711 1899 1210">
     <span class='ocr_line' id='line_1_2' title="bbox 275 711 1899 798; baseline -0.002 -17"><span class='ocrx_word' id='word_1_7' title='bbox 275 714 419 781; x_wconf 90' lang='lat' dir='ltr'>secunda</span> <span class='ocrx_word' id='word_1_8' title='bbox 453 714 613 779; x_wconf 82' lang='lat' dir='ltr'>vindictae</span> <span class='ocrx_word' id='word_1_9' title='bbox 646 735 738 780; x_wconf 90' lang='lat' dir='ltr'>meae</span> <span class='ocrx_word' id='word_1_10' title='bbox 771 733 870 779; x_wconf 86' lang='lat' dir='ltr'>causa</span> <span class='ocrx_word' id='word_1_11' title='bbox 903 720 966 793; x_wconf 84' lang='lat' dir='ltr'>est;</span> <span class='ocrx_word' id='word_1_12' title='bbox 1004 714 1068 778; x_wconf 89' lang='lat' dir='ltr'>alio</span> <span class='ocrx_word' id='word_1_13' title='bbox 1102 714 1188 779; x_wconf 92' lang='lat' dir='ltr'>bello</span> <span class='ocrx_word' id='word_1_14' title='bbox 1218 713 1336 798; x_wconf 86' lang='lat' dir='ltr'>petitur</span> <span class='ocrx_word' id='word_1_15' title='bbox 1364 719 1473 778; x_wconf 88' lang='lat' dir='ltr'>nostra</span> <span class='ocrx_word' id='word_1_16' title='bbox 1502 712 1661 796; x_wconf 80' lang='lat' dir='ltr'>dignitas,</span> <span class='ocrx_word' id='word_1_17' title='bbox 1699 711 1758 775; x_wconf 91' lang='lat' dir='ltr'>hoc</span> <span class='ocrx_word' id='word_1_18' title='bbox 1790 718 1899 777; x_wconf 86' lang='lat' dir='ltr'>vestra</span> 
     </span>
     <span class='ocr_line' id='line_1_3' title="bbox 275 814 1894 903; baseline -0.002 -21"><span class='ocrx_word' id='word_1_19' title='bbox 275 817 463 903; x_wconf 88' lang='lat' dir='ltr'>possessio’.</span> <span class='ocrx_word' id='word_1_20' title='bbox 511 816 588 900; x_wconf 88' lang='lat' dir='ltr'>quid</span> <span class='ocrx_word' id='word_1_21' title='bbox 610 817 726 900; x_wconf 74' lang='lat' dir='ltr'>plural</span> <span class='ocrx_word' id='word_1_22' title='bbox 769 824 877 883; x_wconf 88' lang='lat' dir='ltr'>contra</span> <span class='ocrx_word' id='word_1_23' title='bbox 898 824 930 883; x_wconf 90' lang='lat' dir='ltr'>te</span> <span class='ocrx_word' id='word_1_24' title='bbox 953 816 1120 882; x_wconf 89' lang='lat' dir='ltr'>suadendo</span> <span class='ocrx_word' id='word_1_25' title='bbox 1142 816 1266 897; x_wconf 82' lang='lat' dir='ltr'>vicisti,</span> <span class='ocrx_word' id='word_1_26' title='bbox 1296 823 1483 900; x_wconf 87' lang='lat' dir='ltr'>tantumque</span> <span class='ocrx_word' id='word_1_27' title='bbox 1505 816 1608 881; x_wconf 89' lang='lat' dir='ltr'>valuit</span> <span class='ocrx_word' id='word_1_28' title='bbox 1630 814 1804 880; x_wconf 86' lang='lat' dir='ltr'>auotoritas</span> <span class='ocrx_word' id='word_1_29' title='bbox 1826 821 1894 895; x_wconf 86' lang='lat' dir='ltr'>tua,</span> 
     </span>
     <span class='ocr_line' id='line_1_4' title="bbox 275 916 1899 1005; baseline -0.002 -21"><span class='ocrx_word' id='word_1_30' title='bbox 275 927 310 985; x_wconf 92' lang='grc' dir='ltr'>ιιι</span> <span class='ocrx_word' id='word_1_31' title='bbox 331 920 589 985; x_wconf 79' lang='lat' dir='ltr'>dissimularetur</span> <span class='ocrx_word' id='word_1_32' title='bbox 609 919 736 984; x_wconf 90' lang='lat' dir='ltr'>iniuria.</span> <span class='ocrx_word' id='word_1_33' title='bbox 783 928 931 1005; x_wconf 73' lang='lat' dir='ltr'>putasses</span> <span class='ocrx_word' id='word_1_34' title='bbox 953 927 1158 1005; x_wconf 88' lang='lat' dir='ltr'>praeceptum</span> <span class='ocrx_word' id='word_1_35' title='bbox 1181 927 1271 985; x_wconf 89' lang='lat' dir='ltr'>tuum</span> <span class='ocrx_word' id='word_1_36' title='bbox 1294 919 1385 1005; x_wconf 89' lang='lat' dir='ltr'>parvi</span> <span class='ocrx_word' id='word_1_37' title='bbox 1408 918 1564 1001; x_wconf 88' lang='lat' dir='ltr'>habiturn,</span> <span class='ocrx_word' id='word_1_38' title='bbox 1592 916 1620 983; x_wconf 90' lang='lat' dir='ltr'>si</span> <span class='ocrx_word' id='word_1_39' title='bbox 1642 918 1715 1000; x_wconf 92' lang='lat' dir='ltr'>quis</span> <span class='ocrx_word' id='word_1_40' title='bbox 1737 924 1769 982; x_wconf 92' lang='lat' dir='ltr'>te</span> <span class='ocrx_word' id='word_1_41' title='bbox 1791 916 1899 982; x_wconf 90' lang='lat' dir='ltr'>vindi-</span> 
     </span>
     <span class='ocr_line' id='line_1_5' title="bbox 275 1021 1899 1109; baseline -0.002 -21"><span class='ocrx_word' id='word_1_42' title='bbox 275 1029 381 1088; x_wconf 89' lang='lat' dir='ltr'>oassct</span> <span class='ocrx_word' id='word_1_43' title='bbox 401 1022 548 1087; x_wconf 82' lang='lat' dir='ltr'>invitum.</span> <span class='ocrx_word' id='word_1_44' title='bbox 595 1022 805 1107; x_wconf 84' lang='lat' dir='ltr'>quisquamne</span> <span class='ocrx_word' id='word_1_45' title='bbox 836 1024 1019 1106; x_wconf 84' lang='lat' dir='ltr'>neglectum</span> <span class='ocrx_word' id='word_1_46' title='bbox 1044 1023 1094 1088; x_wconf 89' lang='lat' dir='ltr'>sui</span> <span class='ocrx_word' id='word_1_47' title='bbox 1116 1023 1258 1109; x_wconf 90' lang='lat' dir='ltr'>postulat</span> <span class='ocrx_word' id='word_1_48' title='bbox 1280 1029 1313 1088; x_wconf 86' lang='lat' dir='ltr'>et</span> <span class='ocrx_word' id='word_1_49' title='bbox 1334 1022 1535 1089; x_wconf 88' lang='lat' dir='ltr'>devotionem</span> <span class='ocrx_word' id='word_1_50' title='bbox 1559 1028 1665 1106; x_wconf 78' lang='lat' dir='ltr'>putat,</span> <span class='ocrx_word' id='word_1_51' title='bbox 1699 1021 1727 1085; x_wconf 92' lang='lat' dir='ltr'>si</span> <span class='ocrx_word' id='word_1_52' title='bbox 1749 1040 1784 1086; x_wconf 90' lang='lat' dir='ltr'>se</span> <span class='ocrx_word' id='word_1_53' title='bbox 1806 1040 1899 1086; x_wconf 88' lang='lat' dir='ltr'>nemo</span> 
     </span>
     <span class='ocr_line' id='line_1_6' title="bbox 241 1123 1893 1210; baseline -0.004 -18"><span class='ocrx_word' id='word_1_54' title='bbox 241 1144 254 1182; x_wconf 70' lang='grc' dir='ltr'>ι</span> <span class='ocrx_word' id='word_1_55' title='bbox 275 1125 450 1192; x_wconf 68' lang='lat' dir='ltr'>defendat?</span> <span class='ocrx_word' id='word_1_56' title='bbox 478 1146 518 1191; x_wconf 90' lang='lat' dir='ltr'>en</span> <span class='ocrx_word' id='word_1_57' title='bbox 534 1125 660 1190; x_wconf 89' lang='lat' dir='ltr'>animus</span> <span class='ocrx_word' id='word_1_58' title='bbox 675 1126 776 1191; x_wconf 88' lang='lat' dir='ltr'>maior</span> <span class='ocrx_word' id='word_1_59' title='bbox 790 1125 934 1210; x_wconf 85' lang='lat' dir='ltr'>imperio,</span> <span class='ocrx_word' id='word_1_60' title='bbox 962 1128 1021 1192; x_wconf 93' lang='lat' dir='ltr'>sub</span> <span class='ocrx_word' id='word_1_61' title='bbox 1044 1146 1106 1210; x_wconf 90' lang='lat' dir='ltr'>quo</span> <span class='ocrx_word' id='word_1_62' title='bbox 1129 1127 1282 1192; x_wconf 84' lang='lat' dir='ltr'>maiestas</span> <span class='ocrx_word' id='word_1_63' title='bbox 1304 1126 1484 1209; x_wconf 80' lang='lat' dir='ltr'>neclegr&#39;tur</span> <span class='ocrx_word' id='word_1_64' title='bbox 1505 1131 1538 1190; x_wconf 90' lang='lat' dir='ltr'>et</span> <span class='ocrx_word' id='word_1_65' title='bbox 1559 1124 1682 1208; x_wconf 87' lang='lat' dir='ltr'>eruptio</span> <span class='ocrx_word' id='word_1_66' title='bbox 1697 1123 1893 1188; x_wconf 82' lang='lat' dir='ltr'>vindicatur!</span> 
     </span>
    </p>

    <p class='ocr_par' dir='ltr' id='par_1_3' title="bbox 273 1226 1961 1623">
     <span class='ocr_line' id='line_1_7' title="bbox 359 1226 1961 1312; baseline -0.003 -19"><span class='ocrx_word' id='word_1_67' title='bbox 359 1227 444 1306; x_wconf 81' lang='lat' dir='ltr'>Quid</span> <span class='ocrx_word' id='word_1_68' title='bbox 474 1227 632 1311; x_wconf 84' lang='lat' dir='ltr'>quodvis</span> <span class='ocrx_word' id='word_1_69' title='bbox 661 1228 724 1294; x_wconf 85' lang='lat' dir='ltr'>ista</span> <span class='ocrx_word' id='word_1_70' title='bbox 753 1236 887 1295; x_wconf 88' lang='lat' dir='ltr'>naturae</span> <span class='ocrx_word' id='word_1_71' title='bbox 917 1236 983 1309; x_wconf 89' lang='lat' dir='ltr'>est,</span> <span class='ocrx_word' id='word_1_72' title='bbox 1015 1237 1051 1295; x_wconf 90' lang='lat' dir='ltr'>ut</span> <span class='ocrx_word' id='word_1_73' title='bbox 1079 1250 1119 1294; x_wconf 91' lang='lat' dir='ltr'>ea</span> <span class='ocrx_word' id='word_1_74' title='bbox 1141 1229 1206 1296; x_wconf 89' lang='lat' dir='ltr'>sint</span> <span class='ocrx_word' id='word_1_75' title='bbox 1228 1229 1397 1312; x_wconf 84' lang='lat' dir='ltr'>unicuique</span> <span class='ocrx_word' id='word_1_76' title='bbox 1420 1229 1463 1294; x_wconf 92' lang='lat' dir='ltr'>ad</span> <span class='ocrx_word' id='word_1_77' title='bbox 1487 1247 1616 1294; x_wconf 90' lang='lat' dir='ltr'>sensum</span> <span class='ocrx_word' id='word_1_78' title='bbox 1639 1227 1758 1292; x_wconf 91' lang='lat' dir='ltr'>doloris</span> <span class='ocrx_word' id='word_1_79' title='bbox 1780 1226 1893 1311; x_wconf 90' lang='lat' dir='ltr'>prima,</span> <span class='ocrx_word' id='word_1_80' title='bbox 1920 1229 1961 1288; x_wconf 87' lang='grc'>20</span> 
     </span>
     <span class='ocr_line' id='line_1_8' title="bbox 273 1330 1895 1416; baseline -0.002 -20"><span class='ocrx_word' id='word_1_81' title='bbox 273 1351 357 1415; x_wconf 87' lang='lat' dir='ltr'>quae</span> <span class='ocrx_word' id='word_1_82' title='bbox 372 1331 511 1416; x_wconf 85' lang='lat' dir='ltr'>propria,</span> <span class='ocrx_word' id='word_1_83' title='bbox 536 1351 597 1396; x_wconf 90' lang='lat' dir='ltr'>uec</span> <span class='ocrx_word' id='word_1_84' title='bbox 611 1331 779 1414; x_wconf 90' lang='lat' dir='ltr'>quisquam</span> <span class='ocrx_word' id='word_1_85' title='bbox 796 1351 832 1397; x_wconf 90' lang='lat' dir='ltr'>se</span> <span class='ocrx_word' id='word_1_86' title='bbox 847 1332 919 1416; x_wconf 89' lang='lat' dir='ltr'>ipso</span> <span class='ocrx_word' id='word_1_87' title='bbox 933 1331 1041 1397; x_wconf 87' lang='lat' dir='ltr'>iudice</span> <span class='ocrx_word' id='word_1_88' title='bbox 1056 1332 1175 1416; x_wconf 91' lang='lat' dir='ltr'>inpune</span> <span class='ocrx_word' id='word_1_89' title='bbox 1192 1332 1361 1397; x_wconf 62' lang='lat' dir='ltr'>laedatur:l</span> <span class='ocrx_word' id='word_1_90' title='bbox 1389 1336 1424 1396; x_wconf 92' lang='lat' dir='ltr'>tu</span> <span class='ocrx_word' id='word_1_91' title='bbox 1447 1331 1480 1396; x_wconf 93' lang='lat' dir='ltr'>in</span> <span class='ocrx_word' id='word_1_92' title='bbox 1503 1331 1633 1396; x_wconf 88' lang='lat' dir='ltr'>casibus</span> <span class='ocrx_word' id='word_1_93' title='bbox 1654 1330 1718 1394; x_wconf 89' lang='lat' dir='ltr'>tuis</span> <span class='ocrx_word' id='word_1_94' title='bbox 1742 1330 1895 1410; x_wconf 80' lang='lat' dir='ltr'>clemens,</span> 
     </span>
     <span class='ocr_line' id='line_1_9' title="bbox 274 1433 1899 1520; baseline -0.001 -21"><span class='ocrx_word' id='word_1_95' title='bbox 274 1453 406 1500; x_wconf 87' lang='lat' dir='ltr'>severus</span> <span class='ocrx_word' id='word_1_96' title='bbox 428 1434 462 1499; x_wconf 94' lang='lat' dir='ltr'>in</span> <span class='ocrx_word' id='word_1_97' title='bbox 484 1433 623 1518; x_wconf 93' lang='lat' dir='ltr'>publicis</span> <span class='ocrx_word' id='word_1_98' title='bbox 645 1440 737 1520; x_wconf 84' lang='lat' dir='ltr'>turpe</span> <span class='ocrx_word' id='word_1_99' title='bbox 760 1435 927 1500; x_wconf 82' lang='lat' dir='ltr'>existimas</span> <span class='ocrx_word' id='word_1_100' title='bbox 950 1434 1085 1520; x_wconf 82' lang='lat' dir='ltr'>principi</span> <span class='ocrx_word' id='word_1_101' title='bbox 1108 1440 1211 1500; x_wconf 89' lang='lat' dir='ltr'>motus</span> <span class='ocrx_word' id='word_1_102' title='bbox 1234 1434 1301 1499; x_wconf 93' lang='lat' dir='ltr'>odii</span> <span class='ocrx_word' id='word_1_103' title='bbox 1323 1435 1444 1500; x_wconf 90' lang='lat' dir='ltr'>babere</span> <span class='ocrx_word' id='word_1_104' title='bbox 1466 1434 1593 1520; x_wconf 85' lang='lat' dir='ltr'>privati.</span> <span class='ocrx_word' id='word_1_105' title='bbox 1640 1433 1753 1498; x_wconf 89' lang='lat' dir='ltr'>merito</span> <span class='ocrx_word' id='word_1_106' title='bbox 1779 1453 1855 1516; x_wconf 84' lang='lat' dir='ltr'>ergo</span> <span class='ocrx_word' id='word_1_107' title='bbox 1878 1452 1899 1496; x_wconf 88' lang='lat' dir='ltr'>a</span> 
     </span>
     <span class='ocr_line' id='line_1_10' title="bbox 273 1536 1899 1623; baseline -0.001 -21"><span class='ocrx_word' id='word_1_108' title='bbox 273 1538 365 1603; x_wconf 92' lang='lat' dir='ltr'>nobis</span> <span class='ocrx_word' id='word_1_109' title='bbox 394 1537 534 1622; x_wconf 89' lang='lat' dir='ltr'>amplius</span> <span class='ocrx_word' id='word_1_110' title='bbox 564 1537 700 1619; x_wconf 86' lang='lat' dir='ltr'>amaris,</span> <span class='ocrx_word' id='word_1_111' title='bbox 740 1538 817 1622; x_wconf 90' lang='lat' dir='ltr'>quia</span> <span class='ocrx_word' id='word_1_112' title='bbox 845 1558 902 1623; x_wconf 88' lang='lat' dir='ltr'>pro</span> <span class='ocrx_word' id='word_1_113' title='bbox 930 1544 962 1603; x_wconf 88' lang='lat' dir='ltr'>te</span> <span class='ocrx_word' id='word_1_114' title='bbox 992 1538 1097 1603; x_wconf 91' lang='lat' dir='ltr'>minus</span> <span class='ocrx_word' id='word_1_115' title='bbox 1127 1538 1287 1604; x_wconf 88' lang='lat' dir='ltr'>irasceris.</span> <span class='ocrx_word' id='word_1_116' title='bbox 1333 1537 1440 1603; x_wconf 90' lang='lat' dir='ltr'>nescis</span> <span class='ocrx_word' id='word_1_117' title='bbox 1469 1537 1515 1602; x_wconf 92' lang='lat' dir='ltr'>uti</span> <span class='ocrx_word' id='word_1_118' title='bbox 1544 1536 1635 1619; x_wconf 85' lang='lat' dir='ltr'>regia</span> <span class='ocrx_word' id='word_1_119' title='bbox 1663 1556 1760 1600; x_wconf 90' lang='lat' dir='ltr'>manu</span> <span class='ocrx_word' id='word_1_120' title='bbox 1790 1542 1899 1601; x_wconf 88' lang='lat' dir='ltr'>contra</span> 
     </span>
    </p>

    <p class='ocr_par' dir='ltr' id='par_1_4' title="bbox 229 1638 2074 1843">
     <span class='ocr_line' id='line_1_11' title="bbox 229 1638 1899 1723; baseline -0.002 -17"><span class='ocrx_word' id='word_1_121' title='bbox 229 1657 256 1697; x_wconf 79' lang='grc' dir='ltr'>ιι</span> <span class='ocrx_word' id='word_1_122' title='bbox 276 1640 469 1706; x_wconf 88' lang='lat' dir='ltr'>domesticas</span> <span class='ocrx_word' id='word_1_123' title='bbox 493 1640 683 1706; x_wconf 78' lang='lat' dir='ltr'>simultates.</span> <span class='ocrx_word' id='word_1_124' title='bbox 732 1640 760 1705; x_wconf 93' lang='lat' dir='ltr'>si</span> <span class='ocrx_word' id='word_1_125' title='bbox 782 1640 947 1706; x_wconf 86' lang='lat' dir='ltr'>crubescis</span> <span class='ocrx_word' id='word_1_126' title='bbox 969 1646 1042 1705; x_wconf 89' lang='lat' dir='ltr'>tuas</span> <span class='ocrx_word' id='word_1_127' title='bbox 1064 1640 1198 1706; x_wconf 92' lang='lat' dir='ltr'>iniurias</span> <span class='ocrx_word' id='word_1_128' title='bbox 1221 1641 1322 1706; x_wconf 88' lang='lat' dir='ltr'>ultum</span> <span class='ocrx_word' id='word_1_129' title='bbox 1344 1640 1406 1721; x_wconf 87' lang='lat' dir='ltr'>ire,</span> <span class='ocrx_word' id='word_1_130' title='bbox 1432 1640 1524 1723; x_wconf 86' lang='lat' dir='ltr'>audi,</span> <span class='ocrx_word' id='word_1_131' title='bbox 1550 1640 1731 1723; x_wconf 87' lang='lat' dir='ltr'>imperator,</span> <span class='ocrx_word' id='word_1_132' title='bbox 1758 1638 1844 1720; x_wconf 85' lang='lat' dir='ltr'>quod</span> <span class='ocrx_word' id='word_1_133' title='bbox 1867 1644 1899 1703; x_wconf 88' lang='lat' dir='ltr'>tc</span> 
     </span>
     <span class='ocr_line' id='line_1_12' title="bbox 273 1743 2074 1843; baseline -0.001 -34"><span class='ocrx_word' id='word_1_134' title='bbox 273 1750 385 1809; x_wconf 89' lang='lat' dir='ltr'>acuat:</span> <span class='ocrx_word' id='word_1_135' title='bbox 411 1744 511 1809; x_wconf 84' lang='lat' dir='ltr'>nostri</span> <span class='ocrx_word' id='word_1_136' title='bbox 533 1743 653 1809; x_wconf 88' lang='lat' dir='ltr'>inimici</span> <span class='ocrx_word' id='word_1_137' title='bbox 677 1749 759 1823; x_wconf 82' lang='lat' dir='ltr'>sunt,</span> <span class='ocrx_word' id='word_1_138' title='bbox 785 1743 841 1827; x_wconf 84' lang='lat' dir='ltr'>qui</span> <span class='ocrx_word' id='word_1_139' title='bbox 862 1744 1032 1809; x_wconf 84' lang='lat' dir='ltr'>rebellant.</span> <span class='ocrx_word' id='word_1_140' title='bbox 1913 1792 1985 1832; x_wconf 30' lang='lat' dir='ltr'>mbr·</span> <span class='ocrx_word' id='word_1_141' title='bbox 2000 1804 2021 1843; x_wconf 63' lang='lat' dir='ltr'>p,</span> <span class='ocrx_word' id='word_1_142' title='bbox 2036 1792 2074 1832; x_wconf 58' lang='lat'>284</span> 
     </span>
    </p>

    <p class='ocr_par' dir='ltr' id='par_1_5' title="bbox 275 1842 1958 2135">
     <span class='ocr_line' id='line_1_13' title="bbox 357 1842 1958 1931; baseline -0.003 -20"><span class='ocrx_word' id='word_1_143' title='bbox 357 1845 446 1931; x_wconf 71' lang='lat' dir='ltr'>{Sed</span> <span class='ocrx_word' id='word_1_144' title='bbox 483 1846 571 1911; x_wconf 92' lang='lat' dir='ltr'>illius</span> <span class='ocrx_word' id='word_1_145' title='bbox 600 1846 733 1910; x_wconf 89' lang='lat' dir='ltr'>latronis</span> <span class='ocrx_word' id='word_1_146' title='bbox 763 1847 867 1912; x_wconf 86' lang='lat' dir='ltr'>iustus</span> <span class='ocrx_word' id='word_1_147' title='bbox 900 1866 1033 1912; x_wconf 90' lang='lat' dir='ltr'>occasus</span> <span class='ocrx_word' id='word_1_148' title='bbox 1061 1846 1237 1912; x_wconf 85' lang='lat' dir='ltr'>venerandi</span> <span class='ocrx_word' id='word_1_149' title='bbox 1271 1845 1378 1911; x_wconf 83' lang='lat' dir='ltr'>fratris</span> <span class='ocrx_word' id='word_1_150' title='bbox 1411 1844 1458 1910; x_wconf 91' lang='lat' dir='ltr'>tui</span> <span class='ocrx_word' id='word_1_151' title='bbox 1491 1843 1644 1909; x_wconf 91' lang='lat' dir='ltr'>laudibus</span> <span class='ocrx_word' id='word_1_152' title='bbox 1678 1862 1749 1908; x_wconf 89' lang='lat' dir='ltr'>oum</span> <span class='ocrx_word' id='word_1_153' title='bbox 1783 1842 1898 1908; x_wconf 84' lang='lat' dir='ltr'>ceteris</span> <span class='ocrx_word' id='word_1_154' title='bbox 1921 1848 1958 1907; x_wconf 86' lang='grc'>21</span> 
     </span>
     <span class='ocr_line' id='line_1_14' title="bbox 275 1945 1900 2033; baseline -0.004 -17"><span class='ocrx_word' id='word_1_155' title='bbox 275 1949 417 2016; x_wconf 90' lang='lat' dir='ltr'>Orientis</span> <span class='ocrx_word' id='word_1_156' title='bbox 447 1948 576 2014; x_wconf 82' lang='lat' dir='ltr'>adoreis</span> <span class='ocrx_word' id='word_1_157' title='bbox 605 1956 804 2027; x_wconf 85' lang='lat' dir='ltr'>1·cserretur;</span> <span class='ocrx_word' id='word_1_158' title='bbox 839 1970 935 2014; x_wconf 91' lang='lat' dir='ltr'>unum</span> <span class='ocrx_word' id='word_1_159' title='bbox 966 1955 1075 2014; x_wconf 87' lang='lat' dir='ltr'>tamen</span> <span class='ocrx_word' id='word_1_160' title='bbox 1103 1949 1165 2013; x_wconf 92' lang='lat' dir='ltr'>boc</span> <span class='ocrx_word' id='word_1_161' title='bbox 1192 1948 1391 2033; x_wconf 86' lang='lat' dir='ltr'>praelibasse</span> <span class='ocrx_word' id='word_1_162' title='bbox 1420 1947 1574 2027; x_wconf 86' lang='lat' dir='ltr'>sufficiet,</span> <span class='ocrx_word' id='word_1_163' title='bbox 1608 1966 1679 2011; x_wconf 90' lang='lat' dir='ltr'>cum</span> <span class='ocrx_word' id='word_1_164' title='bbox 1703 1945 1757 2011; x_wconf 89' lang='lat' dir='ltr'>diu</span> <span class='ocrx_word' id='word_1_165' title='bbox 1780 1965 1900 2030; x_wconf 89' lang='lat' dir='ltr'>anceps</span> 
     </span>
     <span class='ocr_line' id='line_1_15' title="bbox 276 2049 1675 2135; baseline -0.003 -18"><span class='ocrx_word' id='word_1_166' title='bbox 276 2053 397 2118; x_wconf 91' lang='lat' dir='ltr'>bellum</span> <span class='ocrx_word' id='word_1_167' title='bbox 420 2052 526 2133; x_wconf 85' lang='lat' dir='ltr'>fucrit,</span> <span class='ocrx_word' id='word_1_168' title='bbox 554 2051 601 2116; x_wconf 90' lang='lat' dir='ltr'>sic</span> <span class='ocrx_word' id='word_1_169' title='bbox 623 2051 778 2117; x_wconf 85' lang='lat' dir='ltr'>victoriae</span> <span class='ocrx_word' id='word_1_170' title='bbox 800 2052 1066 2132; x_wconf 68' lang='lat' dir='ltr'>moderatorem,</span> <span class='ocrx_word' id='word_1_171' title='bbox 1093 2051 1186 2135; x_wconf 89' lang='lat' dir='ltr'>quasi</span> <span class='ocrx_word' id='word_1_172' title='bbox 1209 2057 1319 2117; x_wconf 85' lang='lat' dir='ltr'>contra</span> <span class='ocrx_word' id='word_1_173' title='bbox 1341 2071 1377 2117; x_wconf 92' lang='lat' dir='ltr'>se</span> <span class='ocrx_word' id='word_1_174' title='bbox 1398 2071 1491 2117; x_wconf 92' lang='lat' dir='ltr'>nemo</span> <span class='ocrx_word' id='word_1_175' title='bbox 1514 2049 1675 2135; x_wconf 81' lang='lat' dir='ltr'>pugnarit.</span> 
     </span>
    </p>

    <p class='ocr_par' dir='ltr' id='par_1_6' title="bbox 227 2152 1962 2650">
     <span class='ocr_line' id='line_1_16' title="bbox 227 2152 1962 2239; baseline -0.004 -19"><span class='ocrx_word' id='word_1_176' title='bbox 227 2171 256 2211; x_wconf 76' lang='grc' dir='ltr'>ιι</span> <span class='ocrx_word' id='word_1_177' title='bbox 362 2154 493 2220; x_wconf 89' lang='lat' dir='ltr'>Omira</span> <span class='ocrx_word' id='word_1_178' title='bbox 514 2155 676 2220; x_wconf 86' lang='lat' dir='ltr'>intervos</span> <span class='ocrx_word' id='word_1_179' title='bbox 699 2154 874 2220; x_wconf 89' lang='lat' dir='ltr'>similitudo</span> <span class='ocrx_word' id='word_1_180' title='bbox 898 2155 1044 2239; x_wconf 89' lang='lat' dir='ltr'>pietatis!</span> <span class='ocrx_word' id='word_1_181' title='bbox 1081 2161 1115 2220; x_wconf 90' lang='grc' dir='ltr'>ιιι</span> <span class='ocrx_word' id='word_1_182' title='bbox 1139 2154 1246 2220; x_wconf 89' lang='lat' dir='ltr'>nescis</span> <span class='ocrx_word' id='word_1_183' title='bbox 1270 2155 1366 2220; x_wconf 89' lang='lat' dir='ltr'>civile</span> <span class='ocrx_word' id='word_1_184' title='bbox 1389 2160 1551 2220; x_wconf 86' lang='lat' dir='ltr'>certamen</span> <span class='ocrx_word' id='word_1_185' title='bbox 1571 2152 1730 2237; x_wconf 84' lang='lat' dir='ltr'>adripere,</span> <span class='ocrx_word' id='word_1_186' title='bbox 1755 2152 1812 2218; x_wconf 91' lang='lat' dir='ltr'>ille</span> <span class='ocrx_word' id='word_1_187' title='bbox 1834 2172 1899 2217; x_wconf 93' lang='lat' dir='ltr'>non</span> <span class='ocrx_word' id='word_1_188' title='bbox 1921 2155 1962 2214; x_wconf 85' lang='grc'>22</span> 
     </span>
     <span class='ocr_line' id='line_1_17' title="bbox 274 2255 1901 2343; baseline -0.002 -21"><span class='ocrx_word' id='word_1_189' title='bbox 274 2264 381 2343; x_wconf 87' lang='lat' dir='ltr'>potest</span> <span class='ocrx_word' id='word_1_190' title='bbox 402 2257 578 2323; x_wconf 83' lang='lat' dir='ltr'>vindicare.</span> <span class='ocrx_word' id='word_1_191' title='bbox 625 2277 818 2340; x_wconf 89' lang='lat' dir='ltr'>quamquam</span> <span class='ocrx_word' id='word_1_192' title='bbox 849 2258 908 2322; x_wconf 93' lang='lat' dir='ltr'>illa</span> <span class='ocrx_word' id='word_1_193' title='bbox 935 2257 1149 2322; x_wconf 85' lang='lat' dir='ltr'>dissimulatio</span> <span class='ocrx_word' id='word_1_194' title='bbox 1180 2265 1237 2323; x_wconf 89' lang='lat' dir='ltr'>tua</span> <span class='ocrx_word' id='word_1_195' title='bbox 1264 2278 1327 2322; x_wconf 92' lang='lat' dir='ltr'>non</span> <span class='ocrx_word' id='word_1_196' title='bbox 1357 2264 1446 2322; x_wconf 88' lang='lat' dir='ltr'>caret</span> <span class='ocrx_word' id='word_1_197' title='bbox 1475 2257 1593 2322; x_wconf 90' lang='lat' dir='ltr'>honore</span> <span class='ocrx_word' id='word_1_198' title='bbox 1623 2255 1785 2339; x_wconf 82' lang='lat' dir='ltr'>germani:</span> <span class='ocrx_word' id='word_1_199' title='bbox 1820 2255 1901 2320; x_wconf 92' lang='lat' dir='ltr'>satis</span> 
     </span>
     <span class='ocr_line' id='line_1_18' title="bbox 272 2357 1902 2442; baseline -0.003 -16"><span class='ocrx_word' id='word_1_200' title='bbox 272 2361 409 2426; x_wconf 89' lang='lat' dir='ltr'>idoneus</span> <span class='ocrx_word' id='word_1_201' title='bbox 431 2360 490 2426; x_wconf 92' lang='lat' dir='ltr'>tibi</span> <span class='ocrx_word' id='word_1_202' title='bbox 512 2359 554 2425; x_wconf 93' lang='lat' dir='ltr'>ad</span> <span class='ocrx_word' id='word_1_203' title='bbox 577 2361 770 2425; x_wconf 88' lang='lat' dir='ltr'>vincendum</span> <span class='ocrx_word' id='word_1_204' title='bbox 794 2361 882 2424; x_wconf 86' lang='lat' dir='ltr'>visus</span> <span class='ocrx_word' id='word_1_205' title='bbox 905 2370 964 2439; x_wconf 85' lang='lat' dir='ltr'>est,</span> <span class='ocrx_word' id='word_1_206' title='bbox 991 2361 1042 2425; x_wconf 93' lang='lat' dir='ltr'>cui</span> <span class='ocrx_word' id='word_1_207' title='bbox 1065 2362 1220 2424; x_wconf 71' lang='lat' dir='ltr'>curruilirurr</span> <span class='ocrx_word' id='word_1_208' title='bbox 1246 2360 1444 2425; x_wconf 79' lang='lat' dir='ltr'>contulisti.</span> <span class='ocrx_word' id='word_1_209' title='bbox 1483 2359 1517 2424; x_wconf 88' lang='lat' dir='ltr'>in</span> <span class='ocrx_word' id='word_1_210' title='bbox 1533 2379 1652 2442; x_wconf 82' lang='lat' dir='ltr'>magna</span> <span class='ocrx_word' id='word_1_211' title='bbox 1667 2357 1785 2423; x_wconf 86' lang='lat' dir='ltr'>fiducia</span> <span class='ocrx_word' id='word_1_212' title='bbox 1799 2357 1902 2421; x_wconf 88' lang='lat' dir='ltr'>minor</span> 
     </span>
     <span class='ocr_line' id='line_1_19' title="bbox 275 2460 1899 2548; baseline -0.003 -19"><span class='ocrx_word' id='word_1_213' title='bbox 275 2484 352 2529; x_wconf 89' lang='lat' dir='ltr'>cura</span> <span class='ocrx_word' id='word_1_214' title='bbox 373 2470 433 2528; x_wconf 87' lang='lat' dir='ltr'>cst.</span> <span class='ocrx_word' id='word_1_215' title='bbox 479 2462 593 2528; x_wconf 88' lang='lat' dir='ltr'>merito</span> <span class='ocrx_word' id='word_1_216' title='bbox 615 2463 666 2527; x_wconf 93' lang='lat' dir='ltr'>illi</span> <span class='ocrx_word' id='word_1_217' title='bbox 689 2464 835 2548; x_wconf 87' lang='lat' dir='ltr'>captivus</span> <span class='ocrx_word' id='word_1_218' title='bbox 857 2464 989 2530; x_wconf 90' lang='lat' dir='ltr'>rebellis</span> <span class='ocrx_word' id='word_1_219' title='bbox 1012 2464 1046 2529; x_wconf 94' lang='lat' dir='ltr'>in</span> <span class='ocrx_word' id='word_1_220' title='bbox 1069 2463 1267 2529; x_wconf 89' lang='lat' dir='ltr'>deditionem</span> <span class='ocrx_word' id='word_1_221' title='bbox 1292 2463 1387 2528; x_wconf 89' lang='lat' dir='ltr'>datus</span> <span class='ocrx_word' id='word_1_222' title='bbox 1410 2471 1469 2541; x_wconf 87' lang='lat' dir='ltr'>est,</span> <span class='ocrx_word' id='word_1_223' title='bbox 1495 2462 1608 2527; x_wconf 86' lang='lat' dir='ltr'>merito</span> <span class='ocrx_word' id='word_1_224' title='bbox 1630 2467 1799 2544; x_wconf 90' lang='lat' dir='ltr'>usurpator</span> <span class='ocrx_word' id='word_1_225' title='bbox 1820 2460 1899 2525; x_wconf 91' lang='lat' dir='ltr'>tanti</span> 
     </span>
     <span class='ocr_line' id='line_1_20' title="bbox 274 2562 1900 2650; baseline -0.002 -21"><span class='ocrx_word' id='word_1_226' title='bbox 274 2564 411 2631; x_wconf 91' lang='lat' dir='ltr'>nominis</span> <span class='ocrx_word' id='word_1_227' title='bbox 433 2566 560 2630; x_wconf 89' lang='lat' dir='ltr'>oblatus</span> <span class='ocrx_word' id='word_1_228' title='bbox 583 2567 625 2632; x_wconf 88' lang='lat' dir='ltr'>ad</span> <span class='ocrx_word' id='word_1_229' title='bbox 648 2586 802 2650; x_wconf 90' lang='lat' dir='ltr'>poenam:</span> <span class='ocrx_word' id='word_1_230' title='bbox 837 2566 970 2631; x_wconf 90' lang='lat' dir='ltr'>oonsilio</span> <span class='ocrx_word' id='word_1_231' title='bbox 993 2566 1114 2650; x_wconf 88' lang='lat' dir='ltr'>quippe</span> <span class='ocrx_word' id='word_1_232' title='bbox 1137 2567 1184 2631; x_wconf 88' lang='lat' dir='ltr'>tui</span> <span class='ocrx_word' id='word_1_233' title='bbox 1206 2565 1346 2630; x_wconf 86' lang='lat' dir='ltr'>numinis</span> <span class='ocrx_word' id='word_1_234' title='bbox 1369 2565 1488 2630; x_wconf 81' lang='lat' dir='ltr'>iactum</span> <span class='ocrx_word' id='word_1_235' title='bbox 1511 2570 1571 2645; x_wconf 86' lang='lat' dir='ltr'>est,</span> <span class='ocrx_word' id='word_1_236' title='bbox 1604 2570 1639 2629; x_wconf 90' lang='grc' dir='ltr'>ιιι</span> <span class='ocrx_word' id='word_1_237' title='bbox 1659 2562 1793 2648; x_wconf 90' lang='lat' dir='ltr'>imperio</span> <span class='ocrx_word' id='word_1_238' title='bbox 1814 2562 1900 2627; x_wconf 91' lang='lat' dir='ltr'>iudi-</span> 
     </span>
    </p>

    <p class='ocr_par' dir='ltr' id='par_1_7' title="bbox 223 2666 1680 2752">
     <span class='ocr_line' id='line_1_21' title="bbox 223 2666 1680 2752; baseline -0.002 -18"><span class='ocrx_word' id='word_1_239' title='bbox 223 2684 253 2725; x_wconf 74' lang='grc' dir='ltr'>ιι</span> <span class='ocrx_word' id='word_1_240' title='bbox 273 2676 400 2734; x_wconf 82' lang='lat' dir='ltr'>caretur</span> <span class='ocrx_word' id='word_1_241' title='bbox 420 2667 676 2751; x_wconf 81' lang='lat' dir='ltr'>indignissimus,</span> <span class='ocrx_word' id='word_1_242' title='bbox 702 2669 757 2751; x_wconf 89' lang='lat' dir='ltr'>qui</span> <span class='ocrx_word' id='word_1_243' title='bbox 779 2688 820 2733; x_wconf 88' lang='lat' dir='ltr'>ne</span> <span class='ocrx_word' id='word_1_244' title='bbox 841 2669 904 2733; x_wconf 81' lang='lat' dir='ltr'>bo&#39;o</span> <span class='ocrx_word' id='word_1_245' title='bbox 926 2669 1056 2752; x_wconf 90' lang='lat' dir='ltr'>quidem</span> <span class='ocrx_word' id='word_1_246' title='bbox 1080 2669 1207 2751; x_wconf 86' lang='lat' dir='ltr'>meruit,</span> <span class='ocrx_word' id='word_1_247' title='bbox 1233 2676 1268 2734; x_wconf 89' lang='lat' dir='ltr'>ut</span> <span class='ocrx_word' id='word_1_248' title='bbox 1291 2668 1322 2733; x_wconf 93' lang='lat' dir='ltr'>ei</span> <span class='ocrx_word' id='word_1_249' title='bbox 1344 2667 1500 2733; x_wconf 86' lang='lat' dir='ltr'>videreris</span> <span class='ocrx_word' id='word_1_250' title='bbox 1521 2666 1680 2732; x_wconf 78' lang='lat' dir='ltr'>infensus.</span> 
     </span>
    </p>

    <p class='ocr_par' dir='ltr' id='par_1_8' title="bbox 273 2768 1961 3165">
     <span class='ocr_line' id='line_1_22' title="bbox 358 2768 1961 2856; baseline 0 -22"><span class='ocrx_word' id='word_1_251' title='bbox 358 2770 446 2836; x_wconf 90' lang='lat' dir='ltr'>Inter</span> <span class='ocrx_word' id='word_1_252' title='bbox 474 2771 535 2835; x_wconf 89' lang='lat' dir='ltr'>bas</span> <span class='ocrx_word' id='word_1_253' title='bbox 564 2770 642 2836; x_wconf 89' lang='lat' dir='ltr'>belli</span> <span class='ocrx_word' id='word_1_254' title='bbox 664 2778 751 2836; x_wconf 90' lang='lat' dir='ltr'>artes</span> <span class='ocrx_word' id='word_1_255' title='bbox 774 2777 988 2854; x_wconf 84' lang='lat' dir='ltr'>externosque</span> <span class='ocrx_word' id='word_1_256' title='bbox 1010 2772 1191 2856; x_wconf 89' lang='lat' dir='ltr'>procinctus</span> <span class='ocrx_word' id='word_1_257' title='bbox 1214 2777 1247 2837; x_wconf 86' lang='lat' dir='ltr'>ct</span> <span class='ocrx_word' id='word_1_258' title='bbox 1268 2785 1395 2856; x_wconf 89' lang='lat' dir='ltr'>semper</span> <span class='ocrx_word' id='word_1_259' title='bbox 1416 2770 1457 2836; x_wconf 89' lang='lat' dir='ltr'>de</span> <span class='ocrx_word' id='word_1_260' title='bbox 1480 2770 1627 2836; x_wconf 90' lang='lat' dir='ltr'>hostibus</span> <span class='ocrx_word' id='word_1_261' title='bbox 1647 2788 1750 2834; x_wconf 88' lang='lat' dir='ltr'>noras</span> <span class='ocrx_word' id='word_1_262' title='bbox 1773 2768 1894 2849; x_wconf 85' lang='lat' dir='ltr'>laurus,</span> <span class='ocrx_word' id='word_1_263' title='bbox 1920 2774 1961 2834; x_wconf 89' lang='grc'>23</span> 
     </span>
     <span class='ocr_line' id='line_1_23' title="bbox 273 2869 1900 2959; baseline -0.002 -20"><span class='ocrx_word' id='word_1_264' title='bbox 273 2873 415 2939; x_wconf 88' lang='lat' dir='ltr'>civilium</span> <span class='ocrx_word' id='word_1_265' title='bbox 445 2893 550 2939; x_wconf 87' lang='lat' dir='ltr'>rerum</span> <span class='ocrx_word' id='word_1_266' title='bbox 581 2875 671 2939; x_wconf 92' lang='lat' dir='ltr'>nulla</span> <span class='ocrx_word' id='word_1_267' title='bbox 700 2873 849 2939; x_wconf 88' lang='lat' dir='ltr'>cessatio.</span> <span class='ocrx_word' id='word_1_268' title='bbox 895 2893 1027 2959; x_wconf 89' lang='lat' dir='ltr'>possum</span> <span class='ocrx_word' id='word_1_269' title='bbox 1058 2874 1183 2956; x_wconf 88' lang='lat' dir='ltr'>dicere,</span> <span class='ocrx_word' id='word_1_270' title='bbox 1216 2874 1327 2957; x_wconf 86' lang='lat' dir='ltr'>fugato</span> <span class='ocrx_word' id='word_1_271' title='bbox 1353 2873 1474 2938; x_wconf 89' lang='lat' dir='ltr'>ambitu</span> <span class='ocrx_word' id='word_1_272' title='bbox 1497 2871 1606 2938; x_wconf 91' lang='lat' dir='ltr'>virtuti</span> <span class='ocrx_word' id='word_1_273' title='bbox 1628 2871 1770 2938; x_wconf 89' lang='lat' dir='ltr'>redditas</span> <span class='ocrx_word' id='word_1_274' title='bbox 1793 2869 1900 2953; x_wconf 82' lang='lat' dir='ltr'>digni-</span> 
     </span>
     <span class='ocr_line' id='line_1_24' title="bbox 275 2972 1900 3062; baseline -0.002 -20"><span class='ocrx_word' id='word_1_275' title='bbox 275 2982 358 3042; x_wconf 84' lang='lat' dir='ltr'>tates</span> <span class='ocrx_word' id='word_1_276' title='bbox 380 2996 440 3041; x_wconf 93' lang='lat' dir='ltr'>nec</span> <span class='ocrx_word' id='word_1_277' title='bbox 461 2975 526 3041; x_wconf 93' lang='lat' dir='ltr'>iam</span> <span class='ocrx_word' id='word_1_278' title='bbox 549 2976 594 3042; x_wconf 88' lang='lat' dir='ltr'>ad</span> <span class='ocrx_word' id='word_1_279' title='bbox 615 2977 769 3042; x_wconf 89' lang='lat' dir='ltr'>bonorum</span> <span class='ocrx_word' id='word_1_280' title='bbox 792 2976 913 3041; x_wconf 79' lang='lat' dir='ltr'>infulas</span> <span class='ocrx_word' id='word_1_281' title='bbox 935 2977 1051 3062; x_wconf 90' lang='lat' dir='ltr'>opibus</span> <span class='ocrx_word' id='word_1_282' title='bbox 1072 2977 1158 3042; x_wconf 85' lang='lat' dir='ltr'>riam</span> <span class='ocrx_word' id='word_1_283' title='bbox 1181 2984 1292 3061; x_wconf 89' lang='lat' dir='ltr'>patere</span> <span class='ocrx_word' id='word_1_284' title='bbox 1315 2976 1373 3042; x_wconf 93' lang='lat' dir='ltr'>sed</span> <span class='ocrx_word' id='word_1_285' title='bbox 1395 2976 1551 3057; x_wconf 79' lang='lat' dir='ltr'>moribus,</span> <span class='ocrx_word' id='word_1_286' title='bbox 1577 2982 1752 3041; x_wconf 85' lang='lat' dir='ltr'>castrorum</span> <span class='ocrx_word' id='word_1_287' title='bbox 1775 2972 1900 3039; x_wconf 89' lang='lat' dir='ltr'>curiac-</span> 
     </span>
     <span class='ocr_line' id='line_1_25' title="bbox 273 3077 1901 3165; baseline -0.002 -21"><span class='ocrx_word' id='word_1_288' title='bbox 273 3099 335 3161; x_wconf 87' lang='lat' dir='ltr'>que</span> <span class='ocrx_word' id='word_1_289' title='bbox 358 3099 468 3163; x_wconf 87' lang='lat' dir='ltr'>parem</span> <span class='ocrx_word' id='word_1_290' title='bbox 491 3098 576 3143; x_wconf 91' lang='lat' dir='ltr'>nune</span> <span class='ocrx_word' id='word_1_291' title='bbox 598 3097 670 3145; x_wconf 88' lang='lat' dir='ltr'>esse</span> <span class='ocrx_word' id='word_1_292' title='bbox 693 3079 870 3164; x_wconf 78' lang='lat' dir='ltr'>fortunam,</span> <span class='ocrx_word' id='word_1_293' title='bbox 901 3100 973 3145; x_wconf 90' lang='lat' dir='ltr'>oum</span> <span class='ocrx_word' id='word_1_294' title='bbox 996 3079 1111 3146; x_wconf 88' lang='lat' dir='ltr'>videas</span> <span class='ocrx_word' id='word_1_295' title='bbox 1133 3079 1355 3165; x_wconf 88' lang='lat' dir='ltr'>praetorianas</span> <span class='ocrx_word' id='word_1_296' title='bbox 1378 3080 1525 3145; x_wconf 86' lang='lat' dir='ltr'>cobortes</span> <span class='ocrx_word' id='word_1_297' title='bbox 1548 3099 1662 3164; x_wconf 87' lang='lat' dir='ltr'>parere</span> <span class='ocrx_word' id='word_1_298' title='bbox 1683 3077 1844 3142; x_wconf 92' lang='lat' dir='ltr'>nobilibus</span> <span class='ocrx_word' id='word_1_299' title='bbox 1867 3082 1901 3141; x_wconf 88' lang='lat' dir='ltr'>et</span> 
     </span>
    </p>

    <p class='ocr_par' dir='ltr' id='par_1_9' title="bbox 224 3180 1900 3371">
     <span class='ocr_line' id='line_1_26' title="bbox 224 3180 1900 3267; baseline -0.003 -20"><span class='ocrx_word' id='word_1_300' title='bbox 224 3199 255 3240; x_wconf 75' lang='grc' dir='ltr'>ιι</span> <span class='ocrx_word' id='word_1_301' title='bbox 274 3188 349 3247; x_wconf 88' lang='lat' dir='ltr'>ante</span> <span class='ocrx_word' id='word_1_302' title='bbox 378 3181 525 3247; x_wconf 86' lang='lat' dir='ltr'>emeritos</span> <span class='ocrx_word' id='word_1_303' title='bbox 554 3182 653 3247; x_wconf 88' lang='lat' dir='ltr'>duces</span> <span class='ocrx_word' id='word_1_304' title='bbox 682 3182 805 3247; x_wconf 87' lang='lat' dir='ltr'>urbana</span> <span class='ocrx_word' id='word_1_305' title='bbox 827 3182 968 3266; x_wconf 80' lang='lat' dir='ltr'>insignia</span> <span class='ocrx_word' id='word_1_306' title='bbox 990 3190 1118 3266; x_wconf 79' lang='lat' dir='ltr'>gestare</span> <span class='ocrx_word' id='word_1_307' title='bbox 1141 3183 1283 3249; x_wconf 84' lang='lat' dir='ltr'>lictores.</span> <span class='ocrx_word' id='word_1_308' title='bbox 1330 3189 1423 3265; x_wconf 85' lang='lat' dir='ltr'>togas</span> <span class='ocrx_word' id='word_1_309' title='bbox 1445 3180 1685 3267; x_wconf 88' lang='lat' dir='ltr'>paludamentis</span> <span class='ocrx_word' id='word_1_310' title='bbox 1708 3198 1807 3263; x_wconf 92' lang='lat' dir='ltr'>saepe</span> <span class='ocrx_word' id='word_1_311' title='bbox 1829 3184 1900 3242; x_wconf 88' lang='lat' dir='ltr'>mu-</span> 
     </span>
     <span class='ocr_line' id='line_1_27' title="bbox 273 3284 1473 3371; baseline 0.001 -22"><span class='ocrx_word' id='word_1_312' title='bbox 273 3293 393 3367; x_wconf 86' lang='lat' dir='ltr'>tamus,</span> <span class='ocrx_word' id='word_1_313' title='bbox 419 3284 551 3350; x_wconf 89' lang='lat' dir='ltr'>armatis</span> <span class='ocrx_word' id='word_1_314' title='bbox 574 3285 702 3350; x_wconf 89' lang='lat' dir='ltr'>trabeas</span> <span class='ocrx_word' id='word_1_315' title='bbox 725 3284 907 3370; x_wconf 82' lang='lat' dir='ltr'>frequenter</span> <span class='ocrx_word' id='word_1_316' title='bbox 929 3285 1096 3371; x_wconf 74' lang='lat' dir='ltr'>inlduimas</span> <span class='ocrx_word' id='word_1_317' title='bbox 1122 3335 1473 3351; x_wconf 89' lang='grc'><strong>.............</strong></span> 
     </span>
    </p>
   </div>
   <div class='ocr_carea' id='block_1_3' title="bbox 864 3480 1238 3560">
    <p class='ocr_par' dir='ltr' id='par_1_10' title="bbox 864 3480 1238 3560">
     <span class='ocr_line' id='line_1_28' title="bbox 864 3480 1238 3560; baseline 0.005 -22"><span class='ocrx_word' id='word_1_318' title='bbox 864 3554 866 3559; x_wconf 88' lang='lat'><em>.</em></span> <span class='ocrx_word' id='word_1_319' title='bbox 932 3481 1049 3541; x_wconf 82' lang='lat' dir='ltr'>Desunt</span> <span class='ocrx_word' id='word_1_320' title='bbox 1067 3480 1146 3560; x_wconf 75' lang='lat' dir='ltr'>(otiu</span> <span class='ocrx_word' id='word_1_321' title='bbox 1169 3498 1238 3541; x_wconf 73' lang='lat' dir='ltr'>accc.</span> 
     </span>
    </p>
   </div>
   <div class='ocr_carea' id='block_1_4' title="bbox 433 3783 1669 4122">
    <p class='ocr_par' dir='ltr' id='par_1_11' title="bbox 433 3783 1669 4122">
     <span class='ocr_line' id='line_1_29' title="bbox 856 3783 1314 3850; baseline 0.004 -4"><span class='ocrx_word' id='word_1_322' title='bbox 856 3784 888 3846; x_wconf 89' lang='grc' dir='ltr'><strong>Π</strong></span> <span class='ocrx_word' id='word_1_323' title='bbox 918 3783 994 3848; x_wconf 92' lang='lat' dir='ltr'>bab.</span> <span class='ocrx_word' id='word_1_324' title='bbox 1014 3784 1083 3849; x_wconf 89' lang='lat' dir='ltr'>kal.</span> <span class='ocrx_word' id='word_1_325' title='bbox 1101 3784 1171 3849; x_wconf 90' lang='lat' dir='ltr'>Ian.</span> <span class='ocrx_word' id='word_1_326' title='bbox 1189 3805 1221 3850; x_wconf 87' lang='lat' dir='ltr'>a.</span> <span class='ocrx_word' id='word_1_327' title='bbox 1241 3787 1314 3848; x_wconf 82' lang='lat'><strong>370.</strong></span> 
     </span>
     <span class='ocr_line' id='line_1_30' title="bbox 433 3918 1669 3987; baseline -0.002 -4"><span class='ocrx_word' id='word_1_328' title='bbox 433 3979 435 3983; x_wconf 76' lang='grc'>,</span> <span class='ocrx_word' id='word_1_329' title='bbox 506 3919 724 3985; x_wconf 80' lang='lat' dir='ltr'><strong>LAVDATIO</strong></span> <span class='ocrx_word' id='word_1_330' title='bbox 747 3920 793 3983; x_wconf 87' lang='lat' dir='ltr'>IN</span> <span class='ocrx_word' id='word_1_331' title='bbox 817 3919 1175 3985; x_wconf 79' lang='lat' dir='ltr'>VALENTINIANVM</span> <span class='ocrx_word' id='word_1_332' title='bbox 1198 3918 1416 3987; x_wconf 84' lang='lat' dir='ltr'><strong>SENIOREM</strong></span> <span class='ocrx_word' id='word_1_333' title='bbox 1437 3918 1669 3984; x_wconf 80' lang='lat' dir='ltr'>AVGVSTVM</span> 
     </span>
     <span class='ocr_line' id='line_1_31' title="bbox 993 4057 1174 4122; baseline 0.006 -2"><span class='ocrx_word' id='word_1_334' title='bbox 993 4057 1174 4122; x_wconf 79' lang='lat' dir='ltr'><strong>ALTERA.</strong></span> 
     </span>
    </p>
   </div>
   <div class='ocr_carea' id='block_1_5' title="bbox 959 4233 1208 4312">
    <p class='ocr_par' dir='ltr' id='par_1_12' title="bbox 959 4233 1208 4312">
     <span class='ocr_line' id='line_1_32' title="bbox 959 4233 1208 4312; baseline 0.012 -22"><span class='ocrx_word' id='word_1_335' title='bbox 959 4233 1076 4293; x_wconf 69' lang='lat' dir='ltr'>Deserat</span> <span class='ocrx_word' id='word_1_336' title='bbox 1095 4251 1208 4312; x_wconf 84' lang='lat' dir='ltr'>puceu.</span> 
     </span>
    </p>
   </div>
   <div class='ocr_carea' id='block_1_6' title="bbox 223 4382 2076 4897">
    <p class='ocr_par' dir='ltr' id='par_1_13' title="bbox 223 4382 2076 4897">
     <span class='ocr_line' id='line_1_33' title="bbox 361 4382 2076 4484; baseline 0 -21"><span class='ocrx_word' id='word_1_337' title='bbox 361 4449 582 4464; x_wconf 92' lang='grc'>.......</span> <span class='ocrx_word' id='word_1_338' title='bbox 609 4399 743 4464; x_wconf 83' lang='lat' dir='ltr'>solvitur</span> <span class='ocrx_word' id='word_1_339' title='bbox 772 4420 829 4483; x_wconf 89' lang='lat' dir='ltr'>pro</span> <span class='ocrx_word' id='word_1_340' title='bbox 861 4400 982 4465; x_wconf 88' lang='lat' dir='ltr'>labore.</span> <span class='ocrx_word' id='word_1_341' title='bbox 1035 4399 1200 4465; x_wconf 81' lang='lat' dir='ltr'>fastidium</span> <span class='ocrx_word' id='word_1_342' title='bbox 1233 4406 1265 4465; x_wconf 90' lang='lat' dir='ltr'>te</span> <span class='ocrx_word' id='word_1_343' title='bbox 1299 4400 1432 4465; x_wconf 83' lang='lat' dir='ltr'>forsitan</span> <span class='ocrx_word' id='word_1_344' title='bbox 1466 4406 1595 4484; x_wconf 88' lang='lat' dir='ltr'>caperet</span> <span class='ocrx_word' id='word_1_345' title='bbox 1626 4400 1732 4465; x_wconf 86' lang='lat' dir='ltr'>iterati</span> <span class='ocrx_word' id='word_1_346' title='bbox 1765 4382 1900 4483; x_wconf 82' lang='lat' dir='ltr'>praemii</span> <span class='ocrx_word' id='word_1_347' title='bbox 1914 4425 1987 4467; x_wconf 56' lang='lat' dir='ltr'>rust.</span> <span class='ocrx_word' id='word_1_348' title='bbox 2001 4436 2022 4475; x_wconf 71' lang='lat' dir='ltr'>p.</span> <span class='ocrx_word' id='word_1_349' title='bbox 2037 4424 2076 4465; x_wconf 71' lang='lat' dir='ltr'>aa</span> 
     </span>
     <span class='ocr_line' id='line_1_34' title="bbox 276 4502 1900 4587; baseline -0.001 -20"><span class='ocrx_word' id='word_1_350' title='bbox 276 4511 308 4568; x_wconf 91' lang='lat' dir='ltr'>et</span> <span class='ocrx_word' id='word_1_351' title='bbox 338 4521 437 4585; x_wconf 91' lang='lat' dir='ltr'>saepe</span> <span class='ocrx_word' id='word_1_352' title='bbox 466 4503 650 4587; x_wconf 88' lang='lat' dir='ltr'>repetendi,</span> <span class='ocrx_word' id='word_1_353' title='bbox 684 4503 749 4568; x_wconf 90' lang='lat' dir='ltr'>nisi</span> <span class='ocrx_word' id='word_1_354' title='bbox 774 4503 866 4568; x_wconf 93' lang='lat' dir='ltr'>nobis</span> <span class='ocrx_word' id='word_1_355' title='bbox 888 4504 1089 4581; x_wconf 88' lang='lat' dir='ltr'>consuleres,</span> <span class='ocrx_word' id='word_1_356' title='bbox 1124 4523 1165 4567; x_wconf 91' lang='lat' dir='ltr'>ne</span> <span class='ocrx_word' id='word_1_357' title='bbox 1187 4502 1355 4568; x_wconf 87' lang='lat' dir='ltr'>videamur</span> <span class='ocrx_word' id='word_1_358' title='bbox 1376 4502 1506 4586; x_wconf 82' lang='lat' dir='ltr'>ingrati.</span> <span class='ocrx_word' id='word_1_359' title='bbox 1554 4502 1655 4567; x_wconf 90' lang='lat' dir='ltr'>honor</span> <span class='ocrx_word' id='word_1_360' title='bbox 1675 4502 1734 4566; x_wconf 89' lang='lat' dir='ltr'>tibi</span> <span class='ocrx_word' id='word_1_361' title='bbox 1756 4520 1900 4565; x_wconf 89' lang='lat' dir='ltr'>summus</span> 
     </span>
     <span class='ocr_line' id='line_1_35' title="bbox 272 4604 1899 4691; baseline -0.001 -22"><span class='ocrx_word' id='word_1_362' title='bbox 272 4605 306 4669; x_wconf 92' lang='lat' dir='ltr'>in</span> <span class='ocrx_word' id='word_1_363' title='bbox 336 4605 458 4670; x_wconf 89' lang='lat' dir='ltr'>viribus</span> <span class='ocrx_word' id='word_1_364' title='bbox 494 4613 560 4685; x_wconf 85' lang='lat' dir='ltr'>est,</span> <span class='ocrx_word' id='word_1_365' title='bbox 600 4607 700 4672; x_wconf 89' lang='lat' dir='ltr'>honor</span> <span class='ocrx_word' id='word_1_366' title='bbox 735 4607 850 4691; x_wconf 90' lang='lat' dir='ltr'>plenus</span> <span class='ocrx_word' id='word_1_367' title='bbox 884 4606 917 4670; x_wconf 90' lang='lat' dir='ltr'>in</span> <span class='ocrx_word' id='word_1_368' title='bbox 946 4606 1099 4671; x_wconf 85' lang='lat' dir='ltr'>moribus.</span> <span class='ocrx_word' id='word_1_369' title='bbox 1146 4613 1220 4672; x_wconf 89' lang='lat' dir='ltr'>tuas</span> <span class='ocrx_word' id='word_1_370' title='bbox 1248 4625 1343 4672; x_wconf 82' lang='lat' dir='ltr'>veras</span> <span class='ocrx_word' id='word_1_371' title='bbox 1372 4625 1502 4672; x_wconf 84' lang='lat' dir='ltr'>secures</span> <span class='ocrx_word' id='word_1_372' title='bbox 1531 4625 1595 4671; x_wconf 93' lang='lat' dir='ltr'>non</span> <span class='ocrx_word' id='word_1_373' title='bbox 1624 4605 1768 4670; x_wconf 89' lang='lat' dir='ltr'>lictorum</span> <span class='ocrx_word' id='word_1_374' title='bbox 1798 4604 1899 4669; x_wconf 90' lang='lat' dir='ltr'>umeri</span> 
     </span>
     <span class='ocr_line' id='line_1_36' title="bbox 223 4706 1896 4794; baseline -0.002 -21"><span class='ocrx_word' id='word_1_375' title='bbox 223 4726 254 4764; x_wconf 70' lang='grc' dir='ltr'>ιτ»</span> <span class='ocrx_word' id='word_1_376' title='bbox 276 4707 333 4773; x_wconf 91' lang='lat' dir='ltr'>sed</span> <span class='ocrx_word' id='word_1_377' title='bbox 357 4708 498 4773; x_wconf 88' lang='lat' dir='ltr'>cervices</span> <span class='ocrx_word' id='word_1_378' title='bbox 521 4709 664 4793; x_wconf 83' lang='lat' dir='ltr'>gentium</span> <span class='ocrx_word' id='word_1_379' title='bbox 688 4710 805 4792; x_wconf 80' lang='lat' dir='ltr'>femnt,</span> <span class='ocrx_word' id='word_1_380' title='bbox 830 4729 925 4793; x_wconf 83' lang='lat' dir='ltr'>reges</span> <span class='ocrx_word' id='word_1_381' title='bbox 948 4709 1079 4776; x_wconf 88' lang='lat' dir='ltr'>decreta</span> <span class='ocrx_word' id='word_1_382' title='bbox 1100 4710 1293 4791; x_wconf 85' lang='lat' dir='ltr'>custodiunt,</span> <span class='ocrx_word' id='word_1_383' title='bbox 1320 4710 1456 4775; x_wconf 84' lang='lat' dir='ltr'>castella</span> <span class='ocrx_word' id='word_1_384' title='bbox 1478 4729 1535 4794; x_wconf 88' lang='lat' dir='ltr'>pro</span> <span class='ocrx_word' id='word_1_385' title='bbox 1558 4708 1703 4774; x_wconf 89' lang='lat' dir='ltr'>fascibus</span> <span class='ocrx_word' id='word_1_386' title='bbox 1721 4706 1896 4790; x_wconf 83' lang='lat' dir='ltr'>eriguntur.</span> 
     </span>
     <span class='ocr_line' id='line_1_37' title="bbox 272 4810 1900 4897; baseline 0 -22"><span class='ocrx_word' id='word_1_387' title='bbox 272 4817 306 4875; x_wconf 91' lang='grc' dir='ltr'>ιιι</span> <span class='ocrx_word' id='word_1_388' title='bbox 329 4810 413 4876; x_wconf 90' lang='lat' dir='ltr'>inter·</span> <span class='ocrx_word' id='word_1_389' title='bbox 434 4810 562 4877; x_wconf 91' lang='lat' dir='ltr'>obsides</span> <span class='ocrx_word' id='word_1_390' title='bbox 585 4811 713 4877; x_wconf 86' lang='lat' dir='ltr'>victoris</span> <span class='ocrx_word' id='word_1_391' title='bbox 736 4812 804 4878; x_wconf 88' lang='lat' dir='ltr'>iure</span> <span class='ocrx_word' id='word_1_392' title='bbox 827 4812 1013 4897; x_wconf 88' lang='lat' dir='ltr'>disceptans</span> <span class='ocrx_word' id='word_1_393' title='bbox 1036 4814 1121 4878; x_wconf 88' lang='lat' dir='ltr'>viam</span> <span class='ocrx_word' id='word_1_394' title='bbox 1144 4813 1235 4880; x_wconf 84' lang='lat' dir='ltr'>iubes</span> <span class='ocrx_word' id='word_1_395' title='bbox 1257 4813 1323 4896; x_wconf 83' lang='lat' dir='ltr'>ire,</span> <span class='ocrx_word' id='word_1_396' title='bbox 1355 4833 1435 4896; x_wconf 89' lang='lat' dir='ltr'>quos</span> <span class='ocrx_word' id='word_1_397' title='bbox 1458 4812 1584 4893; x_wconf 86' lang='lat' dir='ltr'>reddis,</span> <span class='ocrx_word' id='word_1_398' title='bbox 1617 4810 1793 4891; x_wconf 73' lang='lat' dir='ltr'>elredus,</span> <span class='ocrx_word' id='word_1_399' title='bbox 1820 4829 1900 4894; x_wconf 89' lang='lat' dir='ltr'>quos</span> 
     </span>
    </p>
   </div>
   <div class='ocr_carea' id='block_1_7' title="bbox 273 4913 1901 5105">
    <p class='ocr_par' dir='ltr' id='par_1_14' title="bbox 273 4913 1901 5105">
     <span class='ocr_line' id='line_1_38' title="bbox 274 4913 1901 5000; baseline 0.001 -23"><span class='ocrx_word' id='word_1_400' title='bbox 274 4913 423 4997; x_wconf 90' lang='lat' dir='ltr'>suscipis.</span> <span class='ocrx_word' id='word_1_401' title='bbox 470 4914 593 4979; x_wconf 90' lang='lat' dir='ltr'>ambiat</span> <span class='ocrx_word' id='word_1_402' title='bbox 622 4915 699 4981; x_wconf 88' lang='lat' dir='ltr'>lieet</span> <span class='ocrx_word' id='word_1_403' title='bbox 727 4935 835 4980; x_wconf 88' lang='lat' dir='ltr'>sacros</span> <span class='ocrx_word' id='word_1_404' title='bbox 858 4935 985 4981; x_wconf 88' lang='lat' dir='ltr'>umcros</span> <span class='ocrx_word' id='word_1_405' title='bbox 1007 4936 1205 5000; x_wconf 87' lang='lat' dir='ltr'>gemmarum</span> <span class='ocrx_word' id='word_1_406' title='bbox 1228 4916 1466 4981; x_wconf 88' lang='lat' dir='ltr'>cohaerentium</span> <span class='ocrx_word' id='word_1_407' title='bbox 1489 4916 1638 4981; x_wconf 84' lang='lat' dir='ltr'>velamen</span> <span class='ocrx_word' id='word_1_408' title='bbox 1659 4913 1846 4998; x_wconf 91' lang='lat' dir='ltr'>opulentum</span> <span class='ocrx_word' id='word_1_409' title='bbox 1869 4920 1901 4978; x_wconf 88' lang='lat' dir='ltr'>et</span> 
     </span>
     <span class='ocr_line' id='line_1_39' title="bbox 273 5015 1898 5105; baseline 0.001 -27"><span class='ocrx_word' id='word_1_410' title='bbox 273 5015 417 5080; x_wconf 88' lang='lat' dir='ltr'>trabeam</span> <span class='ocrx_word' id='word_1_411' title='bbox 441 5017 640 5082; x_wconf 89' lang='lat' dir='ltr'>consularem</span> <span class='ocrx_word' id='word_1_412' title='bbox 664 5016 823 5083; x_wconf 89' lang='lat' dir='ltr'>discolora</span> <span class='ocrx_word' id='word_1_413' title='bbox 845 5025 932 5084; x_wconf 83' lang='lat' dir='ltr'>serta</span> <span class='ocrx_word' id='word_1_414' title='bbox 953 5025 1158 5103; x_wconf 82' lang='lat' dir='ltr'>praetexant:</span> <span class='ocrx_word' id='word_1_415' title='bbox 1185 5018 1242 5084; x_wconf 88' lang='lat' dir='ltr'>ille</span> <span class='ocrx_word' id='word_1_416' title='bbox 1264 5026 1373 5085; x_wconf 89' lang='lat' dir='ltr'>tamen</span> <span class='ocrx_word' id='word_1_417' title='bbox 1395 5025 1526 5084; x_wconf 87' lang='lat' dir='ltr'>umatus</span> <span class='ocrx_word' id='word_1_418' title='bbox 1547 5016 1704 5105; x_wconf 81' lang='lat' dir='ltr'>iusignior</span> <span class='ocrx_word' id='word_1_419' title='bbox 1718 5022 1778 5093; x_wconf 85' lang='lat' dir='ltr'>est,</span> <span class='ocrx_word' id='word_1_420' title='bbox 1805 5036 1898 5099; x_wconf 87' lang='lat' dir='ltr'>quem</span> 
     </span>
    </p>
   </div>
   <div class='ocr_carea' id='block_1_8' title="bbox 520 5194 686 5201">
    <p class='ocr_par' dir='ltr' id='par_1_15' title="bbox 520 5194 686 5201">
     <span class='ocr_line' id='line_1_40' title="bbox 520 5194 686 5201; baseline 0.012 -2"><span class='ocrx_word' id='word_1_421' title='bbox 520 5194 686 5201; x_wconf 68' lang='lat'>-.-——-</span> 
     </span>
    </p>
   </div>
   <div class='ocr_carea' id='block_1_9' title="bbox 358 5292 1352 5702">
    <p class='ocr_par' dir='ltr' id='par_1_16' title="bbox 359 5292 1352 5430">
     <span class='ocr_line' id='line_1_41' title="bbox 361 5292 1352 5357; baseline 0.002 -16"><span class='ocrx_word' id='word_1_422' title='bbox 361 5292 437 5342; x_wconf 89' lang='lat' dir='ltr'>lillo</span> <span class='ocrx_word' id='word_1_423' title='bbox 455 5295 523 5344; x_wconf 87' lang='lat' dir='ltr'>bello</span> <span class='ocrx_word' id='word_1_424' title='bbox 542 5293 639 5356; x_wconf 80' lang='lat' dir='ltr'>Mocblp</span> <span class='ocrx_word' id='word_1_425' title='bbox 743 5294 803 5342; x_wconf 85' lang='lat' dir='ltr'>3te</span> <span class='ocrx_word' id='word_1_426' title='bbox 820 5310 881 5345; x_wconf 78' lang='lat' dir='ltr'>corr.</span> <span class='ocrx_word' id='word_1_427' title='bbox 901 5310 930 5344; x_wconf 75' lang='lat' dir='ltr'>cs</span> <span class='ocrx_word' id='word_1_428' title='bbox 948 5311 981 5343; x_wconf 88' lang='lat' dir='ltr'>ue</span> <span class='ocrx_word' id='word_1_429' title='bbox 1002 5300 1068 5345; x_wconf 88' lang='lat' dir='ltr'>lm.</span> <span class='ocrx_word' id='word_1_430' title='bbox 1174 5296 1352 5357; x_wconf 75' lang='lat' dir='ltr'>bneolcgctur</span> 
     </span>
     <span class='ocr_line' id='line_1_42' title="bbox 359 5380 1266 5430; baseline 0.003 -4"><span class='ocrx_word' id='word_1_431' title='bbox 359 5380 375 5426; x_wconf 88' lang='grc'><strong>6</strong></span> <span class='ocrx_word' id='word_1_432' title='bbox 394 5382 496 5428; x_wconf 74' lang='lat' dir='ltr'>nalursc</span> <span class='ocrx_word' id='word_1_433' title='bbox 513 5394 575 5428; x_wconf 83' lang='lat' dir='ltr'>corr.</span> <span class='ocrx_word' id='word_1_434' title='bbox 597 5382 624 5428; x_wconf 81' lang='lat' dir='ltr'>in</span> <span class='ocrx_word' id='word_1_435' title='bbox 642 5385 747 5429; x_wconf 75' lang='lat' dir='ltr'>naturae</span> <span class='ocrx_word' id='word_1_436' title='bbox 766 5385 778 5428; x_wconf 91' lang='lat' dir='ltr'>l</span> <span class='ocrx_word' id='word_1_437' title='bbox 798 5396 832 5430; x_wconf 88' lang='lat' dir='ltr'>m.</span> <span class='ocrx_word' id='word_1_438' title='bbox 939 5381 953 5429; x_wconf 88' lang='grc' dir='ltr'>ἰ’</span> <span class='ocrx_word' id='word_1_439' title='bbox 972 5383 1054 5430; x_wconf 82' lang='lat' dir='ltr'>causis</span> <span class='ocrx_word' id='word_1_440' title='bbox 1073 5382 1125 5430; x_wconf 86' lang='lat' dir='ltr'>tulo</span> <span class='ocrx_word' id='word_1_441' title='bbox 1143 5381 1266 5429; x_wconf 70' lang='lat' dir='ltr'>saetam</span> 
     </span>
    </p>

    <p class='ocr_par' dir='ltr' id='par_1_17' title="bbox 362 5464 855 5531">
     <span class='ocr_line' id='line_1_43' title="bbox 362 5464 855 5531; baseline 0.006 -19"><span class='ocrx_word' id='word_1_442' title='bbox 362 5464 392 5513; x_wconf 86' lang='grc'>12</span> <span class='ocrx_word' id='word_1_443' title='bbox 410 5466 520 5514; x_wconf 78' lang='lat' dir='ltr'>latrones</span> <span class='ocrx_word' id='word_1_444' title='bbox 539 5470 551 5514; x_wconf 87' lang='lat'><em>1</em></span> <span class='ocrx_word' id='word_1_445' title='bbox 571 5482 606 5516; x_wconf 88' lang='lat' dir='ltr'>m.</span> <span class='ocrx_word' id='word_1_446' title='bbox 716 5465 746 5514; x_wconf 80' lang='lat' dir='ltr'>ts</span> <span class='ocrx_word' id='word_1_447' title='bbox 764 5464 855 5531; x_wconf 75' lang='lat' dir='ltr'>adolete</span> 
     </span>
    </p>

    <p class='ocr_par' dir='ltr' id='par_1_18' title="bbox 362 5547 746 5617">
     <span class='ocr_line' id='line_1_44' title="bbox 362 5547 746 5617; baseline 0.008 -20"><span class='ocrx_word' id='word_1_448' title='bbox 362 5549 391 5598; x_wconf 79' lang='lat' dir='ltr'>lu</span> <span class='ocrx_word' id='word_1_449' title='bbox 411 5547 536 5617; x_wconf 83' lang='lat' dir='ltr'>numinis]</span> <span class='ocrx_word' id='word_1_450' title='bbox 555 5550 615 5613; x_wconf 79' lang='lat' dir='ltr'>Mal,</span> <span class='ocrx_word' id='word_1_451' title='bbox 636 5553 746 5600; x_wconf 84' lang='lat' dir='ltr'>nomiuls</span> 
     </span>
    </p>

    <p class='ocr_par' dir='ltr' id='par_1_19' title="bbox 358 5635 842 5702">
     <span class='ocr_line' id='line_1_45' title="bbox 358 5635 842 5702; baseline 0.006 -18"><span class='ocrx_word' id='word_1_452' title='bbox 358 5635 387 5684; x_wconf 86' lang='grc'>21</span> <span class='ocrx_word' id='word_1_453' title='bbox 410 5650 566 5702; x_wconf 75' lang='lat' dir='ltr'>nouaspppap</span> <span class='ocrx_word' id='word_1_454' title='bbox 670 5637 703 5686; x_wconf 84' lang='grc'>25</span> <span class='ocrx_word' id='word_1_455' title='bbox 722 5640 842 5687; x_wconf 84' lang='lat' dir='ltr'>emeritus</span> 
     </span>
    </p>
   </div>
   <div class='ocr_carea' id='block_1_10' title="bbox 272 5721 1863 5876">
    <p class='ocr_par' dir='ltr' id='par_1_20' title="bbox 272 5721 1863 5876">
     <span class='ocr_line' id='line_1_46' title="bbox 358 5721 1863 5795; baseline 0.002 -25"><span class='ocrx_word' id='word_1_456' title='bbox 358 5721 390 5770; x_wconf 83' lang='lat'>32</span> <span class='ocrx_word' id='word_1_457' title='bbox 408 5721 529 5786; x_wconf 72' lang='lat' dir='ltr'>taleporet</span> <span class='ocrx_word' id='word_1_458' title='bbox 641 5723 811 5788; x_wconf 69' lang='lat' dir='ltr'>libraremus</span> <span class='ocrx_word' id='word_1_459' title='bbox 914 5725 947 5775; x_wconf 79' lang='lat'>36</span> <span class='ocrx_word' id='word_1_460' title='bbox 965 5721 1121 5795; x_wconf 68' lang='lat' dir='ltr'>dislceptans</span> <span class='ocrx_word' id='word_1_461' title='bbox 1224 5728 1316 5779; x_wconf 84' lang='lat' dir='ltr'>lubens</span> <span class='ocrx_word' id='word_1_462' title='bbox 1426 5727 1457 5776; x_wconf 80' lang='lat'>37</span> <span class='ocrx_word' id='word_1_463' title='bbox 1478 5728 1588 5790; x_wconf 75' lang='lat' dir='ltr'>susolpis</span> <span class='ocrx_word' id='word_1_464' title='bbox 1693 5727 1863 5775; x_wconf 86' lang='lat' dir='ltr'>coberontlum</span> 
     </span>
     <span class='ocr_line' id='line_1_47' title="bbox 272 5803 538 5876; baseline 0.019 -23"><span class='ocrx_word' id='word_1_465' title='bbox 272 5803 450 5876; x_wconf 65' lang='lat' dir='ltr'>opitulenltum</span> <span class='ocrx_word' id='word_1_466' title='bbox 473 5813 484 5856; x_wconf 87' lang='lat'><em>1</em></span> <span class='ocrx_word' id='word_1_467' title='bbox 503 5826 538 5863; x_wconf 80' lang='lat' dir='ltr'>m.</span> 
     </span>
    </p>
   </div>
   <div class='ocr_carea' id='block_1_11' title="bbox 1637 5914 1691 5966">
    <p class='ocr_par' dir='ltr' id='par_1_21' title="bbox 1637 5914 1691 5966">
     <span class='ocr_line' id='line_1_48' title="bbox 1637 5914 1691 5966; baseline 0.037 -2"><span class='ocrx_word' id='word_1_468' title='bbox 1637 5914 1691 5966; x_wconf 70' lang='lat' dir='ltr'>ll*</span> 
     </span>
    </p>
   </div>
   <div class='ocr_carea' id='block_1_12' title="bbox 0 0 2376 6468">
    <p class='ocr_par' dir='ltr' id='par_1_22' title="bbox 0 0 2376 6468">
     <span class='ocr_line' id='line_1_49' title="bbox 0 0 2376 6468; baseline 0 0"><span class='ocrx_word' id='word_1_469' title='bbox 0 0 2376 6468; x_wconf 95' lang='lat' dir='ltr'> </span> 
     </span>
    </p>
   </div>
  </div>
 </body>
</html>
