4722 6470
681 476 707 531 v
726 479 826 529 00-00
845 475 899 532 AD
918 477 1090 533 LIOlNlVM
1109 478 1158 532 ΕΤ
1176 478 1372 535 0110001001.
1555 522 1570 539 .
1741 481 1843 548 0th

207 699 358 784 generis,
395 701 580 766 consulares
602 706 635 766 et
656 699 838 786 praesides,
873 702 925 767 vel
948 722 989 769 ea
1011 702 1052 768 dc
1074 721 1172 769 causa
1193 700 1355 768 numerari
1375 723 1440 768 non
1462 709 1584 788 potest,
1611 703 1688 786 quia
1709 704 1762 770 lex
1785 724 1844 787 ge-

207 820 335 886 neralis
358 821 457 887 totius
479 819 591 887 limitis
614 840 759 887 annonas
781 828 931 907 spectans
953 820 1063 904 iudici,
1092 822 1147 905 qui
1168 843 1287 907 000000
1309 829 1434 888 tantum
1456 823 1526 890 eius
1548 824 1631 909 parti
1652 824 1841 910 praefuerit,

209 961 329 1025 parum
352 942 518 1022 convenit3
554 960 658 1026 neque
681 942 722 1008 de
744 942 932 1028 proconsule
955 941 1097 1025 cogitare
1119 942 1213 1027 licet,
1247 943 1339 1009 cuius
1360 942 1526 1031 provincia
1547 943 1682 1010 limitem
1704 964 1745 1011 ne
1768 963 1846 1022 con·

209 1060 362 1146 tingebat
384 1061 525 1145 quidem,
550 1061 739 1147 praesertim
761 1081 833 1129 curn
856 1061 910 1128 die
932 1068 1043 1146 quarto
1065 1069 1140 1147 post
1160 1063 1244 1129 hanc
1265 1062 1523 1131 constitutionem
1539 1063 1647 1130 datum
1661 1063 1844 1132 Messianus
1908 1062 1912 1077 ¹

208 1182 384 1267 proconsul
407 1181 537 1249 Africae
565 1182 632 1267 legi
654 1181 733 1249 000.
759 1181 884 1248 20000.
910 1183 941 1246 Χ
967 1188 994 1265 1,
1024 1184 1063 1246 13
1085 1182 1335 1269 praescribatur.
1380 1185 1491 1251 nullus
1513 1183 1612 1269 igitur
1633 1183 1719 1251 alius
1740 1186 1847 1269 magi-

210 1309 336 1368 stratus
357 1302 559 1388 relinquitur,
585 1323 680 1385 quam
704 1302 825 1368 vicaria
845 1322 904 1389 per
924 1301 1066 1369 Africam
1088 1304 1302 1389 praefectura,
1327 1324 1411 1388 0000
1433 1303 1566 1389 00000ἱο
1588 1325 1716 1391 quoque
1730 1306 1847 1372 Licinii

212 1422 392 1490 honoribus
414 1422 567 1508 temporis
589 1430 622 1490 et
643 1411 810 1508 dignitatis
832 1422 944 1490 ordine
966 1428 1043 1509 apte
1063 1424 1226 1493 inseritur.
1268 1445 1354 1491 anno
1376 1424 1462 1492 enim
1485 1427 1545 1491 387
1570 1426 1701 1493 1000010
1722 1427 1844 1494 clarum

211 1543 248 1608 in
277 1544 356 1609 aula
385 1541 538 1609 honorem
565 1544 716 1626 gerebat,
753 1563 848 1627 quem
881 1542 1065 1610 comitivam
1093 1565 1256 1611 sacrarum
1285 1546 1490 1630 largitionum
1519 1545 1622 1613 fuisse
1651 1546 1842 1632 putaverim.

213 1683 291 1728 nam
314 1662 527 1747 Symmachus
554 1682 576 1728 a
597 1661 814 1729 Valentiniani
836 1662 976 1747 Augusti
1004 1664 1095 1731 festis
1124 1666 1346 1734 consularibus
1372 1670 1413 1751 (0.
1441 1669 1513 1752 387)
1540 1668 1675 1734 Romam
1697 1686 1846 1734 reversus

218 1785 263 1867 (p.
282 1781 479 1867 CXXXIV),
505 1782 546 1849 de
568 1780 773 1867 inquisitione
796 1783 901 1867 pontis
923 1789 1020 1867 atque
1038 1785 1193 1853 basilicae
1207 1786 1253 1853 ad
1267 1788 1459 1872 Eusiguium
1474 1787 1671 1873 praefectum
1685 1787 1847 1873 praetorio

214 1910 249 1968 et
270 1903 431 1969 Licinium
458 1902 651 1987 scribit⁸¹⁹l,
681 1923 765 1987 quae
788 1922 855 1985 res,
891 1924 962 1970 cum
985 1904 1026 1973 de
1049 1908 1231 1992 sumptibus
1251 1907 1392 1992 publicis
1414 1908 1559 1992 quaestio
1581 1915 1684 1990 esset,
1719 1912 1849 1994 praeter

215 2043 378 2088 summum
406 2022 533 2107 imperii
562 2021 700 2089 iudicem
727 2023 874 2109 inprimis
903 2045 977 2091 eum
1005 2024 1228 2109 magistratum
1258 2030 1443 2114 spectabat,
1475 2028 1527 2097 cui
1558 2028 1676 2096 aerarii
1698 2028 1849 2095 000010-

214 2143 392 2209 camberei.

305 2262 470 2328 Limenius
492 2263 576 2329 iuter
597 2264 630 2329 d.
657 2267 697 2329 23
720 2263 799 2331 Dec.
825 2285 855 2330 a.
883 2268 944 2330 399
954 2268 1004 2349 830)
1033 2268 1128 2332 0127
1151 2267 1244 2335 Mart.
1270 2288 1301 2333 a.
1327 2274 1390 2335 400
1421 2288 1528 2337 comes
1556 2290 1720 2336 sacrarum
1748 2269 1849 2354 largi-

214 2383 339 2449 tionum
362 2383 468 2450 faetus
490 2386 616 2470 000831),
643 2403 925 2469 successoremque
947 2385 1072 2473 accepit
1093 2385 1176 2454 inter
1198 2388 1231 2454 d.
1253 2394 1289 2453 17
1307 2396 1340 2456 et
1355 2392 1397 2454 26
1411 2390 1506 2456 Febr.
1524 2411 1556 2457 a.
1575 2392 1714 2474 401833).
1753 2411 1849 2476 prae-

218 2503 324 2570 fectus
353 2505 512 2588 praetorio
543 2504 737 2587 Galliarum,
771 2525 834 2588 quo
862 2512 1006 2592 tempore
1035 2508 1263 2575 Constantinus
1286 2531 1318 2575 a.
1344 2513 1406 2575 408
1435 2511 1605 2595 imperium
1635 2510 1769 2595 invasit,
1803 2511 1849 2577 ad

220 2624 398 2690 Honorinm
420 2625 574 2710 confugit,
599 2644 705 2708 00000
727 2625 827 2692 multo
849 2633 923 2712 post
944 2626 1101 2694 seditione
1123 2628 1261 2696 militum
1283 2629 1389 2697 licini
1410 2630 1597 2698 interfectus
1620 2633 1744 2715 000833).

307 3006 347 3065 74
372 3002 585 3086 Symmachus
613 3002 707 3068 simul
731 3024 802 3070 cum
825 3005 970 3072 Limenio
993 3007 1112 3093 fuerat,
1144 3018 1317 3093 antequam
1339 3008 1454 3076 itinere
1476 3010 1602 3077 dicrum
1624 3017 1695 3077 octo
1718 3030 1847 3078 emenso

218 3123 353 3187 Romam
375 3129 598 3189 reverteretur.
637 3123 719 3190 0000
739 3125 907 3210 aptissime
930 3128 972 3194 ad
995 3128 1283 3198 festa'consularia
1305 3129 1492 3197 Stilichonis
1514 3129 1667 3197 kalendis
1688 3131 1849 3199 Ianuariis

219 3263 248 3307 a.
274 3246 340 3308 400
374 3242 563 3308 Mediolanii
597 3244 760 3310 celebrata
792 3246 989 3332 referuntur,
1027 3249 1144 3332 quibus
1177 3251 1389 3335 Symmachus
1421 3251 1566 3318 interfuit
1602 3252 1643 3337 (v.
1669 3274 1702 3338 p.
1728 3253 1845 3335 LXII).

219 3362 333 3429 codem
350 3362 435 3428 enim
450 3370 592 3447 tempure
608 3349 838 3432 Limenium'in
854 3369 1007 3436 comitatu
1023 3370 1133 3454 fuisse,
1153 3372 1360 3456 magistratus
1375 3378 1451 3438 tunc
1465 3373 1507 3438 ab
1523 3392 1561 3439 eo
1576 3380 1727 3458 acceptus
1743 3372 1846 3438 docet.
1889 3424 1895 3437 .

305 3487 346 3547 75
371 3481 536 3549 Limenius
565 3484 663 3550 iudex
692 3485 752 3553 fon'
780 3487 919 3554 alicuius
946 3490 1173 3557 advocatorum
1203 3512 1333 3578 corpore
1359 3491 1518 3559 instructi.
1564 3493 1646 3560 haec
1674 3492 1850 3577 nequead

220 3602 404 3669 comitivam
426 3622 588 3671 sacramm
611 3604 818 3697 largitionum
841 3609 953 3675 referri
976 3616 1118 3696 possunt,
1147 3612 1206 3676 000
1228 3631 1293 3694 000
1315 3613 1487 3679 advocatos
1510 3613 1668 3678 militasse
1690 3632 1849 3696 nusquam
1917 3624 1919 3628 “

221 3723 357 3789 caditur
385 3742 490 3805 neque
520 3725 588 3792 veri
617 3724 722 3792 simile
751 3734 815 3811 est,
849 3749 954 3812 00000
983 3730 1027 3796 00
1055 3730 1291 3817 praefecturam
1320 3733 1496 3819 praetorio,
1530 3739 1640 3819 utpote
1669 3753 1753 3818 quae
1779 3740 1852 3818 post

222 3842 407 3928 Symmachi
437 3851 570 3911 mortem
601 3853 695 3929 gesta
719 3844 771 3912 sit.
818 3848 928 3932 itaque
951 3849 992 3916 de
1013 3850 1291 3920 administratione
1313 3852 1424 3937 aliqua
1445 3853 1634 3939 provinciali
1655 3860 1730 3920 ante
1752 3854 1850 3919 comi-

222 3963 321 4029 tivam
349 3965 491 4048 (albii)
518 3965 666 4051 deposita
688 3967 907 4051 cogitaverim.

310 4088 352 4148 76
375 4084 496 4170 scripta
517 4107 546 4150 0.
574 4088 635 4150 387
659 4086 789 4154 ineunte
812 4088 909 4155 simul
931 4109 1002 4156 cum
1026 4091 1070 4157 IV
1094 4095 1145 4175 70,
1172 4091 1227 4158 uhi
1249 4092 1336 4160 vide.

887 4321 966 4329 ——·-
993 4321 1065 4328 ως...
1087 4322 1137 4327 -μ
1154 4322 1196 4327 ..-

744 4518 777 4601 V
804 4520 882 4602 18-
895 4520 942 4602 98
974 4519 1037 4602 ΑΙ)
1065 4521 1332 4606 HELPIDIVM.

310 4702 454 4787 Helpidii
486 4703 548 4770 duo
576 4706 611 4770 in
634 4707 819 4791 Symmachi
850 4708 979 4793 scriptis
1009 4709 1246 4793 discernuntur,
1281 4733 1414 4796 quorum
1444 4715 1580 4780 altera.
1606 4714 1855 4801 4001000100

226 4819 446 4888 adulescentia
468 4831 553 4909 erat,
583 4833 692 4912 utpote
714 4828 770 4910 qui
792 4836 1000 4914 praeceptore
1022 4829 1119 4895 etiam
1141 4837 1208 4896 tum
1232 4839 1374 4899 uteretur
1382 4836 1451 4919 ⁸²⁴),
1478 4835 1560 4900 01100
1580 4836 1644 4900 ianr
1666 4855 1697 4899 a.
1726 4838 1787 4898 393
1810 4835 1853 4900 00

230 4988 307 4999 ··-··—--

230 5084 400 5147 reipublicae,
420 5088 491 5133 cuiue
508 5088 627 5135 utilitates
646 5091 709 5136 inter
724 5091 859 5152 praecipua
877 5093 1171 5155 circumamplectens,
1192 5095 1381 5144 clarissime
1399 5100 1427 5143 et
1446 5096 1582 5145 inlustri
1599 5099 1669 5145 ciro
1685 5097 1854 5158 praefecto

228 5166 360 5227 dipnure
377 5171 550 5221 adstruere
567 5178 594 5221 ct
611 5189 636 5235 q.
657 5188 678 5225 0.

312 5254 368 5318 819)
390 5258 428 5306 IV
447 5257 495 5319 7ος
517 5258 541 5307 V
559 5257 600 5308 70.

313 5340 370 5405 820)
392 5344 453 5393 cod.
474 5343 570 5394 Theod.
589 5345 625 5393 vl
645 5344 686 5407 30,
709 5346 749 5396 17.

313 5426 371 5491 821)
392 5429 452 5479 Ccd.
473 5430 538 5480 inst.
559 5430 630 5490 140,
653 5430 693 5481 10.

315 5512 374 5577 822)
394 5515 455 5567 Cod.
476 5516 570 5566 Theod.
591 5518 604 5564 1
623 5516 665 5579 10,
685 5518 710 5568 l.
736 5520 845 5568 traditur
864 5520 969 5571 111tat.
985 5522 1070 5583 itaet,
1091 5523 1136 5571 scd
1154 5524 1212 5585 quia
1225 5524 1360 5571 Patruinus
1381 5524 1494 5571 Limenia
1510 5525 1560 5571 lam
1580 5523 1717 5571 antediem
1731 5522 1850 5574 260000.

233 5601 356 5660 successit,
376 5602 539 5651 scribendum
556 5610 597 5652 est
614 5604 680 5651 Xlll
698 5604 748 5653 leat.
770 5602 845 5654 Mart.
884 5620 907 5654 0.
928 5608 959 5655 ed
977 5610 1053 5670 epist.
1074 5608 1123 5655 Vll
1144 5607 1288 5658 102-128.

314 5684 372 5747 823)
392 5688 486 5737 zosim.
507 5690 530 5737 V
548 5687 590 5739 32,

315 5768 371 5833 824)
394 5772 453 5832 146,
474 5774 498 5823 2.
