4686 6472
787 467 838 555 DE
857 466 1053 525 siluissem
1071 467 1274 525 EPISTVLIS.
1727 467 1852 533 XXXV

305 692 396 772 Quae
419 698 550 759 secutae
572 698 646 758 sunt
668 690 841 758 editionem
863 690 963 756 lureti
985 690 1160 757 medanae
1181 696 1246 757 tres
1274 690 1436 773 (Generae
1458 693 1559 769 rask
1589 693 1689 771 l5983
1717 690 1751 756 S.
1770 691 1852 757 Ger-

220 814 301 881 vasii
332 815 426 895 1601)
459 819 587 898 praeter
617 812 816 879 coniecturas
845 810 974 894 aliquas
1001 809 1084 876 nihil
1113 812 1305 894 adularent,
1338 811 1424 894 quod
1453 811 1616 878 codicibus
1646 811 1791 878 Parisino
1819 817 1853 878 et

221 934 366 1002 Palatino
395 933 532 1019 repertis
561 932 669 1000 adhuc
696 932 995 999 commemoratione
1023 929 1158 1016 dignum
1187 931 1329 1012 videtum
1364 931 1474 1016 magni
1504 939 1611 998 autem
1635 939 1668 999 et
1687 931 1849 999 interdum

220 1054 351 1121 mummi
380 1053 532 1120 momenti
561 1059 654 1135 suut,
687 1071 770 1136 quae
792 1050 963 1138 Scioppius
993 1051 1125 1136 protulit
1152 1051 1186 1116 in
1209 1072 1247 1118 eo
1269 1052 1366 1135 libro,
1398 1051 1491 1118 cuius
1512 1052 1749 1139 inscriptionem
1773 1053 1850 1118 sub-

220 1174 371 1242 lecimus:

304 1298 454 1379 Gasperis
478 1295 610 1378 schoppi
631 1295 748 1357 Franci
774 1294 988 1355 Verisimilium
1010 1292 1085 1355 libri
1106 1300 1255 1375 mutuor,
1287 1295 1319 1354 in
1342 1293 1451 1376 quibus
1473 1296 1571 1358 mulla
1592 1303 1728 1358 vaurum
1749 1298 1852 1378 scrip-

222 1426 318 1480 tarum
342 1418 427 1490 loca,
461 1417 635 1498 Symmachi
655 1414 807 1494 mumime,
842 1414 911 1476 Gor.
937 1415 1076 1495 Nepotis,
1106 1415 1271 1497 Propertii,
1300 1417 1448 1494 Petronii,
1481 1417 1613 1478 aliorum
1634 1418 1847 1497 emendantur,

221 1546 381 1622 aupenlur,
409 1538 620 1600 illustrantur.
668 1534 864 1616 Noriberpae,
890 1534 1058 1597 eoemdebat
1084 1535 1197 1597 Paulm
1220 1534 1407 1615 Kauirnann,
1435 1556 1516 1598 unna
1538 1538 1703 1600 Marcii.

304 1656 428 1722 Nactus
451 1662 520 1721 erat
535 1652 706 1739 Scioppius
728 1653 769 1719 ab
785 1652 929 1718 Huberta
944 1652 1106 1737 Giphauio
1122 1651 1264 1718 codicem
1291 1652 1351 1737 (Γ),
1378 1674 1472 1736 quem
1497 1676 1538 1733 ex
1560 1654 1757 1722 bibliotheca
1779 1676 1850 1722 car-

221 1777 338 1843 dinalis
354 1774 557 1842 Bessarionis
580 1779 761 1859 surreptum
783 1773 854 1858 ipse
877 1772 965 1855 dicit,
991 1771 1117 1838 libroll
1139 1773 1239 1839 multo
1261 1772 1450 1857 pleniorem.
1485 1776 1637 1861 scriptus
1651 1783 1720 1841 erat
1734 1775 1850 1843 litteris

223 1895 491 1981 Langobardicis,
528 1901 564 1960 ut
592 1892 734 1979 Scioppii
767 1893 865 1959 verbo
894 1898 983 1975 utar,
1019 1891 1106 1976 quod
1134 1913 1175 1959 ex
1204 1912 1265 1959 usu
1294 1893 1383 1960 illius
1412 1895 1536 1961 saecmi
1565 1895 1762 1963 minusculas
1792 1896 1850 1964 de·

222 2017 328 2101 signat
337 2018 396 2100 ιι),
427 2033 602 2098 omnesque
628 2013 854 2100 inscriptiones
876 2012 1076 2094 continebat,
1109 2033 1192 2096 quae
1214 2012 1248 2078 iu
1270 2015 1296 2078 P
1317 2035 1445 2098 quoque
1467 2016 1678 2101 reperiuntur.
1726 2037 1767 2083 ex
1788 2018 1849 2087 hoc

222 2138 301 2203 libra
330 2136 501 2222 Scioppius
531 2136 649 2201 multas
679 2133 919 2203 emendationes
948 2134 1080 2219 protulit
1110 2133 1332 2219 epistulasque
1361 2135 1636 2222 publicarit123
1671 2141 1708 2217 3;
1742 2141 1778 2219 83
1806 2143 1844 2219 93

221 2257 312 2323 VIIII
338 2262 392 2339 ¹93
420 2260 479 2336 21,
506 2260 564 2335 63;
594 2260 653 2320 100
684 2262 717 2321 et
745 2254 912 2320 dimidiam
935 2274 987 2339 ep.
1013 2253 1107 2319 VIIII
1130 2256 1190 2335 23,
1224 2261 1257 2321 et
1276 2253 1324 2322 ita
1345 2255 1496 2340 quidem,
1528 2265 1564 2323 ut
1585 2258 1729 2343 exceptis
1751 2260 1849 2327 rebus

221 2374 475 2463 orthographicis
503 2376 662 2460 integram
694 2373 814 2466 codicis
843 2373 1032 2459 scripturam
1062 2380 1254 2459 proponeret
1281 2373 1562 2443 emendationibus
1591 2377 1625 2443 in
1651 2379 1774 2444 calcem
1796 2400 1849 2446 re-

222 2498 321 2564 iactis.

303 2615 541 2683 verisimilibus
563 2614 658 2682 editis
673 2614 810 2681 alterum
826 2612 968 2679 codicem
984 2611 1180 2679 Fuldeusem
1200 2614 1250 2698 (Φ)
1270 2614 1406 2699 accepit,
1432 2616 1584 2702 scriptum
1600 2617 1717 2702 partim
1732 2617 1848 2685 litteris

222 2737 420 2820 uncialibus,
454 2735 571 2822 partim
594 2734 801 2817 minusculis,
828 2733 887 2800 sed
909 2733 965 2817 qui
986 2753 1049 2799 non
1071 2732 1266 2819 procedebat
1289 2736 1373 2802 ultra
1394 2735 1439 2812 V,
1467 2740 1520 2801 29.
1567 2757 1585 2803 e
1607 2759 1670 2822 quo
1693 2738 1847 2807 lectiones

219 2878 338 2943 paucas
361 2857 483 2943 publici
504 2855 584 2922 iuris
607 2855 683 2922 iecit
703 2855 737 2921 in
761 2860 979 2940 Suspcclumm
1001 2858 1159 2919 lectionum
1183 2847 1271 2919 libris
1294 2859 1481 2940 quinquen),
1509 2857 1619 2942 plures
1648 2857 1682 2924 iu
1705 2859 1845 2927 editione

220 2984 331 3064 postea
353 2975 643 3044 commemoranda.

302 3099 443 3182 Vterque
465 3096 605 3180 denique
627 3095 729 3162 codex
751 3094 914 3161 adhibitus
937 3101 986 3162 est
1006 3094 1041 3160 iu
1062 3094 1154 3177 libro,
1182 3096 1238 3179 qui
1259 3095 1460 3163 inscribitur:

305 3221 453 3302 Gaspcris
476 3219 607 3301 Sohoppi
629 3219 744 3280 Franci
765 3218 801 3279 de
822 3216 897 3280 Arte
919 3218 1043 3297 critica,
1076 3226 1105 3280 cl
1129 3220 1295 3300 praecipue
1325 3218 1361 3281 de
1383 3221 1484 3282 altera
1506 3221 1570 3282 eius
1591 3228 1681 3302 parte
1703 3221 1847 3283 emenda-

219 3344 302 3421 trice,
329 3360 408 3423 puae
430 3342 510 3403 ratio
533 3342 566 3402 in
589 3340 706 3402 Latinis
728 3338 931 3420 scriptoribus
953 3357 996 3400 em
1019 3340 1136 3422 inuenio
1159 3339 1356 3403 emendandis
1379 3340 1540 3403 obseruari
1560 3341 1674 3417 debeat,
1700 3360 1850 3404 commen-

220 3462 363 3523 tariolus.
411 3463 443 3522 in
464 3479 521 3542 quea
544 3461 694 3523 nonnulla
715 3478 791 3521 nove
813 3460 1033 3538 emendantur,
1062 3461 1127 3522 alia
1154 3463 1244 3541 prius
1271 3461 1432 3523 emendata
1453 3464 1674 3542 confirmantur
1696 3462 1738 3524 ad
1761 3462 1852 3523 Chri·

220 3582 354 3664 stophor.
374 3581 522 3664 Pilupium
545 3583 577 3643 in
592 3583 737 3643 Euleren.
762 3599 807 3662 eq.
826 3581 972 3643 Manum.
998 3580 1195 3664 Nariberpae,
1220 3581 1463 3664 elypoprapheio
1484 3582 1634 3644 Valentini
1648 3582 1851 3645 Fuhrmnnni.

220 3721 298 3764 anno
321 3703 498 3765 MJJJIIG.
545 3699 579 3763 in
607 3699 668 3764 hou
697 3717 793 3783 opere
821 3703 1028 3765 recensentur
1054 3699 1172 3765 menda
1200 3698 1235 3764 in
1266 3697 1429 3764 codicibus
1459 3704 1625 3765 aucturum
1646 3699 1849 3784 antiquorum

220 3820 357 3886 maxime
380 3819 494 3903 obvia,
520 3839 585 3903 qua
608 3817 775 3884 occasione
797 3817 906 3884 oblata
928 3819 1088 3904 permulta
1109 3839 1234 3903 quoque
1258 3840 1276 3886 e
1297 3817 1463 3886 codicibus
1482 3818 1741 3905 Symmachianis
1763 3839 1851 3885 com-

220 3946 452 4022 memorantur,
485 3946 518 4006 et
545 3937 693 4024 quamvis
715 3958 779 4004 nou
799 3938 975 4021 indicetur,
1009 3958 1072 4022 quo
1096 3959 1136 4005 ex
1159 3939 1268 4006 codice
1290 3938 1407 4006 hausta
1429 3940 1508 4019 sint,
1541 3939 1643 4006 maior
1665 3948 1750 4007 certe
1773 3959 1850 4025 pars

222 4068 275 4128 aut
296 4061 340 4127 ad
356 4060 380 4125 Γ
395 4066 451 4127 aut
473 4060 516 4126 ad
532 4061 561 4124 Φ
578 4058 749 4126 referenda
770 4066 829 4125 est.
878 4079 961 4141 quae
983 4060 1017 4125 in
1039 4066 1197 4145 apparatu
1220 4059 1329 4126 antico
1351 4058 1528 4127 omittenda
1548 4080 1611 4126 uon
1633 4060 1712 4126 duri
1734 4067 1767 4127 et
1788 4060 1850 4126 bac

220 4188 293 4247 uota
316 4180 449 4247 distinxi
476 4179 564 4264 (ΓΦ).

303 4300 468 4367 Successit
496 4299 597 4366 Iureti
627 4298 725 4365 editio
747 4300 850 4365 altera
878 4299 973 4365 haec:
1009 4304 1116 4378 Quina
1136 4299 1257 4364 Aurelii
1279 4301 1453 4382 Symmachi
1477 4320 1508 4363 u.
1532 4321 1560 4365 c.
1584 4321 1668 4364 cons.
1692 4302 1851 4366 ordinarii

220 4423 412 4505 etpraesccti
433 4421 505 4484 urbi
525 4423 724 4504 epistolarum
746 4420 799 4485 lib.
824 4425 850 4484 li
871 4424 1100 4506 castipatissimi
1111 4473 1118 4503 ,
1144 4442 1212 4484 cum
1234 4425 1386 4485 auctario.
1432 4424 1499 4483 Duo
1522 4422 1616 4484 libelli
1638 4424 1671 4485 S.
1697 4420 1851 4485 Ambrosii

220 4545 308 4624 episc.
341 4543 383 4605 ad
411 4543 655 4605 Valentinianum
683 4543 791 4625 imper.
824 4543 1017 4626 eiusdemque
1045 4545 1173 4624 epistola
1201 4542 1243 4605 ad
1264 4545 1444 4626 Eupenium.
1491 4562 1558 4605 aum
1585 4543 1848 4606 miscellaneorum

220 4664 312 4726 libli
337 4665 465 4726 cinctis
487 4665 725 4744 nunaprimum
747 4664 835 4726 editis
858 4685 889 4726 a.
915 4665 1110 4727 Fr.lur.D.
1152 4664 1281 4726 Parisiis
1304 4682 1346 4725 cn
1368 4663 1569 4746 typopraphia
1593 4664 1740 4744 Orrianu,
1767 4683 1847 4726 anna
1892 4707 1893 4711 ,

222 4784 390 4847 Christiano
418 4786 513 4847 1604.
560 4803 627 4846 cum
654 4783 816 4866 privilepio
844 4784 937 4866 repis.
984 4781 1017 4846 in
1047 4781 1130 4847 uotis
1160 4781 1257 4847 huius
1286 4780 1437 4847 editionis
1464 4781 1639 4846 nonnullae
1670 4780 1789 4847 codicis
1818 4781 1846 4846 ll

221 4903 394 4988 scripturae
415 4901 634 4988 proferuntur,
668 4921 752 4984 quae
773 4901 808 4966 in
830 4901 934 4987 prima
955 4901 1146 4987 praeteritae
1169 4907 1277 4984 erant,
1303 4921 1408 4985 neque
1431 4900 1585 4967 subsidiis
1607 4899 1698 4967 novis
1720 4901 1846 4967 Iuretus

220 5023 345 5089 omuino
368 5021 480 5088 caruit.
521 5041 597 5087 uam
619 5028 747 5107 praeter
768 5021 895 5088 codices
910 5021 1068 5102 Danielis,
1094 5021 1150 5103 qui
1170 5020 1363 5106 florilegium
1385 5020 1573 5103 reddebant,
1598 5021 1845 5087 Pithoeanorum

220 5143 362 5209 notitiam
383 5142 560 5228 pleniorem
583 5148 761 5227 acceperat,
788 5162 806 5208 e
829 5142 946 5225 quibus
968 5140 1063 5227 epist.
1082 5142 1130 5206 IX
1147 5144 1203 5221 293
1231 5142 1324 5223 29A3
1351 5145 1410 5222 66;
1438 5146 1516 5221 101;
1546 5143 1626 5220 103;
1655 5143 1841 5219 lac-1333

225 5267 278 5328 138
301 5263 423 5349 primus
446 5261 564 5341 edidit;
598 5281 681 5345 quas
702 5268 811 5328 tamen
833 5282 897 5328 non
918 5282 977 5329 suo
999 5263 1068 5328 loco
1091 5262 1276 5345 collocavit,
1310 5262 1369 5329 sed
1390 5261 1425 5327 in
1446 5261 1624 5328 auctarium
1646 5259 1727 5326 calci
1748 5259 1845 5327 totius

304 5507 348 5568 bb)
368 5506 409 5558 (li.
431 5507 528 5569 Sciopp.
550 5508 582 5555 de
601 5512 652 5556 arte
671 5507 765 5569 cunm,
785 5520 811 5568 p.
831 5505 873 5554 ⁴ll.
892 5506 1001 5568 plerique
1018 5520 1109 5568 omnes,
1131 5508 1174 5567 qui
1192 5505 1261 5554 hodie
1279 5507 1307 5554 in
1325 5504 1471 5554 bibliothecis
1489 5506 1597 5553 esistunt
1614 5502 1672 5551 libri
1689 5505 1787 5552 calamo
1804 5516 1846 5550 ec-

221 5596 283 5642 urati
299 5607 351 5642 nun
368 5593 503 5641 mmurcuia
521 5594 565 5641 ilia
582 5597 606 5641 et
623 5591 736 5640 Romarm
753 5591 906 5653 charactere,
926 5589 969 5640 scd
987 5592 1074 5640 litteris
1093 5590 1285 5653 Lanpoburdictc
1303 5595 1327 5640 et
1343 5590 1479 5639 minutius
1497 5590 1573 5649 culpo
1591 5588 1642 5649 fere
1660 5587 1776 5651 hodieque
1793 5590 1846 5637 usi-

221 5682 275 5728 tatis
290 5681 419 5742 perscripti
436 5682 501 5726 ιιιιιι.

306 5766 348 5827 db)
369 5766 471 5814 Priamo
489 5764 551 5812 mlhl
569 5768 623 5812 aret
640 5764 718 5813 edltlo
735 5764 812 5813 alters
830 5763 1073 5813 Amstulodcmeusls
1091 5779 1114 5812 ι.
1137 5762 1211 5812 1664.

1600 5860 1637 5914 0*
