4722 6470
510 491 667 559 CXXXII
1039 485 1305 543 OHRONOLOOIA
1323 481 1609 539 suasionibus.

1012 849 1234 933 11146-53
1264 849 1328 932 hb
1355 845 1631 932 EVTROPIVM.

595 1040 739 1125 Eutropii
768 1039 965 1126 temporibus
987 1038 1245 1124 Symmachianis
1274 1045 1321 1105 tot
1349 1039 1494 1119 fuerunt,
1527 1042 1563 1100 ut
1584 1053 1639 1101 eos
1661 1033 1749 1099 hand
1771 1033 1869 1098 facile
1891 1032 2135 1115 diseemasffl),

506 1169 650 1228 nostrum
672 1167 779 1226 autem
803 1160 938 1227 eundem
962 1166 1059 1242 atque
1081 1159 1266 1226 historicum
1289 1159 1401 1241 fuisse,
1427 1156 1614 1223 iamdudum
1629 1154 1828 1233 intellectum
1844 1160 1894 1220 est
1909 1154 2025 1238 hisque
2041 1153 2138 1238 Sym-

506 1281 611 1348 machi
633 1281 740 1347 verbis
762 1281 889 1348 nititur:
924 1283 976 1362 85,
1005 1284 1045 1345 33
1075 1302 1177 1345 nomae
1205 1302 1324 1345 vacuos
1352 1284 1455 1351 otiare,
1479 1288 1508 1343 et
1535 1279 1639 1341 liberis
1662 1279 1811 1339 remissas
1835 1277 1983 1359 invigila,
2016 1277 2139 1359 quarrdo

507 1408 550 1467 ila
578 1404 725 1467 volvenda
755 1405 858 1465 attulit
886 1404 965 1482 dies,
999 1410 1034 1464 at
1054 1402 1170 1464 domiai
1190 1405 1290 1465 nostri
1312 1404 1459 1466 Gratiam
1476 1401 1648 1483 fortissima
1670 1398 1762 1460 simol
1785 1418 1821 1459 ac
1839 1397 2022 1477 felicissima
2044 1416 2139 1458 mana

505 1527 646 1587 calamia
676 1524 724 1584 rei
747 1523 889 1605 ptsbllaae
909 1523 1048 1605 pondera
1066 1523 1251 1603 fulciantur.
1298 1524 1442 1585 videorne
1464 1521 1519 1583 lilii
1539 1512 1856 1605 πανηγυρικώτερον
1878 1518 2013 1595 loculus,
2046 1537 2139 1600 qaam
2212 1510 2218 1529 '

504 1666 567 1709 roos
598 1644 745 1727 epistulae
773 1645 870 1705 sicit?
905 1646 950 1706 sia
978 1662 1011 1706 se
1040 1643 1128 1704 habet
1154 1645 1254 1723 ratio,
1287 1652 1322 1705 at
1349 1663 1400 1705 res
1423 1645 1581 1704 mamistae
1603 1659 1728 1723 mopsos
1750 1639 1852 1700 hiatus
1874 1640 1938 1700 oris
1962 1640 2136 1721 requirant.

503 1767 566 1829 secl
591 1766 678 1827 baec
704 1765 788 1827 stilo
811 1764 1025 1846 eoeeqaerrrla
1048 1764 1115 1827 tibi
1136 1772 1219 1826 aute
1241 1765 1350 1843 aliae,
1380 1766 1438 1825 cai
1457 1763 1572 1844 pollet
1594 1762 1773 1839 Minerva,
1807 1759 2051 1834 concedimua;
2081 1779 2137 1822 aas

504 1888 546 1949 ad
564 1886 742 1968 familiaria
764 1892 969 1946 revertamur.
1017 1882 1177 1949 adludunt
1198 1883 1283 1949 enim
1305 1882 1348 1948 ad
1370 1882 1484 1948 ultima
1506 1879 1657 1947 breviarii
1679 1878 1793 1960 verba,
1826 1876 1943 1960 quibus
1965 1879 2139 1964 Eutropius

503 2004 672 2091 promittit,
698 2022 733 2069 se
756 2023 807 2069 res
829 2010 903 2089 post
923 2002 1089 2068 Iovianum
1112 2003 1293 2086 Augustum
1315 2008 1426 2087 gestas
1447 2005 1516 2067 stilo
1539 2005 1654 2065 maiore
1676 2000 1833 2066 dictamni
1856 2000 2005 2084 essem).
2048 1999 2136 2065 hunc

503 2123 693 2208 religionem
715 2123 882 2207 antiquam
905 2123 1053 2204 coluisse,
1082 2123 1109 2187 si
1127 2123 1311 2188 testimonia
1325 2121 1576 2209 Byzantinorum
1594 2120 1816 2201 recentiorum,
1841 2139 1925 2203 quae
1941 2118 2033 2184 nulla
2048 2125 2131 2201 sunt,

503 2245 685 2326 mittamus,
723 2263 764 2309 ex
792 2262 830 2308 eo
860 2241 1008 2309 concludi
1037 2243 1134 2324 solet,
1172 2243 1257 2327 quod
1285 2243 1448 2309 Iulianum
1476 2240 1606 2323 laudat,
1640 2239 1884 2306 Constantinum
1915 2259 1978 2305 non
2007 2238 2136 2322 quidem

503 2364 665 2448 vituperat
696 2362 754 2429 sed
783 2382 889 2446 neque
918 2362 953 2428 in
982 2364 1108 2428 caelum
1137 2363 1246 2445 effert;
1283 2384 1366 2447 qaae
1397 2363 1556 2431 eiusmodi
1587 2361 1777 2445 christiano,
1811 2361 1918 2442 qualis
1946 2358 2137 2425 Ambrosius

502 2484 706 2569 Augustinus
729 2483 861 2550 Orosius
884 2482 1024 2565 fuerunt,
1061 2490 1146 2550 certe
1168 2504 1232 2549 non
1256 2484 1465 2569 conveniunt,
1491 2483 1550 2550 sed
1571 2484 1613 2550 ab
1635 2483 1780 2565 homine,
1806 2480 1862 2565 qui
1884 2479 1965 2546 nulli
1987 2478 2136 2564 religioni

507 2613 572 2671 toto
595 2605 701 2671 animo
724 2604 873 2670 addictus
895 2624 966 2670 eam
991 2604 1134 2683 coluerit,
1162 2625 1257 2688 quam
1280 2605 1441 2690 principes
1463 2625 1573 2671 veram
1594 2604 1767 2690 putabant,
1795 2601 1926 2667 minime
1948 2600 2131 2666 abhorrent.

507 2726 583 2791 huie
605 2731 723 2807 sectae,
749 2744 834 2809 quae
856 2724 945 2789 nullo
967 2730 1110 2809 tempore
1132 2745 1206 2789 rara
1229 2724 1362 2808 1611114),
1390 2724 1578 2810 Eutropium
1599 2744 1725 2808 quoque
1741 2721 2035 2801 adnumeraverim;
2060 2741 2135 2785 nam

507 2846 594 2929 quod
608 2845 755 2911 Iulianus
777 2851 888 2911 eontra
910 2842 1101 2910 christianos
1124 2844 1221 2928 stetit,
1247 2844 1282 2910 in
1304 2844 1463 2911 breviario
1485 2866 1558 2911 cum
1580 2844 1667 2910 vitiis
1689 2843 1891 2929 imperatoris
1913 2841 2132 2927 componit⁸⁴⁵)

508 2972 541 3031 et
555 2965 768 3049 Symmachus
790 2966 824 3030 in
840 2964 937 3051 ¹nulla
958 2964 1001 3029 ad
1024 2984 1096 3030 eum
1120 2963 1261 3049 epistula
1283 2965 1415 3031 deorum
1438 2966 1633 3032 mentionem
1655 2964 1754 3045 inicit,
1781 2963 1929 3047 quamvis
1948 2961 2136 3029 occasiones

507 3105 572 3152 non
601 3085 770 3152 defuerint.
818 3085 927 3169 itaque
950 3083 1098 3170 Gregorii
1120 3085 1320 3153 Nazianzeni
1349 3086 1392 3152 ad
1414 3086 1601 3170 Eutropium
1630 3085 1758 3152 litterae
1786 3085 1828 3150 ad
1857 3091 2000 3150 nostrum
2022 3083 2136 3150 referri

506 3214 649 3291 possunt,
676 3226 736 3273 nec
757 3205 864 3287 facile,
891 3213 927 3271 ut
948 3205 1084 3291 posthac
1104 3205 1295 3289 ridebimus,
1322 3207 1381 3272 ulli
1402 3207 1459 3273 alii
1483 3207 1687 3273 conveniunt.

593 3326 747 3405 Quamvis
774 3326 874 3392 latine
904 3326 1083 3412 scripserit,
1118 3326 1275 3411 originem
1303 3335 1412 3394 tamen
1438 3348 1479 3394 cx
1509 3328 1656 3413 partibus
1677 3327 1804 3412 imperii
1827 3325 2046 3393 Orientalibus
2069 3331 2136 3391 tra-

506 3448 594 3514 xisse
621 3447 762 3527 ridetur,
796 3467 869 3511 nam
892 3447 1113 3532 possessiones
1135 3446 1205 3512 eius
1228 3469 1348 3532 magna
1370 3449 1580 3533 expertein
1603 3447 1685 3514 Asia
1707 3448 1789 3513 sitae
1812 3450 1977 3531 aruntio).
2025 3445 2135 3529 itaque

506 3566 616 3633 Acacii
644 3567 781 3633 rhetoris
803 3566 1057 3632 Palaestinensis
1087 3587 1127 3632 ex
1156 3588 1262 3634 sorore
1290 3588 1391 3653 nepos
1420 3575 1453 3634 et
1474 3568 1653 3653 discipulus
1675 3567 1777 3634 tuisse
1798 3574 1920 3654 potest,
1955 3587 2051 3650 quern
2072 3586 2136 3631 non

507 3708 569 3754 uno
591 3690 661 3754 loeo
677 3692 903 3754 commemorat
918 3687 1073 3753 Libanius
1082 3691 1149 3769 147).
1190 3709 1287 3772 aquo
1302 3689 1338 3754 id
1352 3710 1477 3774 quoque
1492 3689 1656 3771 discimus,
1683 3688 1871 3775 Eutropium
1886 3710 1916 3753 a.
1938 3691 1999 3754 355
2022 3688 2134 3754 Antio-

507 3809 614 3875 chiam
637 3809 767 3874 renisse
789 3808 896 3892 ibique
918 3828 1021 3892 usque
1043 3807 1086 3874 ad
1109 3830 1141 3873 a.
1160 3813 1222 3873 362
1246 3816 1473 3876 commoratum
1496 3829 1577 3891 esse,
1605 3830 1668 3895 quo
1690 3830 1774 3876 anno
1789 3809 1915 3875 Iuliano
1931 3809 2077 3893 Angusto
2101 3809 2134 3873 in

506 3928 646 3995 Orientis
669 3927 871 4012 metropolim
894 3927 1034 3994 venienti
1057 3930 1232 3996 orationem
1255 3930 1406 3995 avunculi
1427 3929 1571 3996 tradidit.
1613 3936 1744 4016 propter
1765 3928 1968 4012 eloquentiae
1982 3929 2131 4013 gloriam,

505 4068 601 4132 quam
624 4048 843 4115 advocationis
864 4068 996 4115 munere
1018 4048 1083 4137 iam
1105 4054 1171 4114 tum
1195 4057 1385 4116 consecutus
1400 4051 1542 4134 eratis),
1570 4058 1603 4117 et
1617 4050 1746 4116 Libanii
1760 4049 2068 4117 commendationem
2080 4050 2129 4132 1⁵⁴⁹)

548 4226 607 4231 η.-
631 4226 768 4233 -,φ.,.--.η
797 4227 819 4231 ,ἶ
851 4226 917 4232 -,,

593 4326 651 4389 642)
673 4327 788 4390 Pirogoll,
809 4329 840 4377 de
857 4328 975 4393 Eutropii
993 4329 1108 4377 breviarii
1125 4330 1157 4377 ab
1176 4343 1201 4378 n.
1223 4343 1244 4378 a.
1264 4330 1348 4378 indole
1367 4330 1530 4380 otiantibus.
1569 4331 1649 4380 Berol.
1672 4329 1746 4380 1873.

592 4412 650 4476 613)
674 4413 738 4472 Onia
755 4418 838 4463 aulem
856 4412 890 4461 ad
909 4416 1005 4462 inolitos
1020 4417 1143 4477 principes
1160 4415 1359 4478 venerandaeque
1374 4422 1520 4478 peremtum
1537 4422 1579 4480 est,
1601 4419 1698 4465 interim
1715 4419 1782 4476 operi
1798 4416 1899 4464 modam
1916 4415 2037 4465 dabimus.
2073 4430 2133 4464 nam

504 4501 602 4561 reliqna
619 4500 676 4549 stilo
692 4502 787 4549 maiore
805 4499 911 4549 dicenda
928 4505 999 4564 sant,
1026 4515 1089 4563 qaae
1106 4517 1174 4551 uuae
1191 4516 1244 4550 aori
1260 4507 1311 4551 tam
1326 4506 1543 4565 praetenuitlimus
1562 4518 1636 4566 qaam
1654 4503 1688 4551 ad
1704 4505 1824 4551 maiorem
1841 4501 1962 4551 scribendi
1979 4501 2135 4562 diligentiam

504 4599 664 4636 reservamus.

511 4700 515 4713 ·
592 4670 651 4733 614)
671 4675 702 4720 cl.
723 4671 845 4721 Prudent.
865 4678 950 4720 eontra
968 4672 1063 4732 symm.
1083 4673 1156 4723 1611
1178 4689 1226 4737 qao
1245 4680 1317 4724 oooal
1334 4678 1424 4737 eprepii
1442 4679 1562 4725 sententia
1577 4678 1708 4739 principis,
1729 4676 1788 4723 illae
1806 4674 1882 4723 libera
1898 4689 1955 4723 cam
1964 4674 2068 4736 pedibas
2080 4678 2133 4722 lam

503 4756 576 4804 eorde
593 4754 734 4818 frequentia
752 4760 850 4806 transit.

591 4841 650 4903 645)
671 4844 695 4891 X
716 4842 756 4906 16,
776 4845 791 4892 3
813 4845 908 4905 alariae
930 4844 1019 4893 avidas
1042 4861 1071 4894 aa
1093 4862 1138 4909 per
1154 4861 1209 4896 eam
1227 4851 1305 4897 animi
1319 4851 1463 4911 plenamque
1481 4849 1612 4907 immodica·
1637 4853 1729 4899 nimias
1747 4850 1871 4908 reliaioais
1888 4848 2037 4897 christianae
2054 4851 2134 4896 issaa-

504 4932 577 4989 talor,
595 4928 698 4989 perinde
716 4934 799 4977 lamen
816 4936 844 4977 ut
862 4944 945 4979 araon
964 4931 1102 4994 abstineret,
1124 4933 1209 4982 Marco
1227 4937 1354 4984 Antonino
1371 4951 1424 4985 aaa
1441 4936 1569 4998 absimilis,
1590 4951 1660 4999 quem
1677 4939 1751 4985 etiam
1769 4937 1890 4984 aemulari
1908 4934 2028 4984 otwini.

590 5012 649 5074 616)
671 5013 712 5075 81,
734 5014 764 5064 17
791 5018 952 5066 ausonianas
969 5035 993 5068 a.
1014 5033 1035 5066 a.
1055 5019 1194 5070 admirator
1211 5025 1269 5069 tara
1287 5024 1376 5082 scripto
1395 5038 1411 5072 o
1429 5024 1481 5072 sais
1498 5037 1528 5071 ea
1545 5024 1607 5072 Aria
1624 5037 1703 5084 saper
1720 5021 1817 5081 adlato,
1844 5022 1956 5071 maiumi
1978 5035 2049 5083 apros
2066 5035 2131 5082 suos,

504 5104 546 5163 qai
563 5100 608 5149 iiii
625 5103 820 5163 aoniaapuatar,
841 5106 944 5164 aceepit.

592 5185 651 5246 641)
673 5187 794 5236 Diversus
813 5196 867 5237 erst
885 5191 916 5237 ab
933 5191 1053 5252 Eutropio
1072 5191 1192 5251 Hesychii
1209 5195 1276 5253 nito,
1300 5194 1369 5243 Oelsi
1386 5196 1479 5258 fratre,
1505 5197 1548 5256 qui
1569 5195 1669 5243 Libanii
1687 5194 1829 5254 discipulus
1846 5198 1899 5242 eret
1920 5194 1969 5257 (ep.
1990 5192 2049 5244 812.
2071 5191 2131 5242 865.

505 5271 592 5334 1610),
615 5273 641 5321 16
664 5273 731 5334 qnod
754 5273 786 5321 de
804 5274 889 5324 Aaou
911 5283 1002 5338 nepote
1026 5280 1154 5339 expressis
1177 5280 1260 5328 verbis
1286 5287 1361 5341 negat
1386 5282 1461 5343 epist.
1483 5280 1533 5330 666
1552 5276 1619 5332 οὕτω
1638 5278 1667 5331 δὲ
1685 5278 1720 5330 ὢν
1740 5274 1825 5348 ῥήτωρ
1843 5275 1954 5348 ἀγαθός,
1981 5275 2062 5336 οὕτως
2081 5275 2135 5329 ἐστὶ

501 5356 628 5426 χρηστός,
654 5354 713 5408 ὥστ’
735 5355 901 5427 αἰσθόμενος,
928 5357 967 5412 ὅτι
992 5378 1024 5429 με
1048 5360 1150 5431 βούλοιο
1166 5362 1306 5432 τιμᾶσθαι,
1332 5370 1407 5418 πᾶσιν
1425 5363 1464 5424 οἷς
1483 5364 1520 5424 εἷς
1540 5383 1583 5430 σε,
1608 5365 1652 5419 καὶ
1669 5363 1733 5435 πρός
1752 5364 1797 5432 ipe
1815 5363 1955 5436 κέχρηται,
1981 5360 2132 5432 καθάπερ

501 5440 582 5509 ἐμὸς
600 5439 637 5493 ἂν
655 5441 861 5514 ἀδελφιδοῦς
879 5446 985 5498 τεκαὶ
1004 5446 1165 5518 μαθητής.
1203 5454 1236 5500 al.
1257 5453 1371 5515 Pirogoil,
1391 5455 1408 5502 l.
1430 5455 1447 5504 l.
1469 5468 1493 5515 p.
1515 5453 1540 5504 6.

590 5530 648 5595 618)
672 5533 760 5584 Libra.
781 5548 823 5595 ep.
846 5533 911 5585 1262
929 5531 989 5585 οὐδὲ
1007 5531 1122 5589 δουλεύει
1139 5534 1274 5601 διδάσκων,
1296 5532 1349 5590 ἀλλ’
1371 5536 1438 5590 ἐστὶν
1456 5536 1591 5609 ἐλεύθερος
1610 5537 1681 5597 δίκας
1700 5536 1791 5608 λέγων.
1824 5537 1847 5591 εἱ
1865 5537 1912 5607 μὲν
1931 5535 1975 5589 οὖν
1995 5537 2032 5607 μὴ
2050 5536 2133 5608 γάμος

506 5613 583 5667 αὐτὸν
602 5614 690 5669 οἴκαδε
712 5615 849 5687 laesitque
866 5623 912 5671 τοῦ
930 5617 1012 5689 λέγειν
1030 5619 1193 5691 decisione,
1216 5631 1267 5676 τῶν
1286 5622 1418 5696 ἀρχόντων
1436 5621 1466 5677 ἂν
1484 5624 1525 5694 ἦν.
1562 5628 1650 5676 landes
1668 5628 1827 5689 eloquentiae
1845 5628 1900 5674 eius
1920 5627 2009 5677 liban.
2030 5627 2046 5674 l.
2067 5626 2087 5674 l.
2107 5631 2134 5673 et

503 5701 561 5750 666.
583 5701 642 5753 985.

589 5787 648 5849 648)
668 5789 699 5836 In
718 5791 793 5850 epist.
816 5788 881 5839 1202
900 5792 992 5854 aliquis
1010 5807 1042 5841 ex
1061 5795 1166 5842 summis
1184 5798 1372 5858 magistratibus
1390 5806 1480 5861 oretur,
1501 5805 1530 5848 ut
1549 5800 1669 5861 Eutropio
1686 5800 1807 5848 honorum
1826 5812 1927 5847 cursum
1945 5799 2050 5860 aperiat.
