4736 6478
1110 412 1306 470 SYMMAOHI
1325 411 1536 470 EPISTVLAE

1239 775 1410 842 XXVIIII.

1056 912 1315 979 SYMMAOHVS
1338 912 1594 980 MARINIANO.

598 1087 732 1152 Factum
756 1086 901 1169 nuntias,
932 1084 1018 1170 quod
1040 1106 1098 1171 spe
1120 1092 1153 1151 et
1174 1085 1324 1170 opinione
1345 1093 1421 1152 ante
1450 1086 1599 1171 percepi,
1631 1093 1667 1151 ut
1696 1085 1755 1152 tibi
1784 1084 1957 1151 amicitiam
1986 1085 2140 1151 bonorum

513 1191 635 1276 primus
658 1209 849 1273 congressus
870 1184 1025 1275 aperir'et;
1058 1209 1196 1271 namque
1225 1188 1286 1253 hoc
1315 1188 1407 1254 nobis
1430 1196 1462 1253 et
1483 1189 1529 1255 tni
1552 1208 1653 1254 mores
1676 1196 1709 1255 et
1729 1189 1857 1255 illomm
1879 1187 1999 1254 iudicia
2020 1188 2142 1274 promi-

513 1300 632 1360 serant.
680 1292 778 1359 facile
808 1293 892 1359 enim
921 1292 1064 1377 probitas
1095 1292 1205 1358 delata
1234 1291 1277 1357 ad
1306 1292 1458 1357 virtutum
1491 1292 1628 1358 arbitros
1661 1292 1781 1377 placet.
1828 1312 1938 1358 verum
1971 1291 2034 1357 ista
2065 1310 2177 1376 parea

513 1396 688 1481 gauderma
710 1395 788 1461 mibi
810 1396 917 1481 potius
939 1416 1035 1479 qoam
1058 1394 1265 1479 producenda
1287 1401 1354 1473 est;
1379 1394 1460 1460 illud
1483 1396 1613 1462 mallem
1634 1395 1733 1461 latius
1755 1395 1952 1481 praedicare,
1978 1394 2006 1461 si
2021 1416 2143 1479 aequa-

514 1507 563 1566 ret
585 1501 686 1566 oratio
709 1499 755 1564 rei
778 1498 1052 1582 magnitudinem,
1086 1498 1172 1581 quod
1194 1498 1386 1564 vestimenta
1409 1497 1449 1565 de
1471 1498 1564 1564 nobis
1587 1499 1659 1564 usui
1689 1507 1744 1565 tuo
1771 1498 1927 1564 vindicas.
1973 1498 2054 1565 nihil
2083 1499 2145 1564 boc

514 1623 624 1669 amore
647 1602 818 1675 sincerius:
854 1602 938 1668 scias
961 1601 1112 1667 fiduciam
1135 1599 1176 1667 de
1199 1601 1338 1685 simplici
1368 1600 1548 1667 adfectione
1577 1608 1761 1687 surgentem
1783 1621 1887 1685 genus
1909 1622 1982 1668 esse
2004 1602 2140 1668 virtutis.

515 1707 574 1772 sed
603 1706 681 1790 quid
710 1726 771 1789 ego
801 1705 875 1771 huie
904 1705 1037 1791 puritati
1067 1705 1200 1787 dignum
1229 1703 1427 1787 rependam?
1464 1705 1611 1769 stetimus
1644 1704 1760 1770 officiis
1792 1704 1958 1788 religionis
1990 1705 2146 1771 hactenns

518 1829 629 1894 pares;
655 1829 741 1874 nunc
762 1808 821 1875 tibi
846 1809 916 1874 sine
938 1807 1139 1873 cunctatione
1162 1807 1315 1872 cedimus.
1355 1815 1432 1892 puto
1454 1807 1512 1873 tibi
1535 1807 1684 1873 sulficere
1706 1808 1749 1873 ad
1770 1808 1873 1874 vicem
1895 1814 2004 1874 tantae
2021 1808 2146 1891 gratiae
2168 1831 2196 1871 ro

517 1912 592 1978 vieti
615 1912 859 1977 confessionem.
908 1911 993 1976 vale.

1125 2240 1195 2314 AD
1224 2238 1535 2317 AMBROSIVM.

1161 2410 1258 2475 XXX
1288 2418 1408 2477 antea.
1429 2413 1503 2475 398.

1080 2549 1339 2616 SYMMAOHVS
1360 2549 1589 2615 AMBROSIO.

611 2723 767 2789 Sallustio
789 2723 893 2788 emico
915 2743 986 2788 meo
1010 2723 1112 2787 multa
1133 2729 1245 2807 sponte
1267 2721 1418 2787 tribuisti.
1465 2742 1550 2787 nunc
1572 2722 1680 2804 adice,
1705 2741 1789 2803 qnae
1812 2732 1999 2807 supersunt,
2033 2731 2068 2788 ut
2089 2745 2150 2807 ego
2172 2745 2198 2784 ιι

523 2848 648 2911 quoque
671 2834 795 2911 partem
817 2826 965 2892 beneficii
989 2826 1127 2909 adeptus
1150 2824 1325 2890 existimer.
1365 2826 1590 2910 supplementa
1612 2832 1719 2891 autem
1743 2825 1895 2892 desiderii
1911 2827 1981 2892 eius
2004 2848 2025 2892 a
2045 2828 2151 2893 tabel-

523 2931 602 2996 lario
625 2931 784 3015 epistulae
807 2935 1032 3014 suggeruntur,
1065 2948 1148 3011 quae
1171 2929 1245 2993 stilo
1267 2928 1415 3013 persequi
1439 2948 1711 3013 superuacaneum
1735 2927 1823 2993 duxi.
1866 2929 1975 3013 aptius
1997 2936 2046 2995 est
2067 2930 2153 2995 enim

524 3035 663 3118 negotiis
685 3033 873 3099 intimandis
896 3033 990 3099 vivae
1013 3032 1100 3097 vocis
1123 3032 1288 3097 indicium.

1157 3307 1271 3374 XXXI
1300 3314 1424 3374 antea.
1444 3311 1518 3382 398,
2118 3382 2128 3401 ἡ

1081 3445 1341 3512 SYMMAOHVS
1363 3444 1592 3511 AMBROSIO.
2173 3469 2203 3511 nn

614 3622 698 3686 ltero
720 3620 917 3705 postulatum
940 3639 996 3703 pro
1021 3618 1177 3684 Sallustio
1199 3617 1301 3683 amico
1325 3638 1395 3682 meo
1418 3624 1467 3699 et,
1494 3624 1528 3684 ot
1550 3617 1620 3703 ipse
1642 3619 1853 3703 adseverasti,
1878 3641 1899 3685 a
1920 3628 1953 3687 te
1974 3641 2101 3703 quoque
2123 3622 2156 3687 in

527 3745 635 3790 curam
658 3723 778 3789 dudum
802 3730 938 3808 recepto.
986 3744 1049 3787 non
1073 3741 1136 3805 quo
1159 3729 1316 3802 metuam,
1351 3741 1392 3786 ne
1415 3721 1548 3786 tutelam
1580 3721 1662 3787 forte
1694 3721 1765 3788 eius
1794 3722 1954 3789 oblivione
1984 3724 2152 3807 destituas,

528 3850 599 3894 eum
624 3827 783 3893 familiare
806 3827 848 3892 sit
869 3826 1068 3892 constantiae
1092 3834 1166 3891 tuae
1189 3825 1328 3890 fideliter
1351 3824 1467 3908 exequi
1489 3833 1617 3910 recepta
1640 3826 1811 3909 mandata,
1838 3826 1895 3892 scd
1917 3828 1995 3909 quia
2016 3827 2158 3912 diligen-

529 3933 605 3997 tiam
629 3951 734 3996 meam
757 3930 885 3995 fortuna
906 3930 1002 3994 amici
1025 3949 1125 4014 saepe
1149 3928 1302 3994 sollicitat
1323 3935 1356 3994 et
1377 3928 1599 3994 laborantibus
1621 3929 1854 3995 commendatio
1869 3950 1934 3995 una
1947 3952 2009 3996 non
2026 3932 2155 4013 suflicit,

533 4034 610 4100 lieet
632 4034 790 4100 tenaciter
811 4053 984 4098 memorem
1007 4053 1117 4098 rursus
1139 4032 1307 4098 admoneo.
1347 4031 1524 4115 praestabit
1545 4030 1694 4097 beneficii
1715 4032 1762 4096 tui
1779 4033 1938 4115 celeritas,
1963 4054 2005 4099 ne
2025 4035 2067 4099 sit
2081 4034 2159 4099 mibi
2179 4057 2209 4097 na

529 4158 664 4205 necesse
686 4136 772 4203 idem
795 4137 927 4220 saepius
950 4137 1067 4202 facere.

1155 4411 1285 4478 XXXII
1314 4416 1389 4477 ante
1404 4430 1436 4475 a.
1455 4413 1529 4476 398.

1088 4549 1347 4615 SYMMAOHVS
1369 4547 1598 4614 AMBROSIO.

618 4725 747 4789 Fratres
769 4724 832 4790 mei
855 4722 1037 4788 Dorotheus
1059 4730 1093 4788 et
1114 4720 1289 4807 Septimius
1313 4720 1496 4787 laudabiles
1518 4720 1580 4786 riri
1609 4742 1705 4787 unam
1735 4729 1824 4788 tuam
1851 4723 2022 4810 epistulam
2050 4732 2161 4810 pertu-

532 4828 647 4893 lerunt.
689 4826 746 4892 sed
769 4826 845 4891 mibi
871 4825 986 4909 religio
1009 4826 1070 4891 fuit
1093 4824 1273 4890 istiusmodi
1296 4830 1426 4909 captare
1449 4825 1683 4909 compendium,
1709 4834 1744 4893 ut
1762 4834 1795 4893 et
1808 4828 1868 4894 tibi
1882 4828 2049 4912 geminata
2063 4828 2161 4895 officii
2180 4852 2210 4892 ao

531 4931 741 5015 responderet
762 4950 870 5013 usura,
896 4936 930 4996 et
952 4929 1091 5013 singulis
1113 4929 1213 4994 bonor
1235 4928 1338 4995 debiti
1363 4927 1537 4994 testimonii
1561 4929 1753 5012 proveniret.
1798 4950 1872 4995 nam
1895 4931 1957 4997 etsi
1977 4931 2037 4998 tibi
2058 4932 2162 4998 Doro-

619 5207 702 5258 Iom.
721 5209 763 5256 ΥΡ
867 5208 1017 5272 3pmceepl
1038 5207 1081 5272 (Γ)
1190 5208 1298 5257 4ωοτιι
1318 5207 1387 5256 ΡΥΡ
1488 5208 1659 5271 promiserunt
1674 5209 1697 5254 Ρ
1797 5207 1895 5257 Olllnd
1912 5209 1991 5259 lellus
2008 5211 2163 5274 praedlcares

532 5296 631 5346 mallem
649 5301 768 5358 sequeret
784 5296 882 5344 ratloll
985 5296 1062 5344 latius
1078 5308 1127 5344 οιη.
1143 5296 1166 5343 Ρ
1266 5294 1330 5343 ide
1349 5296 1421 5343 noble
1440 5308 1488 5344 orn.
1506 5294 1547 5342 ΥΡ
1650 5292 1892 5359 ScheotIoneer
1993 5295 2075 5347 Ohac
2092 5301 2163 5361 puri·

533 5390 585 5432 tate
604 5384 626 5429 Ρ
726 5382 861 5443 rependam
880 5383 1028 5444 dlgnnml'
1128 5387 1234 5432 actenus
1252 5380 1347 5431 le.
1457 5380 1485 5429 11
1507 5382 1562 5429 nale
1579 5380 1668 5429 om.l'

623 5467 653 5520 12
671 5482 712 5518 ιιι
730 5469 835 5530 explicit
852 5470 882 5517 ad
902 5471 1072 5518 marialeunm
1092 5469 1134 5517 ind
1151 5468 1182 5516 ad
1200 5469 1350 5517 ambrosium
1371 5466 1401 5529 P,
1421 5481 1470 5516 om.
1491 5468 1532 5514 ΥΡ
1661 5466 1691 5515 11
1709 5481 1758 5516 orn.
1783 5467 1825 5514 ΥΡ
1947 5465 1977 5516 15
1996 5469 2101 5519 ealrrstle
2124 5472 2166 5518 ΥΡ

538 5555 566 5603 11
586 5561 751 5617 suggerentur
768 5555 881 5603 Scbctlue
985 5569 1216 5617 superuacuaneum
1237 5555 1260 5602 P
1366 5552 1396 5601 18
1414 5554 1470 5603 urle
1488 5553 1547 5601 cdd.
1568 5553 1610 5600 ΥΡ

622 5642 655 5691 20
672 5656 720 5692 om.
741 5642 784 5690 ΥΡ
883 5643 990 5692 ambrosi
1008 5643 1031 5689 P
1133 5641 1161 5691 21
1184 5642 1288 5689 salustio
1308 5641 1348 5687 ΥΡ
1450 5638 1483 5689 11
1501 5640 1566 5700 qood
1587 5640 1685 5688 luntas
1790 5638 2000 5703 aspersaque

621 5729 654 5777 28
672 5743 721 5778 om.
741 5728 788 5777 ΥΜ
891 5727 921 5777 31
943 5731 1087 5791 proueniret
1104 5743 1166 5777 corr.
1186 5742 1214 5777 ec
1232 5728 1392 5788 prseuonlret
1412 5725 1433 5772 Ρ
