4744 6476
905 471 972 525 llll.
992 470 1064 526 PRO
1083 469 1218 525 Parsa.
1812 473 1874 534 335

251 669 375 729 ceteros
404 660 572 727 vindicari.
620 680 693 725 nam
724 660 910 743 priusquam
944 666 1075 724 senatus
1106 678 1207 724 causa
1238 659 1426 741 iungeretur
1457 665 1551 741 tuae,
1588 659 1788 724 satisfactum
1821 657 1880 724 tibi

250 766 404 851 putabas,
440 763 525 848 quod
550 762 719 829 insidiator
748 763 840 846 regni
869 763 1017 847 exemplo
1047 761 1263 829 innocentium
1293 768 1449 847 potestate
1478 763 1678 828 decesserat:
1709 769 1879 847 postquam

18 872 19 885 ¹
249 876 379 936 rentum
403 875 453 934 est
473 868 516 934 ad
539 885 720 932 communes
741 867 920 948 querellas,
952 866 1130 931 adhibuisti
1161 866 1383 949 severitatem,
1415 866 1544 948 qualem
1575 866 1690 948 reliqui
1717 865 1879 950 principes

250 971 430 1038 maiestatis
451 976 575 1037 tantum
597 971 734 1053 negotiis
754 970 961 1036 exhibebant.
1003 976 1109 1036 actum
1125 975 1204 1052 erat,
1231 969 1481 1036 clementissime
1496 969 1679 1055 imperator,
1707 969 1747 1034 de
1761 968 1879 1034 iniuria

218 1083 317 1158 ctus,
342 1076 406 1142 nisi
428 1075 580 1140 nobilitas
603 1073 718 1140 luisset
740 1075 874 1139 offensa.

336 1180 425 1245 Bene
446 1178 545 1260 igitur
565 1185 644 1263 aput
665 1197 722 1243 vos
745 1178 850 1243 locata
872 1183 922 1243 est
943 1178 1045 1242 tutela
1067 1177 1113 1242 rei
1135 1176 1303 1261 publicae:
1330 1196 1442 1261 pacem
1457 1177 1660 1243 innocentiae
1675 1175 1872 1255 reddidistis,
1903 1179 1940 1239 13

251 1284 408 1367 abrogata
430 1288 479 1347 est
501 1280 642 1347 externis
665 1280 806 1347 moribus
828 1281 878 1347 vis
901 1280 1048 1346 nocendi.
1095 1280 1195 1346 crevit
1216 1280 1434 1366 principatus,
1461 1280 1538 1362 quia
1561 1280 1670 1346 liberis
1692 1279 1874 1365 imperatis;

250 1394 373 1452 tantum
395 1384 608 1471 potestatibus
630 1392 785 1467 quantum
807 1385 936 1467 legibus
958 1384 1044 1449 licet.
1092 1385 1202 1450 nullae
1223 1385 1288 1449 iam
1310 1385 1443 1469 nuptiae
1465 1404 1562 1450 caesa
1584 1391 1718 1470 parente
1739 1385 1880 1468 iungun-

18 1490 20 1585 1
250 1497 303 1555 tur
330 1508 391 1554 nec
424 1487 530 1554 funeri
564 1488 707 1553 succedit
739 1488 940 1571 hymenaeus
974 1507 1079 1569 neque
1112 1486 1261 1553 flammeo
1293 1487 1393 1553 vestis
1427 1495 1499 1552 atra
1531 1494 1680 1554 mutatur.
1730 1487 1879 1554 credetne

18 1592 21 1747 p
202 1612 231 1654 so
250 1592 437 1678 posteritas,
465 1590 540 1655 olim
563 1591 643 1656 talia
665 1590 766 1656 fuisse
788 1589 923 1671 iudicia,
951 1610 1034 1674 quae
1056 1591 1193 1656 conubia
1215 1591 1390 1656 satellitum
1413 1610 1541 1657 suorum
1565 1598 1727 1657 sacrarent
1747 1591 1880 1676 auspice

18 1768 20 1785 ἶ
251 1696 407 1780 pugione,
442 1694 589 1779 spineam
613 1695 716 1760 facem
739 1693 779 1759 de
802 1714 879 1776 rogo
902 1693 1074 1759 damnatae
1095 1694 1206 1759 matris
1232 1692 1458 1775 incenderent,
1492 1695 1669 1761 ululatibus
1698 1694 1880 1760 adultarum

251 1799 393 1865 carmina
421 1797 608 1864 fescennina
637 1798 824 1864 miscerent?
866 1797 945 1881 quid
974 1798 1089 1881 loquar
1118 1798 1253 1862 crimina
1281 1797 1417 1863 necdum
1448 1797 1557 1863 delata
1586 1798 1652 1863 iam
1681 1799 1815 1864 vendita
1847 1805 1880 1865 et
1904 1800 1940 1859 ll

251 1901 384 1968 humani
413 1901 580 1984 sanguinis
609 1902 791 1982 auctiones,
825 1908 882 1966 aut
910 1900 1059 1985 erulditns
1086 1900 1121 1965 in
1146 1899 1350 1966 mendacium
1372 1920 1444 1967 reos
1467 1908 1501 1968 et
1523 1902 1718 1967 subomandi
1740 1902 1965 1967 antecessor.
1980 1915 2055 1966 aas

18 2050 19 2053 ,
251 2005 422 2086 ianitores,
453 2011 580 2071 veteres
608 2005 787 2071 calumnias
817 2023 918 2070 novas
942 2024 1081 2089 poenas,
1117 2003 1251 2069 crimina
1274 2003 1342 2069 siue
1365 2011 1554 2071 accusatore
1576 2005 1697 2071 iudicia
1719 2006 1789 2072 sine
1810 2006 1880 2071 iure

18 2086 20 2207 1
203 2131 233 2171 15
252 2114 318 2173 cine
340 2112 408 2172 iare
430 2109 629 2174 sententias?
665 2108 827 2174 fortunata
848 2115 949 2189 esset,
985 2108 1095 2193 optimi
1117 2107 1297 2193 principes,
1331 2114 1381 2173 ter
1402 2115 1578 2192 quaterque
1600 2129 1652 2175 res
1675 2110 1822 2193 publica,
1853 2110 1882 2174 si

18 2222 20 2335 p
252 2213 360 2278 adhuc
382 2212 619 2296 promitteretis,
646 2232 729 2295 quae
752 2213 817 2277 iam
838 2212 1051 2297 praestitistis.
1099 2232 1204 2277 rerum
1226 2230 1321 2276 versa
1344 2212 1487 2277 condicio
1510 2220 1576 2279 est:
1604 2215 1700 2298 paulo
1723 2220 1797 2279 aute
1820 2213 1881 2278 soli

251 2315 407 2381 invidiam
437 2315 602 2382 felicitatis
630 2316 817 2397 trahebant,
856 2335 936 2398 quos
967 2335 1052 2381 mors
1081 2314 1240 2400 subripuit
1266 2313 1335 2379 istic
1364 2320 1539 2398 acromate,
1572 2316 1770 2382 miserabiles
1797 2336 1881 2382 nuuc

252 2419 419 2500 habentur,
447 2439 527 2503 quos
549 2419 617 2484 vita
637 2439 702 2484 non
725 2419 864 2484 serravit
888 2419 938 2483 his
961 2418 1102 2502 gaudiis.

338 2524 428 2589 Haec
456 2529 507 2588 est
534 2521 593 2587 illa
614 2522 700 2587 Latii
729 2522 848 2588 veteris
877 2528 967 2588 aetas
996 2542 1094 2588 aureo
1124 2521 1287 2587 celebrata
1315 2522 1521 2605 cognomine,
1554 2542 1619 2605 qua
1646 2523 1747 2589 femur
1772 2524 1879 2589 incola
1905 2527 1942 2584 15

18 2664 20 2675 .
203 2648 233 2689 an
253 2626 354 2692 fuisse
381 2632 536 2691 terramm
565 2625 701 2690 necdum
730 2625 872 2691 moribus
903 2626 1027 2691 offensa
1054 2624 1190 2690 lustitia.
1239 2624 1291 2708 pie
1322 2625 1463 2707 regimur
1492 2632 1525 2691 et
1553 2625 1713 2708 quaedam
1746 2626 1881 2710 pignora

253 2729 433 2814 principum
456 2748 575 2807 sumus,
602 2749 708 2812 neque
730 2729 797 2794 alia
817 2729 902 2794 inter
923 2729 1010 2794 cives
1033 2749 1128 2812 quam
1150 2727 1235 2793 iuter
1255 2728 1339 2792 tilios
1361 2727 1472 2793 iudicii
1494 2729 1644 2794 discretio
1667 2736 1732 2794 est:
1764 2729 1882 2813 dignus

253 2853 361 2898 amore
384 2832 590 2917 praeponitur
611 2839 779 2915 ettamen,
805 2832 947 2919 quisquis
963 2831 1122 2917 displicet,
1149 2853 1212 2898 nou
1227 2838 1376 2911 necatur3
1403 2832 1554 2916 praemiis
1570 2833 1697 2898 rimatis
1713 2833 1883 2916 corrigitur

18 2940 19 2985 l
254 2936 397 3019 ignavis.
437 2942 571 3019 quantos
593 2936 654 3002 iste
677 2935 894 3020 adoptimum
918 2936 1041 3019 frugem
1065 2936 1172 3020 rapiet
1186 2936 1385 3001 consulatus!
1413 2934 1489 3001 dum
1504 2936 1586 3001 alios
1600 2936 1772 3017 honoratis,
1799 2937 1882 3002 alios

255 3039 406 3117 eruditis3
447 3060 522 3103 nam
551 3039 669 3123 quibus
698 3039 739 3104 ab
768 3046 883 3105 natura
915 3039 992 3105 recti
1023 3060 1113 3105 amor
1142 3039 1261 3120 defuit,
1297 3058 1389 3123 spem
1419 3047 1604 3121 sequentur.
1651 3041 1769 3105 vellem
1799 3061 1883 3106 nunc

18 3208 22 3235 >
204 3163 235 3205 aa
255 3150 359 3208 truces
382 3141 501 3207 iudices
524 3143 697 3225 sciscitari,
732 3164 816 3227 quae
837 3142 976 3209 validior
1002 3142 1184 3208 emendatio
1215 3142 1280 3207 siti
1323 3142 1399 3207 olim
1427 3143 1521 3207 timor
1549 3144 1682 3227 agebat,
1717 3151 1752 3209 ut
1780 3144 1883 3209 bonus

18 3252 20 3333 ᾗ
254 3245 389 3329 quisque
412 3245 596 3330 trepidaret,
625 3266 708 3310 nunc
730 3245 832 3310 honor
853 3245 940 3329 iacit,
967 3252 1003 3311 ut
1026 3246 1130 3311 malus
1152 3245 1287 3329 quisquc
1313 3245 1474 3329 desperet.

18 3380 20 3401 a
343 3349 452 3413 Honor
470 3398 1880 3414 ........................................

18 3412 23 3689 h
913 3528 1027 3587 Desunt
1045 3524 1123 3606 folin
1146 3528 1228 3586 cem?

839 3799 867 3862 V
900 3798 1027 3865 hebd.
1047 3799 1202 3864 alana
1222 3802 1296 3862 376.

897 3935 980 4001 PRO
1006 3935 1238 4003 TRYGETIO.

347 4156 353 4170 .
375 4157 382 4170 .
404 4157 411 4170 .
433 4157 440 4170 .
464 4108 613 4169 tonnerre
637 4106 762 4191 eesltro,
790 4127 862 4172 cum
884 4108 1048 4187 absumus,
1075 4108 1268 4187 testimonio,
1295 4128 1366 4173 cum
1388 4109 1546 4174 venimus.
1593 4129 1653 4175 nec
1676 4110 1883 4176 sonnidamus
1896 4125 1969 4165 tubr-
1982 4136 2005 4175 r·
2018 4123 2056 4164 ‘2¹¹⁷

257 4208 431 4274 invidiam:
463 4210 565 4275 sensit
587 4230 626 4276 ac
648 4217 779 4296 experta
800 4217 865 4294 est,
899 4211 976 4294 quid
998 4212 1125 4295 parenti
1147 4233 1218 4278 meo
1241 4212 1413 4278 adversata
1435 4213 1599 4296 profuerit.
1646 4221 1788 4280 cesserat
1813 4214 1886 4298 qui-

257 4311 329 4378 dem
353 4320 467 4397 sponte
488 4313 545 4379 ille
567 4333 625 4398 per
645 4314 872 4380 verecundiam
895 4336 1068 4399 paucorum
1098 4315 1262 4397 facilitati,
1297 4325 1330 4382 et
1359 4337 1421 4399 quc
1451 4316 1564 4382 melior
1593 4318 1637 4383 ad
1665 4337 1723 4384 ves
1751 4318 1881 4397 rediret,

258 4437 403 4481 curarum
427 4436 548 4482 vacuus
570 4417 712 4483 animum
734 4419 850 4484 litteris
873 4419 1051 4485 excolebat.
1099 4419 1157 4484 sed
1179 4419 1240 4485 hoc
1261 4419 1339 4485 ordo
1368 4420 1588 4504 amplissimus
1618 4420 1672 4486 diu
1701 4442 1764 4486 non
1792 4420 1878 4486 tulit:

208 4543 238 4583 us
258 4520 366 4585 statim
388 4521 483 4603 quasi
505 4542 546 4586 ex
569 4521 674 4604 longo,
700 4528 735 4587 ut
757 4522 862 4588 redire
885 4523 995 4605 vellet,
1021 4523 1136 4587 orastis
1151 4560 1194 4569 —
1213 4522 1352 4588 iussistis
1374 4523 1474 4588 malui
1498 4523 1613 4605 dicere,
1641 4544 1715 4588 nam
1739 4530 1880 4605 senatus,

258 4643 329 4688 cum
353 4623 448 4708 petit,
481 4623 703 4690 vehementius
725 4625 891 4710 praecipit.
940 4646 1052 4711 parum
1075 4626 1135 4690 hoe
1158 4626 1377 4691 deferentibus
1400 4626 1504 4691 visum
1528 4633 1590 4692 est:
1621 4625 1815 4711 adlegautur
1841 4628 1885 4692 ad
1907 4630 1926 4689 2

258 4746 332 4791 eum
354 4747 426 4792 cum
448 4727 560 4811 primis
582 4727 706 4793 nobiles
727 4728 788 4793 viri
809 4728 991 4794 administri
1013 4737 1045 4793 et
1066 4729 1252 4795 internuntii
1275 4729 1423 4814 publicae
1443 4729 1629 4795 voluntatis.
1669 4735 1791 4813 quanta
1806 4730 1887 4795 haec

346 5005 518 5054 3cornmunls
623 5006 801 5055 dmslestates
821 5012 883 5056 lm.
1583 5064 1586 5075 ,

345 5090 361 5139 6
378 5106 399 5141 r.
419 5107 446 5154 p.
587 5091 602 5140 8
621 5090 787 5157 potestatibus
925 5089 1007 5159 mess]
1025 5094 1110 5157 2111,
1133 5108 1207 5142 censs
1225 5098 1238 5142 1
1258 5109 1291 5142 m.
1433 5096 1575 5154 iunguntur
1714 5095 1730 5144 9
1748 5094 1888 5154 hymeneus

261 5177 289 5226 11
309 5178 475 5227 incenderent
493 5175 646 5245 ululatibus]
664 5193 717 5241 epo,
736 5180 1069 5239 incendereauttululstlbus
1176 5179 1207 5229 12
1225 5177 1372 5246 miscerent]
1391 5179 1452 5241 Mel,
1474 5183 1562 5228 mseire
1583 5186 1657 5243 lm„
1677 5183 1776 5230 miscite
1795 5184 1857 5230 Qm.

347 5264 378 5313 13
397 5266 510 5313 amedeus
618 5263 646 5314 11
666 5267 721 5313 sine
739 5266 794 5313 iure
812 5267 866 5314 sine
885 5262 953 5332 iure]
970 5280 1023 5327 ene,
1044 5266 1156 5316 sineir'rre
1268 5266 1298 5316 15
1316 5281 1383 5330 resp.
1493 5266 1524 5316 16
1542 5268 1670 5329 praestitis
1778 5266 1806 5315 11
1827 5269 1889 5315 sub·

259 5348 420 5419 ripultistis]
431 5366 484 5413 eoo,
505 5346 682 5418 subripuislset
781 5349 919 5418 aerumnis]
931 5354 1026 5416 Haupt,
1048 5367 1135 5401 surum
1235 5349 1401 5419 miserabiles]
1416 5352 1476 5416 Mei,
1497 5355 1681 5403 mirabilesnise
1788 5352 1889 5402 18161-

259 5439 329 5486 usbtt
433 5434 543 5504 gaudiis]
563 5437 623 5501 Mol,
644 5440 738 5501 gaudes

347 5524 379 5575 ts
396 5525 465 5586 latiis
589 5525 619 5575 21
641 5526 759 5575 discretio
777 5541 839 5575 ross.
860 5540 890 5574 ea
908 5526 1021 5575 discritic
1043 5531 1055 5575 1
1074 5544 1108 5576 m.
1240 5525 1273 5574 22
1292 5522 1419 5592 quisquis]
1437 5540 1489 5589 epo,
1509 5529 1567 5588 quis
1694 5526 1726 5575 23
1744 5531 1854 5587 quantos

259 5612 401 5659 consulates
421 5616 432 5659 l
453 5627 485 5660 ns
593 5611 626 5661 21
644 5614 707 5661 detlt
725 5613 849 5661 Baehrens
953 5612 986 5661 25
1004 5615 1096 5662 iudicis
1201 5612 1234 5663 26
1253 5610 1313 5678 lucis

347 5696 379 5745 32
398 5693 627 5763 sensittclexpsrts
732 5700 765 5747 33
784 5711 917 5759 paucorum

347 5781 379 5831 36
397 5796 487 5843 pssum
