4736 6478
1071 466 1268 524 srunscffl
1284 466 1496 525 EPISTVLAE

947 921 948 925 p
1044 831 1202 896 uxxrrn
1222 831 1362 914 (cxxv)
1396 851 1427 895 a.
1446 832 1520 897 aaa.

1115 986 1175 1051 nn
1197 985 1445 1051 nvsronrvn.

557 1165 711 1248 Mirabar,
743 1163 820 1246 quid
850 1169 936 1228 esset
962 1161 1025 1243 rei,
1059 1159 1144 1243 quod
1174 1158 1335 1224 amicitiae
1365 1159 1664 1227 observantissimus
1693 1160 1749 1226 diu
1780 1161 1959 1227 scribendis
1981 1162 2096 1228 litteris

471 1271 673 1349 abstinebas3
706 1267 763 1334 sed
786 1266 945 1350 epistulae
974 1272 1049 1331 tuae
1079 1263 1179 1329 series
1201 1261 1372 1344 indicarit,
1404 1261 1490 1345 quod
1511 1262 1648 1329 tristium
1671 1285 1776 1330 rerum
1798 1265 1896 1331 index
1919 1283 1991 1330 esse
2013 1265 2097 1331 vita-

471 1375 572 1455 veris,
605 1391 686 1457 quas
707 1370 850 1454 longiore
880 1369 1007 1434 silentio
1030 1365 1184 1433 contineri
1205 1385 1265 1431 nec
1287 1365 1402 1449 religio
1424 1365 1593 1431 familiaris
1621 1388 1682 1434 nec
1703 1368 1879 1434 communis
1902 1389 2001 1434 cansa
2023 1390 2096 1454 per·
2117 1388 2129 1425 ⁵

471 1477 569 1542 misit.
616 1496 690 1540 narn
712 1475 899 1559 plerumque
928 1472 1008 1538 utile
1029 1476 1080 1536 est
1107 1470 1140 1536 in
1168 1469 1331 1554 publicam
1361 1467 1503 1553 prolerre
1525 1469 1688 1553 notitiam,
1721 1470 1805 1554 quod
1828 1472 1910 1537 velis
1931 1490 2004 1537 esse
2027 1492 2096 1537 cor-

470 1587 607 1661 rectum,
641 1585 675 1645 ut
703 1575 941 1644 denuntiatione
970 1574 1070 1641 futuri
1098 1572 1234 1658 periculi
1264 1571 1307 1638 ad
1336 1571 1566 1639 consulendum
1596 1579 1779 1640 cunctorum
1809 1593 1886 1641 cura
1915 1582 2092 1641 moveatur.

430 1685 449 1746 2
472 1706 591 1769 magua
611 1684 709 1769 igitur
730 1681 922 1749 necessitate
944 1679 1042 1745 futuri
1065 1677 1141 1744 anni
1161 1676 1302 1761 inopiam
1325 1681 1520 1762 protestatus
1542 1696 1589 1743 es.
1635 1676 1713 1760 quid
1735 1676 1821 1744 enim
1845 1678 1915 1763 spei
1938 1679 2096 1764 reliquum

472 1796 531 1868 est,
558 1809 629 1854 cunr
652 1786 826 1872 provinciis
848 1783 1009 1850 Africanis
1038 1803 1098 1849 neo
1119 1781 1162 1848 ad
1183 1781 1302 1847 victum
1325 1786 1453 1846 tenuem
1476 1782 1604 1866 frugum
1627 1782 1740 1848 tritura
1762 1783 1962 1868 responderit
1984 1791 2017 1850 et
2037 1783 2098 1849 ad-

473 1900 597 1977 portata
619 1912 660 1957 ex
682 1890 756 1956 aliis
778 1891 871 1956 terris
894 1887 1017 1954 semina
1038 1886 1163 1951 vicinus
1185 1903 1289 1951 annus
1310 1890 1481 1970 expectet?
1509 1884 1577 1951 iure
1599 1884 1697 1968 igitur
1718 1886 1761 1951 ad
1783 1878 1983 1952 aeternorum
2008 1886 2098 1970 prin·
2118 1904 2146 1946 ro

473 1997 578 2082 cipum
600 1993 833 2080 providentiam
855 1991 1097 2077 provincialium
1121 1987 1303 2055 sollicitudo
1326 1987 1481 2071 confugit.
1521 1989 1645 2055 interea
1667 1989 1743 2055 dum
1765 1990 1866 2055 maior
1892 1991 1933 2055 ab
1955 1990 2022 2056 illis
2044 2010 2098 2056 sa-

472 2099 609 2164 lubritas
637 2098 770 2183 petitur,
804 2095 987 2161 humanitas
1014 2102 1070 2161 tua
1100 2092 1208 2158 foveat
1237 2092 1421 2158 exhaustos·
1434 2098 1467 2158 ct
1488 2099 1651 2176 tamquam
1674 2092 1837 2177 particeps
1858 2093 1977 2159 doloris
1999 2094 2098 2159 alieni

474 2202 666 2287 persuadeat
694 2199 932 2279 laborantibus,
965 2197 1026 2263 sibi
1057 2195 1232 2273 accidisse,
1264 2194 1419 2279 quidquid
1442 2195 1626 2281 provinciae
1655 2197 1866 2280 pertulerunt.
1905 2216 1966 2281 ego
1989 2197 2094 2277 valeo,

473 2306 620 2389 quamvis
642 2304 768 2370 animus
791 2322 890 2386 aeger
911 2303 1027 2368 bonum
1051 2298 1198 2366 sanitatis
1219 2298 1363 2381 ignoret,
1396 2298 1453 2363 scd
1482 2305 1517 2365 ut
1544 2297 1667 2382 aliquid
1690 2300 1856 2365 solaminis
1884 2299 2008 2383 capiat,
2042 2319 2097 2364 oro

473 2408 694 2493 indulgentius
716 2407 838 2474 scribas
860 2412 893 2472 ct
908 2424 965 2470 >me
988 2404 1030 2469 ad
1051 2400 1310 2487 respondendum
1333 2402 1481 2486 exemplo
1503 2409 1578 2468 tuae
1600 2402 1804 2469 adsiduitatis
1826 2402 1955 2469 invites.
2119 2422 2148 2462 rs

1130 2646 1438 2655 ———.——-—

1063 2963 1223 3063 LIBER
1254 2961 1506 3063 QVINTVS.

1024 3198 1094 3273 an
1121 3154 1549 3273 nmuornnnuunj

1270 3368 1297 3433 Ι.

560 3546 658 3611 Recte
680 3544 785 3609 valeo.
831 3543 891 3607 hoc
913 3541 999 3608 enim
1022 3540 1181 3607 scribendi
1203 3539 1300 3606 debet
1322 3559 1394 3606 esso
1416 3538 1624 3624 principium,
1659 3539 1745 3622 quod
1775 3541 1914 3606 maxime
1944 3549 2099 3626 expetunt

474 3658 551 3715 vota
572 3648 696 3714 lecturi.
743 3668 845 3730 aeque
874 3646 932 3712 tibi
953 3651 1124 3731 suppetere
1153 3650 1296 3730 optatum
1320 3644 1461 3729 vigorem
1491 3642 1588 3710 nimis
1610 3644 1756 3728 gaudeo,
1789 3666 1864 3710 nam
1893 3666 1945 3711 me
1967 3645 2026 3711 tali
2048 3647 2099 3711 in·
2118 3661 2147 3703 ²⁰

476 3753 559 3819 dicio
581 3772 682 3837 nuper
710 3751 866 3816 hilarasti.
913 3750 996 3816 illud
1018 3771 1144 3834 quoque
1170 3749 1203 3814 in
1227 3768 1351 3813 summa
1379 3768 1464 3832 pono
1486 3747 1608 3831 gratia,
1633 3747 1718 3831 quod
1740 3754 1772 3813 te
1794 3748 1894 3814 nostri
1916 3748 2099 3832 diligentia

475 3857 591 3922 simum
620 3853 790 3920 familiaris
820 3853 887 3917 stili
916 3853 1067 3935 frequens
1095 3871 1173 3917 usus
1195 3851 1351 3931 ostendit3
1384 3850 1436 3917 cui
1466 3850 1513 3916 rei
1543 3849 1671 3915 laudem
1702 3849 1821 3915 referre
1844 3850 2013 3916 consilium
2035 3858 2095 3931 est,

474 3964 510 4025 ut
531 3957 590 4023 boc
611 3957 819 4022 invitamento
840 3954 991 4022 memoris
1012 3954 1112 4020 animi
1134 3953 1177 4019 ad
1199 3953 1473 4042 perseverantiam
1496 3952 1687 4039 provoceris.

1260 4283 1305 4349 11.

1070 4439 1129 4504 ΑΙ)
1151 4437 1502 4505 HIEROPHANTEM.
2119 4456 2149 4497 aa

561 4616 720 4700 Opulento
742 4634 793 4680 me
816 4612 928 4679 adficis
950 4612 1050 4693 bono,
1082 4611 1231 4695 quotiens
1253 4611 1426 4677 amicitiam
1448 4619 1588 4677 nostram
1612 4609 1726 4675 salutis
1748 4617 1822 4675 tuae
1845 4609 1964 4676 indicio
1985 4631 2099 4676 munc-

475 4720 566 4785 raris.
614 4717 691 4784 deos
712 4717 811 4801 igitur
832 4735 1018 4801 conprecor,
1052 4723 1087 4780 ut
1108 4722 1139 4781 te
1161 4734 1216 4799 pro
1239 4720 1330 4781 tauta
1351 4715 1385 4779 in
1407 4733 1464 4780 nos
1487 4713 1644 4798 religione
1666 4713 1836 4779 fortunent.
1885 4713 2099 4779 vicissitudini

474 4831 582 4890 autern
604 4822 777 4888 litterariae
800 4840 908 4905 parem
931 4819 1134 4903 diligentiam
1155 4819 1293 4885 libenter
1314 4817 1465 4903 inpendo,
1490 4826 1526 4884 ut
1547 4817 1590 4882 ad
1611 4816 1719 4883 officia
1742 4818 1918 4903 promptius
1940 4817 2096 4900 inciteris,

475 4949 547 4995 curn
569 4925 682 4993 videas
703 4925 791 5011 apud
814 4945 985 4991 memorem
1008 4924 1197 5009 scriptorum
1220 4923 1356 5006 gratiam
1383 4942 1445 4988 non
1468 4922 1582 5006 perire.

562 5274 578 5324 2
595 5290 644 5324 om.
663 5272 712 5321 VM
814 5271 829 5321 3
847 5273 1067 5321 obseruatisslmus
1085 5271 1107 5318 V
1208 5270 1224 5318 6
1242 5271 1343 5332 publica
1360 5269 1381 5316 V
1482 5267 1498 5316 8
1517 5264 1611 5335 futuri]
1630 5266 1717 5316 Pam.
1734 5266 1770 5327 M,
1789 5268 1914 5329 prot'utnrl
1928 5265 1969 5313 Pl
1981 5282 2014 5313 m.
2034 5263 2075 5314 VI
2076 5265 2101 5314 Φ

477 5363 505 5412 ll
526 5362 712 5426 prouinciarum
729 5354 799 5407 VM'
862 5358 982 5407 conuenit
1000 5356 1049 5405 VM
1137 5356 1167 5405 13
1185 5358 1329 5419 prouinciae
1345 5371 1395 5405 cm.
1413 5356 1434 5403 V
1527 5354 1557 5404 ll
1576 5356 1672 5416 captam
1690 5350 1785 5415 Vlllll'l
1884 5350 1915 5400 lb
1933 5364 1993 5398 rrrrr
2006 5350 2064 5401 add.
2079 5351 2102 5398 P

563 5448 639 5512 1651.
658 5448 711 5497 aust.
732 5446 869 5506 symmachi
887 5448 911 5494 ιἰ.
932 5446 954 5494 c.
968 5440 1023 5510 cll]
1040 5444 1150 5493 ordinari
1167 5443 1302 5506 epistolaris
1319 5428 1364 5492 lib.
1385 5439 1453 5509 [ΠΝ]
1477 5442 1554 5505 incip.
1575 5425 1619 5491 lib.
1642 5454 1677 5489 οι·
1696 5439 1779 5488 editus
1803 5443 1859 5501 post
1883 5438 1939 5486 elus
1962 5438 2034 5485 obltu'r
2051 5437 2100 5498 sd

476 5539 526 5587 tillo
543 5538 660 5586 memmio
677 5533 819 5595 symmacho
835 5533 945 5582 feliciter
963 5533 991 5593 P,
1013 5546 1061 5581 om.
1083 5531 1130 5579 VM
1251 5530 1281 5579 l'l
1300 5532 1406 5592 epistula
1423 5530 1488 5579 deest
1506 5532 1534 5577 ln
1552 5530 1581 5577 ll
1694 5526 1779 5577 eudem
1798 5526 1906 5587 epistola
1923 5523 1957 5572 nd
1974 5522 2101 5572 Pitanen

475 5625 536 5674 data
554 5623 606 5686 ΙΙΙ,
628 5624 661 5670 40
764 5620 795 5668 ad
813 5619 985 5681 strophsntem
1005 5618 1033 5679 P,
1054 5632 1103 5667 ora.
1124 5618 1144 5664 V
1246 5617 1279 5667 20
1298 5623 1394 5667 oratum
1415 5618 1437 5664 V
1539 5614 1571 5666 22
1589 5619 1659 5665 curel
1681 5615 1703 5662 V
1735 5608 1741 5629 '

561 5709 594 5759 25
612 5710 643 5758 sd
660 5707 834 5769 lerophantsm
852 5705 881 5769 P,
901 5720 950 5754 om.
968 5704 1017 5752 VM
1136 5700 1240 5769 2'1pro]
1260 5703 1294 5765 M,
1316 5716 1373 5764 prae
1392 5703 1439 5752 PV
1549 5703 1636 5764 religio
1654 5704 1768 5750 tomum
1788 5698 1810 5747 P
1924 5698 2101 5747 uicissitudlni

476 5792 573 5862 autern]
591 5796 705 5844 ulolsslrn
723 5801 777 5842 tum
795 5794 863 5842 culm
888 5792 913 5853 V,
933 5790 1118 5840 uidssitudlnis
1136 5791 1212 5839 buius
1232 5788 1260 5835 M
2009 5801 2013 5809 =
