<?xml version="1.0" encoding="UTF-8"?>
<!DOCTYPE html PUBLIC "-//W3C//DTD XHTML 1.0 Transitional//EN"
    "http://www.w3.org/TR/xhtml1/DTD/xhtml1-transitional.dtd">
<html xmlns="http://www.w3.org/1999/xhtml" xml:lang="en" lang="en">
 <head>
  <title>
</title>
<meta http-equiv="Content-Type" content="text/html;charset=utf-8" />
  <meta name='ocr-system' content='tesseract 3.04.00' />
  <meta name='ocr-capabilities' content='ocr_page ocr_carea ocr_par ocr_line ocrx_word'/>
</head>
<body>
  <div class='ocr_page' id='page_1' title='image "./qaureliisymmach00seecgoog_0347.png"; bbox 0 0 4736 6478; ppageno 0'>
   <div class='ocr_carea' id='block_1_1' title="bbox 519 493 1539 560">
    <p class='ocr_par' dir='ltr' id='par_1_1' title="bbox 519 493 1539 560">
     <span class='ocr_line' id='line_1_1' title="bbox 519 493 1539 560; baseline -0.002 -2"><span class='ocrx_word' id='word_1_1' title='bbox 519 495 578 560; x_wconf 78' lang='lat'>¹28</span> <span class='ocrx_word' id='word_1_2' title='bbox 1114 493 1312 554; x_wconf 75' lang='lat' dir='ltr'>arannem</span> <span class='ocrx_word' id='word_1_3' title='bbox 1329 495 1539 556; x_wconf 75' lang='lat' dir='ltr'>EPISTVLAE</span> 
     </span>
    </p>
   </div>
   <div class='ocr_carea' id='block_1_2' title="bbox 387 683 2138 1080">
    <p class='ocr_par' dir='ltr' id='par_1_2' title="bbox 387 683 2138 1080">
     <span class='ocr_line' id='line_1_2' title="bbox 387 683 2135 773; baseline 0.003 -27"><span class='ocrx_word' id='word_1_4' title='bbox 387 686 501 749; x_wconf 82' lang='lat' dir='ltr'>PVM</span> <span class='ocrx_word' id='word_1_5' title='bbox 516 683 574 750; x_wconf 90' lang='lat' dir='ltr'>sed</span> <span class='ocrx_word' id='word_1_6' title='bbox 601 684 758 750; x_wconf 88' lang='lat' dir='ltr'>aemulari</span> <span class='ocrx_word' id='word_1_7' title='bbox 786 684 925 751; x_wconf 90' lang='lat' dir='ltr'>studium</span> <span class='ocrx_word' id='word_1_8' title='bbox 955 692 1097 753; x_wconf 89' lang='lat' dir='ltr'>nostrum</span> <span class='ocrx_word' id='word_1_9' title='bbox 1124 688 1221 754; x_wconf 89' lang='lat' dir='ltr'>etiam</span> <span class='ocrx_word' id='word_1_10' title='bbox 1244 688 1426 754; x_wconf 86' lang='lat' dir='ltr'>voluntario</span> <span class='ocrx_word' id='word_1_11' title='bbox 1449 694 1561 773; x_wconf 91' lang='lat' dir='ltr'>postea</span> <span class='ocrx_word' id='word_1_12' title='bbox 1582 686 1686 753; x_wconf 87' lang='lat' dir='ltr'>offioio</span> <span class='ocrx_word' id='word_1_13' title='bbox 1708 684 1860 753; x_wconf 83' lang='lat' dir='ltr'><strong>debuisti.</strong></span> <span class='ocrx_word' id='word_1_14' title='bbox 1907 707 1949 752; x_wconf 89' lang='lat' dir='ltr'>an</span> <span class='ocrx_word' id='word_1_15' title='bbox 1973 692 2135 771; x_wconf 73' lang='lat' dir='ltr'>expectas,</span> 
     </span>
     <span class='ocr_line' id='line_1_3' title="bbox 512 787 2138 875; baseline 0.002 -23"><span class='ocrx_word' id='word_1_16' title='bbox 512 795 548 853; x_wconf 90' lang='lat' dir='ltr'>ut</span> <span class='ocrx_word' id='word_1_17' title='bbox 569 793 602 852; x_wconf 91' lang='lat' dir='ltr'>te</span> <span class='ocrx_word' id='word_1_18' title='bbox 623 787 683 852; x_wconf 90' lang='lat' dir='ltr'>illa</span> <span class='ocrx_word' id='word_1_19' title='bbox 705 789 964 873; x_wconf 78' lang='lat' dir='ltr'>expostulatione</span> <span class='ocrx_word' id='word_1_20' title='bbox 986 791 1217 875; x_wconf 81' lang='lat' dir='ltr'><strong>perstringam:</strong></span> <span class='ocrx_word' id='word_1_21' title='bbox 1242 798 1277 858; x_wconf 91' lang='lat' dir='ltr'>tu</span> <span class='ocrx_word' id='word_1_22' title='bbox 1299 791 1362 857; x_wconf 92' lang='lat' dir='ltr'>uisi</span> <span class='ocrx_word' id='word_1_23' title='bbox 1384 792 1469 856; x_wconf 90' lang='lat' dir='ltr'>maio</span> <span class='ocrx_word' id='word_1_24' title='bbox 1492 797 1621 857; x_wconf 86' lang='lat' dir='ltr'>ooaotus</span> <span class='ocrx_word' id='word_1_25' title='bbox 1643 797 1729 856; x_wconf 85' lang='lat' dir='ltr'>reete</span> <span class='ocrx_word' id='word_1_26' title='bbox 1751 789 1858 856; x_wconf 84' lang='lat' dir='ltr'>faeere</span> <span class='ocrx_word' id='word_1_27' title='bbox 1880 789 2005 855; x_wconf 70' lang='lat' dir='ltr'>neseis?</span> <span class='ocrx_word' id='word_1_28' title='bbox 2027 790 2138 855; x_wconf 88' lang='lat' dir='ltr'>omitto</span> 
     </span>
     <span class='ocr_line' id='line_1_4' title="bbox 513 890 2134 979; baseline 0.002 -25"><span class='ocrx_word' id='word_1_29' title='bbox 513 890 608 974; x_wconf 90' lang='lat' dir='ltr'>plura</span> <span class='ocrx_word' id='word_1_30' title='bbox 629 891 715 956; x_wconf 87' lang='lat' dir='ltr'>etin</span> <span class='ocrx_word' id='word_1_31' title='bbox 738 891 896 975; x_wconf 87' lang='lat' dir='ltr'>reliquum</span> <span class='ocrx_word' id='word_1_32' title='bbox 918 893 998 958; x_wconf 87' lang='lat' dir='ltr'>mihi</span> <span class='ocrx_word' id='word_1_33' title='bbox 1021 893 1222 978; x_wconf 82' lang='lat' dir='ltr'>diligentiam</span> <span class='ocrx_word' id='word_1_34' title='bbox 1245 901 1333 960; x_wconf 90' lang='lat' dir='ltr'>tuam</span> <span class='ocrx_word' id='word_1_35' title='bbox 1357 894 1515 979; x_wconf 88' lang='lat' dir='ltr'>spondeo;</span> <span class='ocrx_word' id='word_1_36' title='bbox 1545 914 1641 977; x_wconf 88' lang='lat' dir='ltr'>quam</span> <span class='ocrx_word' id='word_1_37' title='bbox 1663 893 1741 978; x_wconf 88' lang='lat' dir='ltr'>quia</span> <span class='ocrx_word' id='word_1_38' title='bbox 1763 893 1877 977; x_wconf 85' lang='lat' dir='ltr'>religio</span> <span class='ocrx_word' id='word_1_39' title='bbox 1899 893 1991 979; x_wconf 89' lang='lat' dir='ltr'>parvi</span> <span class='ocrx_word' id='word_1_40' title='bbox 2012 892 2134 973; x_wconf 83' lang='lat' dir='ltr'>habuit,</span> 
     </span>
     <span class='ocr_line' id='line_1_5' title="bbox 513 993 1990 1080; baseline 0.01 -24"><span class='ocrx_word' id='word_1_41' title='bbox 513 993 628 1058; x_wconf 88' lang='lat' dir='ltr'>saltem</span> <span class='ocrx_word' id='word_1_42' title='bbox 650 994 824 1060; x_wconf 83' lang='lat' dir='ltr'>admonitio</span> <span class='ocrx_word' id='word_1_43' title='bbox 846 1001 954 1060; x_wconf 87' lang='lat' dir='ltr'>nostra</span> <span class='ocrx_word' id='word_1_44' title='bbox 976 998 1184 1080; x_wconf 75' lang='lat' dir='ltr'>reparaverit.</span> <span class='ocrx_word' id='word_1_45' title='bbox 1986 1014 1990 1021; x_wconf 88' lang='lat'>&#39;</span> 
     </span>
    </p>
   </div>
   <div class='ocr_carea' id='block_1_3' title="bbox 1145 1308 1504 1529">
    <p class='ocr_par' dir='ltr' id='par_1_3' title="bbox 1145 1308 1504 1529">
     <span class='ocr_line' id='line_1_6' title="bbox 1215 1308 1429 1375; baseline 0 -3"><span class='ocrx_word' id='word_1_46' title='bbox 1215 1308 1276 1375; x_wconf 87' lang='lat' dir='ltr'>XV</span> <span class='ocrx_word' id='word_1_47' title='bbox 1305 1330 1336 1373; x_wconf 91' lang='lat' dir='ltr'>a.</span> <span class='ocrx_word' id='word_1_48' title='bbox 1356 1310 1429 1372; x_wconf 84' lang='lat'><strong>390.</strong></span> 
     </span>
     <span class='ocr_line' id='line_1_7' title="bbox 1145 1460 1504 1529; baseline 0 -3"><span class='ocrx_word' id='word_1_49' title='bbox 1145 1463 1203 1526; x_wconf 89' lang='grc' dir='ltr'>ΑΙ)</span> <span class='ocrx_word' id='word_1_50' title='bbox 1226 1460 1504 1529; x_wconf 80' lang='lat' dir='ltr'><strong>THEODORVM.</strong></span> 
     </span>
    </p>
   </div>
   <div class='ocr_carea' id='block_1_4' title="bbox 510 1632 2188 2317">
    <p class='ocr_par' dir='ltr' id='par_1_4' title="bbox 510 1632 2188 2317">
     <span class='ocr_line' id='line_1_8' title="bbox 598 1632 2139 1719; baseline 0.001 -22"><span class='ocrx_word' id='word_1_51' title='bbox 598 1633 745 1698; x_wconf 82' lang='lat' dir='ltr'>Proxime</span> <span class='ocrx_word' id='word_1_52' title='bbox 767 1635 900 1699; x_wconf 87' lang='lat' dir='ltr'>Romam</span> <span class='ocrx_word' id='word_1_53' title='bbox 931 1654 1097 1719; x_wconf 84' lang='lat' dir='ltr'>regressus</span> <span class='ocrx_word' id='word_1_54' title='bbox 1120 1655 1141 1699; x_wconf 93' lang='lat' dir='ltr'>a</span> <span class='ocrx_word' id='word_1_55' title='bbox 1163 1633 1323 1701; x_wconf 81' lang='lat' dir='ltr'>scribendi</span> <span class='ocrx_word' id='word_1_56' title='bbox 1345 1633 1576 1701; x_wconf 80' lang='lat' dir='ltr'>consuetudine</span> <span class='ocrx_word' id='word_1_57' title='bbox 1599 1655 1661 1700; x_wconf 93' lang='lat' dir='ltr'>non</span> <span class='ocrx_word' id='word_1_58' title='bbox 1684 1641 1750 1699; x_wconf 86' lang='lat' dir='ltr'>tam</span> <span class='ocrx_word' id='word_1_59' title='bbox 1774 1632 1901 1699; x_wconf 87' lang='lat' dir='ltr'>desidia</span> <span class='ocrx_word' id='word_1_60' title='bbox 1922 1654 2020 1718; x_wconf 88' lang='lat' dir='ltr'>quam</span> <span class='ocrx_word' id='word_1_61' title='bbox 2043 1652 2139 1698; x_wconf 88' lang='lat' dir='ltr'>ooou-</span> 
     </span>
     <span class='ocr_line' id='line_1_9' title="bbox 511 1735 2138 1824; baseline 0 -24"><span class='ocrx_word' id='word_1_62' title='bbox 511 1736 638 1821; x_wconf 91' lang='lat' dir='ltr'>patione</span> <span class='ocrx_word' id='word_1_63' title='bbox 662 1735 800 1818; x_wconf 84' lang='lat' dir='ltr'>desoiui,</span> <span class='ocrx_word' id='word_1_64' title='bbox 833 1743 930 1820; x_wconf 81' lang='lat' dir='ltr'>atque</span> <span class='ocrx_word' id='word_1_65' title='bbox 952 1736 1025 1803; x_wconf 91' lang='lat' dir='ltr'>ideo</span> <span class='ocrx_word' id='word_1_66' title='bbox 1048 1744 1137 1821; x_wconf 88' lang='lat' dir='ltr'>peto,</span> <span class='ocrx_word' id='word_1_67' title='bbox 1172 1738 1205 1803; x_wconf 94' lang='lat' dir='ltr'>in</span> <span class='ocrx_word' id='word_1_68' title='bbox 1228 1738 1344 1803; x_wconf 90' lang='lat' dir='ltr'>bonam</span> <span class='ocrx_word' id='word_1_69' title='bbox 1367 1745 1489 1823; x_wconf 84' lang='lat' dir='ltr'>partem</span> <span class='ocrx_word' id='word_1_70' title='bbox 1513 1740 1734 1824; x_wconf 86' lang='lat' dir='ltr'>purgationem</span> <span class='ocrx_word' id='word_1_71' title='bbox 1757 1737 1950 1822; x_wconf 88' lang='lat' dir='ltr'>praeteritae</span> <span class='ocrx_word' id='word_1_72' title='bbox 1972 1736 2138 1802; x_wconf 80' lang='lat' dir='ltr'>taciturni-</span> 
     </span>
     <span class='ocr_line' id='line_1_10' title="bbox 511 1837 2137 1924; baseline -0.001 -21"><span class='ocrx_word' id='word_1_73' title='bbox 511 1838 587 1906; x_wconf 83' lang='lat' dir='ltr'>tatis</span> <span class='ocrx_word' id='word_1_74' title='bbox 609 1838 749 1924; x_wconf 88' lang='lat' dir='ltr'>aooipias</span> <span class='ocrx_word' id='word_1_75' title='bbox 772 1859 960 1923; x_wconf 81' lang='lat' dir='ltr'>mecumque</span> <span class='ocrx_word' id='word_1_76' title='bbox 983 1841 1131 1923; x_wconf 89' lang='lat' dir='ltr'>laeteris,</span> <span class='ocrx_word' id='word_1_77' title='bbox 1163 1840 1251 1924; x_wconf 89' lang='lat' dir='ltr'>quod</span> <span class='ocrx_word' id='word_1_78' title='bbox 1273 1839 1306 1906; x_wconf 91' lang='lat' dir='ltr'>d.</span> <span class='ocrx_word' id='word_1_79' title='bbox 1331 1862 1363 1906; x_wconf 93' lang='lat' dir='ltr'>n.</span> <span class='ocrx_word' id='word_1_80' title='bbox 1389 1840 1561 1906; x_wconf 79' lang='lat' dir='ltr'>Theodosii</span> <span class='ocrx_word' id='word_1_81' title='bbox 1584 1860 1675 1906; x_wconf 83' lang='lat' dir='ltr'>sacro</span> <span class='ocrx_word' id='word_1_82' title='bbox 1698 1840 1872 1923; x_wconf 88' lang='lat' dir='ltr'>divinoque</span> <span class='ocrx_word' id='word_1_83' title='bbox 1894 1840 2013 1906; x_wconf 89' lang='lat' dir='ltr'>iudieio</span> <span class='ocrx_word' id='word_1_84' title='bbox 2034 1837 2137 1905; x_wconf 87' lang='lat' dir='ltr'>merui</span> 
     </span>
     <span class='ocr_line' id='line_1_11' title="bbox 511 1941 2188 2029; baseline -0.001 -23"><span class='ocrx_word' id='word_1_85' title='bbox 511 1942 722 2007; x_wconf 86' lang='lat' dir='ltr'>oonsulatum.</span> <span class='ocrx_word' id='word_1_86' title='bbox 762 1941 853 2007; x_wconf 89' lang='lat' dir='ltr'>ouius</span> <span class='ocrx_word' id='word_1_87' title='bbox 876 1943 1045 2028; x_wconf 84' lang='lat' dir='ltr'>multiplex</span> <span class='ocrx_word' id='word_1_88' title='bbox 1068 1950 1245 2029; x_wconf 90' lang='lat' dir='ltr'>apparatus</span> <span class='ocrx_word' id='word_1_89' title='bbox 1273 1950 1361 2010; x_wconf 88' lang='lat' dir='ltr'>tuam</span> <span class='ocrx_word' id='word_1_90' title='bbox 1385 1944 1517 2028; x_wconf 87' lang='lat' dir='ltr'>requirit</span> <span class='ocrx_word' id='word_1_91' title='bbox 1537 1944 1737 2011; x_wconf 85' lang='lat' dir='ltr'>industriam.</span> <span class='ocrx_word' id='word_1_92' title='bbox 1785 1942 1844 2009; x_wconf 79' lang='lat' dir='ltr'>aed</span> <span class='ocrx_word' id='word_1_93' title='bbox 1866 1963 1976 2009; x_wconf 88' lang='lat' dir='ltr'>rursus</span> <span class='ocrx_word' id='word_1_94' title='bbox 2002 1941 2139 2009; x_wconf 89' lang='lat' dir='ltr'>ooourrit</span> <span class='ocrx_word' id='word_1_95' title='bbox 2159 1964 2188 2004; x_wconf 83' lang='lat' dir='ltr'>ro</span> 
     </span>
     <span class='ocr_line' id='line_1_12' title="bbox 511 2043 2137 2133; baseline 0.001 -23"><span class='ocrx_word' id='word_1_96' title='bbox 511 2052 585 2110; x_wconf 89' lang='lat' dir='ltr'>voto</span> <span class='ocrx_word' id='word_1_97' title='bbox 607 2052 640 2110; x_wconf 90' lang='lat' dir='ltr'>et</span> <span class='ocrx_word' id='word_1_98' title='bbox 662 2043 778 2110; x_wconf 86' lang='lat' dir='ltr'>studiis</span> <span class='ocrx_word' id='word_1_99' title='bbox 800 2046 898 2126; x_wconf 86' lang='lat' dir='ltr'>meis,</span> <span class='ocrx_word' id='word_1_100' title='bbox 930 2066 970 2112; x_wconf 93' lang='lat' dir='ltr'>ne</span> <span class='ocrx_word' id='word_1_101' title='bbox 992 2047 1121 2113; x_wconf 89' lang='lat' dir='ltr'>honoris</span> <span class='ocrx_word' id='word_1_102' title='bbox 1151 2048 1198 2113; x_wconf 92' lang='lat' dir='ltr'>tui</span> <span class='ocrx_word' id='word_1_103' title='bbox 1220 2055 1365 2133; x_wconf 90' lang='lat' dir='ltr'>tempora</span> <span class='ocrx_word' id='word_1_104' title='bbox 1393 2048 1629 2114; x_wconf 83' lang='lat' dir='ltr'>contrahantur.</span> <span class='ocrx_word' id='word_1_105' title='bbox 1676 2055 1871 2132; x_wconf 88' lang='lat' dir='ltr'>quapropter</span> <span class='ocrx_word' id='word_1_106' title='bbox 1891 2054 1967 2112; x_wconf 89' lang='lat' dir='ltr'>tuae</span> <span class='ocrx_word' id='word_1_107' title='bbox 1989 2045 2137 2132; x_wconf 84' lang='lat' dir='ltr'>permitto</span> 
     </span>
     <span class='ocr_line' id='line_1_13' title="bbox 511 2148 2139 2232; baseline 0 -20"><span class='ocrx_word' id='word_1_108' title='bbox 511 2148 706 2230; x_wconf 86' lang='lat' dir='ltr'>sententiae,</span> <span class='ocrx_word' id='word_1_109' title='bbox 734 2156 768 2214; x_wconf 90' lang='lat' dir='ltr'>ut</span> <span class='ocrx_word' id='word_1_110' title='bbox 791 2149 819 2213; x_wconf 88' lang='lat' dir='ltr'>si</span> <span class='ocrx_word' id='word_1_111' title='bbox 841 2149 946 2214; x_wconf 86' lang='lat' dir='ltr'>votivo</span> <span class='ocrx_word' id='word_1_112' title='bbox 969 2150 1075 2215; x_wconf 84' lang='lat' dir='ltr'>oiiioio</span> <span class='ocrx_word' id='word_1_113' title='bbox 1097 2151 1211 2216; x_wconf 93' lang='lat' dir='ltr'>domus</span> <span class='ocrx_word' id='word_1_114' title='bbox 1233 2157 1361 2217; x_wconf 89' lang='lat' dir='ltr'>nostrae</span> <span class='ocrx_word' id='word_1_115' title='bbox 1383 2151 1539 2217; x_wconf 89' lang='lat' dir='ltr'>interesse</span> <span class='ocrx_word' id='word_1_116' title='bbox 1561 2150 1746 2232; x_wconf 87' lang='lat' dir='ltr'>desideras,</span> <span class='ocrx_word' id='word_1_117' title='bbox 1779 2149 2066 2215; x_wconf 87' lang='lat' dir='ltr'>administrationis</span> <span class='ocrx_word' id='word_1_118' title='bbox 2088 2148 2139 2213; x_wconf 91' lang='lat' dir='ltr'>la-</span> 
     </span>
     <span class='ocr_line' id='line_1_14' title="bbox 510 2250 757 2317; baseline 0.004 -1"><span class='ocrx_word' id='word_1_119' title='bbox 510 2250 587 2317; x_wconf 88' lang='lat' dir='ltr'>bore</span> <span class='ocrx_word' id='word_1_120' title='bbox 610 2251 757 2317; x_wconf 86' lang='lat' dir='ltr'>solvaris.</span> 
     </span>
    </p>
   </div>
   <div class='ocr_carea' id='block_1_5' title="bbox 1112 2563 1529 2783">
    <p class='ocr_par' dir='ltr' id='par_1_5' title="bbox 1112 2563 1529 2783">
     <span class='ocr_line' id='line_1_15' title="bbox 1223 2563 1416 2647; baseline 0.005 -20"><span class='ocrx_word' id='word_1_121' title='bbox 1223 2564 1300 2629; x_wconf 84' lang='lat' dir='ltr'>xvr</span> <span class='ocrx_word' id='word_1_122' title='bbox 1321 2563 1416 2647; x_wconf 75' lang='lat' dir='ltr'>[xro.</span> 
     </span>
     <span class='ocr_line' id='line_1_16' title="bbox 1112 2720 1529 2783; baseline 0.002 -2"><span class='ocrx_word' id='word_1_123' title='bbox 1112 2720 1182 2781; x_wconf 71' lang='lat' dir='ltr'>no</span> <span class='ocrx_word' id='word_1_124' title='bbox 1208 2720 1529 2783; x_wconf 73' lang='lat' dir='ltr'>rnnooonurr.</span> 
     </span>
    </p>
   </div>
   <div class='ocr_carea' id='block_1_6' title="bbox 508 2887 2185 3387">
    <p class='ocr_par' dir='ltr' id='par_1_6' title="bbox 508 2887 2185 3387">
     <span class='ocr_line' id='line_1_17' title="bbox 594 2887 2134 2976; baseline -0.001 -23"><span class='ocrx_word' id='word_1_125' title='bbox 594 2887 713 2955; x_wconf 89' lang='lat' dir='ltr'>Sanoto</span> <span class='ocrx_word' id='word_1_126' title='bbox 735 2889 913 2973; x_wconf 89' lang='lat' dir='ltr'>Lampadio</span> <span class='ocrx_word' id='word_1_127' title='bbox 942 2909 1095 2972; x_wconf 85' lang='lat' dir='ltr'>germano</span> <span class='ocrx_word' id='word_1_128' title='bbox 1124 2897 1179 2955; x_wconf 89' lang='lat' dir='ltr'>tuo</span> <span class='ocrx_word' id='word_1_129' title='bbox 1209 2898 1241 2955; x_wconf 87' lang='lat' dir='ltr'>et</span> <span class='ocrx_word' id='word_1_130' title='bbox 1269 2890 1312 2956; x_wconf 88' lang='lat' dir='ltr'>ad</span> <span class='ocrx_word' id='word_1_131' title='bbox 1335 2910 1424 2976; x_wconf 90' lang='lat' dir='ltr'>spem</span> <span class='ocrx_word' id='word_1_132' title='bbox 1448 2908 1618 2974; x_wconf 80' lang='lat' dir='ltr'>processus</span> <span class='ocrx_word' id='word_1_133' title='bbox 1647 2889 1743 2955; x_wconf 90' lang='lat' dir='ltr'>etad</span> <span class='ocrx_word' id='word_1_134' title='bbox 1766 2889 1881 2954; x_wconf 90' lang='lat' dir='ltr'>bonam</span> <span class='ocrx_word' id='word_1_135' title='bbox 1904 2888 1989 2954; x_wconf 87' lang='lat' dir='ltr'>viam</span> <span class='ocrx_word' id='word_1_136' title='bbox 2012 2908 2134 2953; x_wconf 90' lang='lat' dir='ltr'>morum</span> 
     </span>
     <span class='ocr_line' id='line_1_18' title="bbox 508 2990 2137 3077; baseline 0.001 -22"><span class='ocrx_word' id='word_1_137' title='bbox 508 2990 738 3056; x_wconf 87' lang='lat' dir='ltr'>oausidioinam</span> <span class='ocrx_word' id='word_1_138' title='bbox 762 2991 883 3057; x_wconf 91' lang='lat' dir='ltr'>eredidi</span> <span class='ocrx_word' id='word_1_139' title='bbox 906 2991 1114 3076; x_wconf 87' lang='lat' dir='ltr'>profuturam.</span> <span class='ocrx_word' id='word_1_140' title='bbox 1163 2992 1248 3058; x_wconf 92' lang='lat' dir='ltr'>unde</span> <span class='ocrx_word' id='word_1_141' title='bbox 1271 2992 1391 3058; x_wconf 79' lang='lat' dir='ltr'>fartum</span> <span class='ocrx_word' id='word_1_142' title='bbox 1414 2999 1474 3074; x_wconf 89' lang='lat' dir='ltr'>est,</span> <span class='ocrx_word' id='word_1_143' title='bbox 1500 2998 1536 3058; x_wconf 91' lang='lat' dir='ltr'>nt</span> <span class='ocrx_word' id='word_1_144' title='bbox 1557 2990 1686 3057; x_wconf 89' lang='lat' dir='ltr'>domino</span> <span class='ocrx_word' id='word_1_145' title='bbox 1708 2999 1741 3057; x_wconf 90' lang='lat' dir='ltr'>et</span> <span class='ocrx_word' id='word_1_146' title='bbox 1762 2991 1860 3057; x_wconf 86' lang='lat' dir='ltr'>fratre</span> <span class='ocrx_word' id='word_1_147' title='bbox 1879 3012 1951 3056; x_wconf 88' lang='lat' dir='ltr'>meo</span> <span class='ocrx_word' id='word_1_148' title='bbox 1974 2991 2137 3077; x_wconf 81' lang='lat' dir='ltr'>praefecto</span> 
     </span>
     <span class='ocr_line' id='line_1_19' title="bbox 508 3093 2136 3181; baseline 0.001 -23"><span class='ocrx_word' id='word_1_149' title='bbox 508 3100 583 3159; x_wconf 91' lang='lat' dir='ltr'>ante</span> <span class='ocrx_word' id='word_1_150' title='bbox 605 3094 750 3160; x_wconf 89' lang='lat' dir='ltr'>eonsuito</span> <span class='ocrx_word' id='word_1_151' title='bbox 772 3093 815 3160; x_wconf 88' lang='lat' dir='ltr'>ad</span> <span class='ocrx_word' id='word_1_152' title='bbox 836 3101 942 3161; x_wconf 89' lang='lat' dir='ltr'>eastra</span> <span class='ocrx_word' id='word_1_153' title='bbox 965 3096 1106 3161; x_wconf 86' lang='lat' dir='ltr'>forensia</span> <span class='ocrx_word' id='word_1_154' title='bbox 1128 3097 1304 3162; x_wconf 81' lang='lat' dir='ltr'>mitteretur</span> <span class='ocrx_word' id='word_1_155' title='bbox 1326 3116 1364 3161; x_wconf 87' lang='lat' dir='ltr'>eo</span> <span class='ocrx_word' id='word_1_156' title='bbox 1385 3095 1572 3181; x_wconf 77' lang='lat' dir='ltr'>praesertim</span> <span class='ocrx_word' id='word_1_157' title='bbox 1594 3101 1753 3180; x_wconf 91' lang='lat' dir='ltr'>tempore,</span> <span class='ocrx_word' id='word_1_158' title='bbox 1779 3115 1843 3177; x_wconf 91' lang='lat' dir='ltr'>quo</span> <span class='ocrx_word' id='word_1_159' title='bbox 1863 3100 1918 3159; x_wconf 91' lang='lat' dir='ltr'>tuo</span> <span class='ocrx_word' id='word_1_160' title='bbox 1940 3095 2136 3160; x_wconf 73' lang='lat' dir='ltr'>adminiculo</span> 
     </span>
     <span class='ocr_line' id='line_1_20' title="bbox 509 3197 2135 3284; baseline 0.001 -23"><span class='ocrx_word' id='word_1_161' title='bbox 509 3197 612 3281; x_wconf 88' lang='lat' dir='ltr'>possit</span> <span class='ocrx_word' id='word_1_162' title='bbox 633 3197 769 3263; x_wconf 79' lang='lat' dir='ltr'>institui.</span> <span class='ocrx_word' id='word_1_163' title='bbox 817 3204 1010 3284; x_wconf 89' lang='lat' dir='ltr'>quapropter</span> <span class='ocrx_word' id='word_1_164' title='bbox 1039 3200 1156 3284; x_wconf 84' lang='lat' dir='ltr'>pignus</span> <span class='ocrx_word' id='word_1_165' title='bbox 1186 3208 1274 3264; x_wconf 89' lang='lat' dir='ltr'>tuum</span> <span class='ocrx_word' id='word_1_166' title='bbox 1299 3199 1425 3284; x_wconf 79' lang='lat' dir='ltr'>suscipe</span> <span class='ocrx_word' id='word_1_167' title='bbox 1448 3197 1682 3264; x_wconf 87' lang='lat' dir='ltr'>informandum</span> <span class='ocrx_word' id='word_1_168' title='bbox 1702 3197 1793 3262; x_wconf 86' lang='lat' dir='ltr'>bonis</span> <span class='ocrx_word' id='word_1_169' title='bbox 1816 3197 1958 3264; x_wconf 79' lang='lat' dir='ltr'>fraterna</span> <span class='ocrx_word' id='word_1_170' title='bbox 1978 3198 2135 3280; x_wconf 83' lang='lat' dir='ltr'>religione</span> 
     </span>
     <span class='ocr_line' id='line_1_21' title="bbox 509 3302 2185 3387; baseline 0 -20"><span class='ocrx_word' id='word_1_171' title='bbox 509 3302 700 3387; x_wconf 81' lang='lat' dir='ltr'>praeceptis.</span> <span class='ocrx_word' id='word_1_172' title='bbox 2155 3325 2185 3367; x_wconf 80' lang='lat' dir='ltr'>ao</span> 
     </span>
    </p>
   </div>
   <div class='ocr_carea' id='block_1_7' title="bbox 1107 3679 1534 3935">
    <p class='ocr_par' dir='ltr' id='par_1_7' title="bbox 1107 3679 1534 3935">
     <span class='ocr_line' id='line_1_22' title="bbox 1107 3679 1534 3758; baseline -0.002 -2"><span class='ocrx_word' id='word_1_173' title='bbox 1107 3682 1178 3756; x_wconf 87' lang='lat' dir='ltr'>AD</span> <span class='ocrx_word' id='word_1_174' title='bbox 1209 3679 1534 3758; x_wconf 79' lang='lat' dir='ltr'><strong>MAGNILLVM.</strong></span> 
     </span>
     <span class='ocr_line' id='line_1_23' title="bbox 1205 3852 1429 3935; baseline 0.004 -19"><span class='ocrx_word' id='word_1_175' title='bbox 1205 3852 1298 3917; x_wconf 81' lang='lat' dir='ltr'>nvn</span> <span class='ocrx_word' id='word_1_176' title='bbox 1318 3852 1429 3935; x_wconf 73' lang='lat' dir='ltr'>(xm).</span> 
     </span>
    </p>
   </div>
   <div class='ocr_carea' id='block_1_8' title="bbox 508 4023 2183 4317">
    <p class='ocr_par' dir='ltr' id='par_1_8' title="bbox 508 4023 2183 4317">
     <span class='ocr_line' id='line_1_24' title="bbox 594 4023 2129 4110; baseline 0.001 -20"><span class='ocrx_word' id='word_1_177' title='bbox 594 4027 730 4092; x_wconf 87' lang='lat' dir='ltr'>Brevem</span> <span class='ocrx_word' id='word_1_178' title='bbox 753 4025 846 4092; x_wconf 86' lang='lat' dir='ltr'>deoet</span> <span class='ocrx_word' id='word_1_179' title='bbox 868 4045 940 4092; x_wconf 87' lang='lat' dir='ltr'>esse</span> <span class='ocrx_word' id='word_1_180' title='bbox 963 4045 1152 4105; x_wconf 90' lang='lat' dir='ltr'>sermonem,</span> <span class='ocrx_word' id='word_1_181' title='bbox 1177 4046 1241 4108; x_wconf 88' lang='lat' dir='ltr'>quo</span> <span class='ocrx_word' id='word_1_182' title='bbox 1263 4024 1386 4090; x_wconf 89' lang='lat' dir='ltr'>reditus</span> <span class='ocrx_word' id='word_1_183' title='bbox 1409 4024 1578 4091; x_wconf 80' lang='lat' dir='ltr'>indicatur.</span> <span class='ocrx_word' id='word_1_184' title='bbox 1617 4023 1696 4107; x_wconf 88' lang='lat' dir='ltr'>quid</span> <span class='ocrx_word' id='word_1_185' title='bbox 1721 4025 1806 4092; x_wconf 91' lang='lat' dir='ltr'>enim</span> <span class='ocrx_word' id='word_1_186' title='bbox 1830 4025 1963 4091; x_wconf 89' lang='lat' dir='ltr'>mandes</span> <span class='ocrx_word' id='word_1_187' title='bbox 1978 4025 2129 4110; x_wconf 78' lang='lat' dir='ltr'>paginae,</span> 
     </span>
     <span class='ocr_line' id='line_1_25' title="bbox 508 4127 2134 4213; baseline -0.001 -20"><span class='ocrx_word' id='word_1_188' title='bbox 508 4149 580 4194; x_wconf 89' lang='lat' dir='ltr'>oum</span> <span class='ocrx_word' id='word_1_189' title='bbox 603 4129 726 4210; x_wconf 87' lang='lat' dir='ltr'>omnia,</span> <span class='ocrx_word' id='word_1_190' title='bbox 757 4149 842 4212; x_wconf 90' lang='lat' dir='ltr'>quae</span> <span class='ocrx_word' id='word_1_191' title='bbox 871 4128 989 4213; x_wconf 89' lang='lat' dir='ltr'>seripto</span> <span class='ocrx_word' id='word_1_192' title='bbox 1018 4128 1170 4193; x_wconf 79' lang='lat' dir='ltr'>committi</span> <span class='ocrx_word' id='word_1_193' title='bbox 1192 4128 1313 4207; x_wconf 88' lang='lat' dir='ltr'>solent,</span> <span class='ocrx_word' id='word_1_194' title='bbox 1347 4128 1466 4194; x_wconf 85' lang='lat' dir='ltr'>fabulis</span> <span class='ocrx_word' id='word_1_195' title='bbox 1487 4128 1595 4213; x_wconf 89' lang='lat' dir='ltr'>potius</span> <span class='ocrx_word' id='word_1_196' title='bbox 1618 4127 1758 4195; x_wconf 91' lang='lat' dir='ltr'>debeant</span> <span class='ocrx_word' id='word_1_197' title='bbox 1779 4130 1958 4193; x_wconf 74' lang='lat' dir='ltr'>reservarit</span> <span class='ocrx_word' id='word_1_198' title='bbox 2001 4129 2062 4194; x_wconf 89' lang='lat' dir='ltr'>hoo</span> <span class='ocrx_word' id='word_1_199' title='bbox 2084 4135 2134 4193; x_wconf 86' lang='lat' dir='ltr'>est</span> 
     </span>
     <span class='ocr_line' id='line_1_26' title="bbox 508 4230 2183 4317; baseline 0.001 -21"><span class='ocrx_word' id='word_1_200' title='bbox 508 4239 730 4315; x_wconf 83' lang='lat' dir='ltr'>argumentum</span> <span class='ocrx_word' id='word_1_201' title='bbox 752 4232 967 4317; x_wconf 79' lang='lat' dir='ltr'>praesentium</span> <span class='ocrx_word' id='word_1_202' title='bbox 991 4231 1181 4312; x_wconf 86' lang='lat' dir='ltr'>litterarum,</span> <span class='ocrx_word' id='word_1_203' title='bbox 1207 4252 1299 4313; x_wconf 83' lang='lat' dir='ltr'>quaa,</span> <span class='ocrx_word' id='word_1_204' title='bbox 1324 4231 1352 4295; x_wconf 89' lang='lat' dir='ltr'>si</span> <span class='ocrx_word' id='word_1_205' title='bbox 1375 4230 1422 4296; x_wconf 83' lang='lat' dir='ltr'>dii</span> <span class='ocrx_word' id='word_1_206' title='bbox 1442 4237 1549 4295; x_wconf 86' lang='lat' dir='ltr'>uotum</span> <span class='ocrx_word' id='word_1_207' title='bbox 1573 4230 1719 4312; x_wconf 83' lang='lat' dir='ltr'>iuverint,</span> <span class='ocrx_word' id='word_1_208' title='bbox 1745 4251 1818 4295; x_wconf 83' lang='lat' dir='ltr'>mox</span> <span class='ocrx_word' id='word_1_209' title='bbox 1841 4251 2018 4314; x_wconf 86' lang='lat' dir='ltr'>sequemur.</span> <span class='ocrx_word' id='word_1_210' title='bbox 2153 4256 2183 4298; x_wconf 76' lang='lat' dir='ltr'>aa</span> 
     </span>
    </p>
   </div>
   <div class='ocr_carea' id='block_1_9' title="bbox 594 4437 953 4507">
    <p class='ocr_par' dir='ltr' id='par_1_9' title="bbox 594 4437 953 4507">
     <span class='ocr_line' id='line_1_27' title="bbox 594 4437 953 4507; baseline 0.006 -16"><span class='ocrx_word' id='word_1_211' title='bbox 594 4441 609 4491; x_wconf 81' lang='lat'>2</span> <span class='ocrx_word' id='word_1_212' title='bbox 628 4438 743 4493; x_wconf 83' lang='lat' dir='ltr'>Terent.</span> <span class='ocrx_word' id='word_1_213' title='bbox 764 4437 892 4507; x_wconf 87' lang='lat' dir='ltr'>Adelphi</span> <span class='ocrx_word' id='word_1_214' title='bbox 911 4440 953 4493; x_wconf 82' lang='grc'>69.</span> 
     </span>
    </p>
   </div>
   <div class='ocr_carea' id='block_1_10' title="bbox 506 4759 2134 5510">
    <p class='ocr_par' dir='ltr' id='par_1_10' title="bbox 595 4759 1876 4833">
     <span class='ocr_line' id='line_1_28' title="bbox 595 4759 1876 4833; baseline -0.004 -14"><span class='ocrx_word' id='word_1_215' title='bbox 595 4770 611 4819; x_wconf 81' lang='lat'>2</span> <span class='ocrx_word' id='word_1_216' title='bbox 629 4771 798 4833; x_wconf 80' lang='lat' dir='ltr'>postulatione</span> <span class='ocrx_word' id='word_1_217' title='bbox 821 4768 841 4815; x_wconf 83' lang='lat' dir='ltr'><strong><em>V</em></strong></span> <span class='ocrx_word' id='word_1_218' title='bbox 943 4767 959 4816; x_wconf 84' lang='lat'><strong>3</strong></span> <span class='ocrx_word' id='word_1_219' title='bbox 977 4782 1054 4830; x_wconf 88' lang='lat' dir='ltr'>parua</span> <span class='ocrx_word' id='word_1_220' title='bbox 1078 4767 1098 4815; x_wconf 82' lang='lat' dir='ltr'><strong><em>V</em></strong></span> <span class='ocrx_word' id='word_1_221' title='bbox 1199 4768 1216 4816; x_wconf 84' lang='grc'>4</span> <span class='ocrx_word' id='word_1_222' title='bbox 1233 4759 1397 4833; x_wconf 83' lang='lat' dir='ltr'>raparairerit]</span> <span class='ocrx_word' id='word_1_223' title='bbox 1414 4780 1466 4829; x_wconf 71' lang='lat' dir='ltr'>eoo,</span> <span class='ocrx_word' id='word_1_224' title='bbox 1487 4768 1615 4829; x_wconf 85' lang='lat' dir='ltr'>reparanit</span> <span class='ocrx_word' id='word_1_225' title='bbox 1634 4765 1686 4829; x_wconf 83' lang='lat' dir='ltr'>PV,</span> <span class='ocrx_word' id='word_1_226' title='bbox 1706 4767 1830 4828; x_wconf 80' lang='lat' dir='ltr'>reparabit</span> <span class='ocrx_word' id='word_1_227' title='bbox 1848 4766 1876 4814; x_wconf 82' lang='grc' dir='ltr'><em>Μ</em></span> 
     </span>
    </p>

    <p class='ocr_par' dir='ltr' id='par_1_11' title="bbox 507 4851 2134 5092">
     <span class='ocr_line' id='line_1_29' title="bbox 593 4851 2134 4920; baseline -0.001 -15"><span class='ocrx_word' id='word_1_228' title='bbox 593 4856 675 4907; x_wconf 79' lang='lat' dir='ltr'>tiom.</span> <span class='ocrx_word' id='word_1_229' title='bbox 695 4856 746 4905; x_wconf 80' lang='lat' dir='ltr'>VM</span> <span class='ocrx_word' id='word_1_230' title='bbox 848 4854 862 4904; x_wconf 80' lang='lat' dir='ltr'>i</span> <span class='ocrx_word' id='word_1_231' title='bbox 881 4851 1035 4920; x_wconf 78' lang='lat' dir='ltr'>oollpatione</span> <span class='ocrx_word' id='word_1_232' title='bbox 1054 4853 1077 4901; x_wconf 87' lang='lat' dir='ltr'><em>P</em></span> <span class='ocrx_word' id='word_1_233' title='bbox 1178 4852 1294 4902; x_wconf 86' lang='lat' dir='ltr'>8desiui</span> <span class='ocrx_word' id='word_1_234' title='bbox 1311 4853 1361 4901; x_wconf 79' lang='lat' dir='ltr'>VM</span> <span class='ocrx_word' id='word_1_235' title='bbox 1462 4858 1520 4914; x_wconf 83' lang='lat' dir='ltr'>pato</span> <span class='ocrx_word' id='word_1_236' title='bbox 1538 4860 1567 4902; x_wconf 92' lang='lat' dir='ltr'>ut</span> <span class='ocrx_word' id='word_1_237' title='bbox 1584 4854 1610 4901; x_wconf 89' lang='lat' dir='ltr'>in</span> <span class='ocrx_word' id='word_1_238' title='bbox 1634 4852 1682 4900; x_wconf 81' lang='lat' dir='ltr'>VM</span> <span class='ocrx_word' id='word_1_239' title='bbox 1786 4853 1817 4903; x_wconf 84' lang='grc'>10</span> <span class='ocrx_word' id='word_1_240' title='bbox 1836 4867 1934 4901; x_wconf 85' lang='lat' dir='ltr'>rursum</span> <span class='ocrx_word' id='word_1_241' title='bbox 1953 4853 1988 4915; x_wconf 81' lang='lat' dir='ltr'>M,</span> <span class='ocrx_word' id='word_1_242' title='bbox 2009 4855 2134 4903; x_wconf 73' lang='lat' dir='ltr'>annuat</span> 
     </span>
     <span class='ocr_line' id='line_1_30' title="bbox 510 4937 2131 5007; baseline -0.002 -14"><span class='ocrx_word' id='word_1_243' title='bbox 510 4943 536 4993; x_wconf 90' lang='lat' dir='ltr'>il</span> <span class='ocrx_word' id='word_1_244' title='bbox 558 4946 610 4992; x_wconf 89' lang='lat' dir='ltr'>uoti</span> <span class='ocrx_word' id='word_1_245' title='bbox 635 4943 685 4991; x_wconf 79' lang='lat' dir='ltr'>VM</span> <span class='ocrx_word' id='word_1_246' title='bbox 802 4941 896 4991; x_wconf 83' lang='lat' dir='ltr'>studiis</span> <span class='ocrx_word' id='word_1_247' title='bbox 914 4937 989 5007; x_wconf 85' lang='lat' dir='ltr'>meis]</span> <span class='ocrx_word' id='word_1_248' title='bbox 1006 4940 1112 5003; x_wconf 75' lang='lat' dir='ltr'>Pam,</span> <span class='ocrx_word' id='word_1_249' title='bbox 1134 4940 1212 4989; x_wconf 87' lang='lat' dir='ltr'>studii</span> <span class='ocrx_word' id='word_1_250' title='bbox 1230 4941 1280 4988; x_wconf 88' lang='lat' dir='ltr'>mei</span> <span class='ocrx_word' id='word_1_251' title='bbox 1298 4940 1344 4988; x_wconf 79' lang='lat' dir='ltr'>Pr</span> <span class='ocrx_word' id='word_1_252' title='bbox 1359 4955 1393 4989; x_wconf 85' lang='lat' dir='ltr'>m.</span> <span class='ocrx_word' id='word_1_253' title='bbox 1418 4938 1465 4986; x_wconf 81' lang='lat' dir='ltr'>VM</span> <span class='ocrx_word' id='word_1_254' title='bbox 1577 4945 1688 5002; x_wconf 89' lang='lat' dir='ltr'>tempore</span> <span class='ocrx_word' id='word_1_255' title='bbox 1707 4937 1801 4989; x_wconf 76' lang='lat' dir='ltr'>rim.</span> <span class='ocrx_word' id='word_1_256' title='bbox 1918 4939 1977 5000; x_wconf 69' lang='lat' dir='ltr'>sort.</span> <span class='ocrx_word' id='word_1_257' title='bbox 1997 4941 2068 4990; x_wconf 67' lang='lat' dir='ltr'>aad.</span> <span class='ocrx_word' id='word_1_258' title='bbox 2089 4956 2131 4990; x_wconf 83' lang='lat' dir='ltr'>oe·</span> 
     </span>
     <span class='ocr_line' id='line_1_31' title="bbox 507 5025 1657 5092; baseline -0.003 -15"><span class='ocrx_word' id='word_1_259' title='bbox 507 5033 586 5079; x_wconf 82' lang='lat' dir='ltr'>currit</span> <span class='ocrx_word' id='word_1_260' title='bbox 605 5034 668 5089; x_wconf 83' lang='lat' dir='ltr'>roto,</span> <span class='ocrx_word' id='word_1_261' title='bbox 688 5043 722 5078; x_wconf 85' lang='lat' dir='ltr'>ne</span> <span class='ocrx_word' id='word_1_262' title='bbox 739 5029 823 5077; x_wconf 84' lang='lat' dir='ltr'>studio</span> <span class='ocrx_word' id='word_1_263' title='bbox 841 5028 891 5076; x_wconf 87' lang='lat' dir='ltr'>mei</span> <span class='ocrx_word' id='word_1_264' title='bbox 909 5028 1013 5077; x_wconf 84' lang='lat' dir='ltr'>honores</span> <span class='ocrx_word' id='word_1_265' title='bbox 1029 5029 1068 5076; x_wconf 88' lang='lat' dir='ltr'>tui</span> <span class='ocrx_word' id='word_1_266' title='bbox 1087 5035 1197 5092; x_wconf 85' lang='lat' dir='ltr'>tempore</span> <span class='ocrx_word' id='word_1_267' title='bbox 1214 5027 1393 5076; x_wconf 73' lang='lat' dir='ltr'>pertrahantur</span> <span class='ocrx_word' id='word_1_268' title='bbox 1496 5027 1614 5089; x_wconf 89' lang='lat' dir='ltr'>promitto</span> <span class='ocrx_word' id='word_1_269' title='bbox 1636 5025 1657 5073; x_wconf 83' lang='lat' dir='ltr'><strong><em>V</em></strong></span> 
     </span>
    </p>

    <p class='ocr_par' dir='ltr' id='par_1_12' title="bbox 506 5111 2132 5264">
     <span class='ocr_line' id='line_1_32' title="bbox 596 5111 2132 5176; baseline -0.001 -12"><span class='ocrx_word' id='word_1_270' title='bbox 596 5115 626 5165; x_wconf 80' lang='lat'>15</span> <span class='ocrx_word' id='word_1_271' title='bbox 644 5129 693 5166; x_wconf 86' lang='lat' dir='ltr'>om.</span> <span class='ocrx_word' id='word_1_272' title='bbox 710 5114 783 5163; x_wconf 79' lang='lat' dir='ltr'>Pth</span> <span class='ocrx_word' id='word_1_273' title='bbox 867 5116 1000 5175; x_wconf 71' lang='lat' dir='ltr'>epistolam</span> <span class='ocrx_word' id='word_1_274' title='bbox 1016 5119 1152 5176; x_wconf 62' lang='lat' dir='ltr'>aquenum</span> <span class='ocrx_word' id='word_1_275' title='bbox 1169 5129 1225 5162; x_wconf 78' lang='lat' dir='ltr'>mm</span> <span class='ocrx_word' id='word_1_276' title='bbox 1241 5114 1393 5175; x_wconf 75' lang='lat' dir='ltr'>proroedeatr&#39;</span> <span class='ocrx_word' id='word_1_277' title='bbox 1410 5115 1563 5174; x_wconf 68' lang='lat' dir='ltr'>contempnat</span> <span class='ocrx_word' id='word_1_278' title='bbox 1583 5112 1634 5171; x_wconf 88' lang='lat' dir='ltr'>PV,</span> <span class='ocrx_word' id='word_1_279' title='bbox 1655 5111 1743 5161; x_wconf 72' lang='lat' dir='ltr'>dividit</span> <span class='ocrx_word' id='word_1_280' title='bbox 1760 5115 1878 5174; x_wconf 72' lang='lat' dir='ltr'>eptrtrdos</span> <span class='ocrx_word' id='word_1_281' title='bbox 1891 5112 1920 5160; x_wconf 79' lang='lat' dir='ltr'>dt</span> <span class='ocrx_word' id='word_1_282' title='bbox 2007 5113 2037 5164; x_wconf 79' lang='lat' dir='ltr'>ii</span> <span class='ocrx_word' id='word_1_283' title='bbox 2055 5129 2132 5165; x_wconf 82' lang='lat' dir='ltr'>oauaa</span> 
     </span>
     <span class='ocr_line' id='line_1_33' title="bbox 506 5199 1077 5264; baseline -0.005 -14"><span class='ocrx_word' id='word_1_284' title='bbox 506 5204 555 5251; x_wconf 85' lang='lat' dir='ltr'>diei</span> <span class='ocrx_word' id='word_1_285' title='bbox 573 5216 631 5250; x_wconf 85' lang='lat' dir='ltr'>nam</span> <span class='ocrx_word' id='word_1_286' title='bbox 651 5201 696 5250; x_wconf 79' lang='lat' dir='ltr'>Pr</span> <span class='ocrx_word' id='word_1_287' title='bbox 711 5217 745 5251; x_wconf 87' lang='lat' dir='ltr'>m.</span> <span class='ocrx_word' id='word_1_288' title='bbox 871 5200 903 5251; x_wconf 83' lang='lat'>19</span> <span class='ocrx_word' id='word_1_289' title='bbox 920 5207 1007 5264; x_wconf 79' lang='lat' dir='ltr'>posset</span> <span class='ocrx_word' id='word_1_290' title='bbox 1028 5199 1077 5249; x_wconf 81' lang='lat' dir='ltr'>th</span> 
     </span>
    </p>

    <p class='ocr_par' dir='ltr' id='par_1_13' title="bbox 506 5284 2129 5510">
     <span class='ocr_line' id='line_1_34' title="bbox 593 5284 2129 5352; baseline -0.001 -15"><span class='ocrx_word' id='word_1_291' title='bbox 593 5287 623 5337; x_wconf 81' lang='lat'>21</span> <span class='ocrx_word' id='word_1_292' title='bbox 644 5301 686 5336; x_wconf 81' lang='lat' dir='ltr'>arr</span> <span class='ocrx_word' id='word_1_293' title='bbox 704 5289 735 5337; x_wconf 85' lang='lat' dir='ltr'>ad</span> <span class='ocrx_word' id='word_1_294' title='bbox 753 5289 900 5348; x_wconf 63' lang='lat' dir='ltr'>masnilium</span> <span class='ocrx_word' id='word_1_295' title='bbox 919 5286 948 5348; x_wconf 87' lang='lat' dir='ltr'>P,</span> <span class='ocrx_word' id='word_1_296' title='bbox 968 5301 1017 5336; x_wconf 90' lang='lat' dir='ltr'>om.</span> <span class='ocrx_word' id='word_1_297' title='bbox 1036 5285 1086 5335; x_wconf 76' lang='lat' dir='ltr'>VM</span> <span class='ocrx_word' id='word_1_298' title='bbox 1221 5285 1253 5336; x_wconf 75' lang='lat'>23</span> <span class='ocrx_word' id='word_1_299' title='bbox 1271 5284 1367 5352; x_wconf 72' lang='lat' dir='ltr'>(renem</span> <span class='ocrx_word' id='word_1_300' title='bbox 1386 5286 1409 5334; x_wconf 87' lang='lat' dir='ltr'><strong><em>P</em></strong></span> <span class='ocrx_word' id='word_1_301' title='bbox 1545 5285 1578 5335; x_wconf 81' lang='lat'>25</span> <span class='ocrx_word' id='word_1_302' title='bbox 1596 5289 1668 5348; x_wconf 82' lang='lat' dir='ltr'>quasi</span> <span class='ocrx_word' id='word_1_303' title='bbox 1686 5287 1736 5336; x_wconf 86' lang='lat' dir='ltr'>diis</span> <span class='ocrx_word' id='word_1_304' title='bbox 1755 5285 1785 5346; x_wconf 84' lang='lat' dir='ltr'>P,</span> <span class='ocrx_word' id='word_1_305' title='bbox 1803 5287 1876 5347; x_wconf 83' lang='lat' dir='ltr'>quari</span> <span class='ocrx_word' id='word_1_306' title='bbox 1894 5286 1958 5335; x_wconf 82' lang='lat' dir='ltr'>deur</span> <span class='ocrx_word' id='word_1_307' title='bbox 1980 5286 2006 5349; x_wconf 81' lang='lat' dir='ltr'>V,</span> <span class='ocrx_word' id='word_1_308' title='bbox 2027 5298 2090 5348; x_wconf 86' lang='lat' dir='ltr'>quaa</span> <span class='ocrx_word' id='word_1_309' title='bbox 2109 5288 2129 5335; x_wconf 84' lang='lat' dir='ltr'>ai</span> 
     </span>
     <span class='ocr_line' id='line_1_35' title="bbox 506 5372 2099 5437; baseline -0.003 -14"><span class='ocrx_word' id='word_1_310' title='bbox 506 5376 570 5424; x_wconf 82' lang='lat' dir='ltr'>deus</span> <span class='ocrx_word' id='word_1_311' title='bbox 590 5374 618 5421; x_wconf 81' lang='grc' dir='ltr'><em>Μ</em></span> <span class='ocrx_word' id='word_1_312' title='bbox 753 5377 850 5423; x_wconf 89' lang='lat' dir='ltr'>iuuerit</span> <span class='ocrx_word' id='word_1_313' title='bbox 868 5373 902 5437; x_wconf 81' lang='lat' dir='ltr'>M,</span> <span class='ocrx_word' id='word_1_314' title='bbox 928 5374 1099 5436; x_wconf 84' lang='lat' dir='ltr'>praesentium</span> <span class='ocrx_word' id='word_1_315' title='bbox 1118 5373 1257 5421; x_wconf 82' lang='lat' dir='ltr'>litterarum</span> <span class='ocrx_word' id='word_1_316' title='bbox 1276 5373 1370 5420; x_wconf 85' lang='lat' dir='ltr'>iuuerit</span> <span class='ocrx_word' id='word_1_317' title='bbox 1391 5372 1413 5418; x_wconf 83' lang='lat' dir='ltr'><em>V</em></span> <span class='ocrx_word' id='word_1_318' title='bbox 1547 5377 1669 5433; x_wconf 83' lang='lat' dir='ltr'>sequetur</span> <span class='ocrx_word' id='word_1_319' title='bbox 1687 5372 1740 5434; x_wconf 86' lang='lat' dir='ltr'>PV,</span> <span class='ocrx_word' id='word_1_320' title='bbox 1766 5374 1823 5434; x_wconf 83' lang='lat' dir='ltr'>ipae</span> <span class='ocrx_word' id='word_1_321' title='bbox 1841 5377 1976 5434; x_wconf 69' lang='lat' dir='ltr'>secuturus</span> <span class='ocrx_word' id='word_1_322' title='bbox 1994 5386 2049 5419; x_wconf 86' lang='lat' dir='ltr'>aum</span> <span class='ocrx_word' id='word_1_323' title='bbox 2069 5373 2099 5419; x_wconf 83' lang='grc' dir='ltr'><em>Μ</em></span> 
     </span>
     <span class='ocr_line' id='line_1_36' title="bbox 507 5459 709 5510; baseline -0.01 -1"><span class='ocrx_word' id='word_1_324' title='bbox 507 5461 564 5510; x_wconf 86' lang='lat' dir='ltr'>nala</span> <span class='ocrx_word' id='word_1_325' title='bbox 582 5459 641 5510; x_wconf 82' lang='lat' dir='ltr'>odd.</span> <span class='ocrx_word' id='word_1_326' title='bbox 660 5459 709 5508; x_wconf 76' lang='lat' dir='ltr'>VM</span> 
     </span>
    </p>
   </div>
   <div class='ocr_carea' id='block_1_11' title="bbox 0 0 2372 6472">
    <p class='ocr_par' dir='ltr' id='par_1_14' title="bbox 0 0 2372 6472">
     <span class='ocr_line' id='line_1_37' title="bbox 0 0 2372 6472; baseline 0 0"><span class='ocrx_word' id='word_1_327' title='bbox 0 0 2372 6472; x_wconf 95' lang='lat' dir='ltr'> </span> 
     </span>
    </p>
   </div>
  </div>
 </body>
</html>
