4716 6476
942 499 1056 554 LIBER
1073 499 1166 555 Vllll.

1019 862 1092 927 VII.

882 1000 942 1065 AD
968 998 1225 1066 CARTERIVM.
1357 1038 1361 1053 ·
1890 1004 1925 1067 F

330 1173 390 1238 Pro
411 1172 477 1237 lilio
499 1191 571 1238 meo
589 1172 750 1238 Auxentio
773 1171 915 1255 parentis
937 1171 1139 1255 religionem,
1165 1172 1310 1256 petitoris
1333 1174 1499 1255 ambitum,
1527 1173 1624 1239 iidem
1647 1175 1740 1240 testis
1762 1174 1795 1238 in
1817 1195 1868 1240 me

245 1277 362 1362 recepi.
408 1277 438 1341 si
466 1275 544 1358 qnid
572 1275 671 1359 igitur
700 1281 861 1341 mutarum
890 1295 996 1340 rernm
1026 1275 1199 1341 auctoritas
1228 1276 1315 1362 apud
1344 1283 1377 1343 te
1405 1277 1556 1362 ponderis
1586 1277 1701 1358 babet,
1732 1277 1867 1343 admitte

213 1399 364 1462 aquaeue
386 1379 419 1443 in
441 1377 598 1443 familiam
621 1385 709 1443 tuam
731 1377 881 1443 iuvenem
904 1377 1027 1442 cunctis
1049 1377 1136 1444 vitae
1158 1378 1250 1444 bonis
1273 1386 1306 1444 et
1327 1378 1473 1445 fortunae
1488 1380 1674 1445 muneribus
1690 1381 1863 1445 excultum.

244 1482 360 1548 vadem
389 1502 440 1547 me
467 1481 525 1547 tibi
555 1481 588 1546 in
619 1481 725 1547 omnia
753 1480 915 1566 spondeo,
948 1501 1031 1564 qnae
1061 1482 1143 1547 solet
1170 1488 1338 1566 parentum
1368 1483 1550 1549 sollicitudo
1579 1483 1744 1549 trutinare.
1792 1483 1868 1550 licet

242 1586 381 1653 noverim
416 1584 539 1651 futuros
572 1602 708 1668 generos
742 1583 883 1648 moribus
916 1583 1097 1666 aestimari,
1135 1591 1277 1650 atamen
1310 1584 1386 1651 huic
1417 1593 1490 1671 post
1516 1593 1705 1654 ornamenta
1733 1595 1867 1653 naturae

242 1688 338 1755 etiam
368 1707 483 1755 census
511 1687 554 1753 ad
582 1687 784 1753 honestatem
813 1686 982 1753 redundat.
1029 1707 1156 1772 possem
1185 1687 1227 1754 de
1249 1708 1288 1754 eo
1310 1688 1470 1775 copiosius
1492 1689 1598 1773 loqui,
1633 1689 1776 1755 sednon
1798 1691 1909 1756 vultt

242 1791 361 1858 veritas
383 1793 484 1855 verbis
505 1790 620 1856 iuvari.
667 1811 767 1873 qnare
790 1790 818 1855 ei
840 1790 901 1856 tibi
922 1789 1034 1857 videor
1055 1811 1118 1855 non
1140 1790 1247 1856 inanis
1268 1790 1430 1873 adsertor,
1457 1792 1620 1877 perpende
1642 1792 1803 1857 bominem
1826 1792 1867 1858 de

198 1921 225 1961 rc
243 1894 423 1962 testimonio
451 1915 523 1960 meo
551 1894 659 1975 etei,
693 1914 788 1977 quem
818 1893 1006 1978 pignoribus
1034 1893 1116 1959 meis
1138 1893 1277 1960 libenter
1299 1894 1493 1979 adnumero,
1526 1895 1662 1979 dignare
1684 1894 1771 1961 filiae
1793 1902 1867 1960 tuae

244 1998 435 2085 respondere
458 1998 653 2081 coniugium.
700 1995 814 2063 credas
836 1996 945 2078 velim,
973 2017 1044 2061 cum
1067 2005 1141 2062 vota
1164 1997 1386 2082 processerint,
1411 1997 1605 2064 interventui
1627 2018 1698 2063 meo
1721 2018 1785 2062 non
1808 1999 1868 2062 mi-

243 2122 351 2167 norem
373 2110 405 2167 te
428 2101 576 2185 gratiam,
602 2100 658 2184 qui
680 2100 814 2181 rogaris,
840 2099 1032 2182 habiturum,
1059 2118 1154 2184 qnam
1177 2100 1287 2183 istum,
1314 2120 1408 2184 quem
1431 2101 1629 2167 commendo.
1677 2101 1762 2166 vale.

2031 1884 2064 1909 Q

1009 2343 1096 2409 VIII.

864 2479 923 2545 ΑΙ)
946 2478 1237 2545 POMPEIANVM.
1888 2485 1925 2546 Π

195 2678 222 2717 rs
325 2656 469 2739 Argnere
492 2651 677 2717 diutumnm
701 2652 863 2717 silentium
887 2672 992 2717 meum
1017 2672 1080 2717 non
1103 2660 1204 2737 potes,
1230 2652 1286 2735 qni
1308 2673 1359 2718 me
1381 2652 1415 2718 in
1438 2673 1530 2718 sacro
1546 2653 1695 2719 comitatu
1712 2653 1867 2719 hactenns

240 2759 341 2825 fnisse
370 2753 528 2835 didicisti3
562 2755 648 2821 unde
678 2775 781 2840 nuper
808 2775 976 2838 regressus
1006 2754 1283 2821 honorificentiam
1313 2755 1471 2822 dicendae
1494 2756 1695 2821 salutationis
1718 2776 1863 2822 exerceo.

240 2859 428 2928 vicissitudo
461 2858 648 2938 testabitur,
684 2857 770 2941 quod
804 2858 954 2942 paginam
989 2879 1095 2923 meam
1130 2858 1268 2925 libenter
1300 2859 1474 2943 acceperis.
1525 2858 1649 2924 interea
1681 2859 1866 2925 commendo

239 2965 357 3050 scripta
385 2961 584 3029 reddentem.
631 2960 710 3025 mibi
740 2960 825 3027 enim
854 2960 1015 3047 proficiet,
1049 2960 1077 3026 si
1106 2961 1185 3045 qnid
1207 2961 1408 3046 suggestioni
1430 2962 1501 3027 eins
1523 2961 1642 3026 favoris
1665 2961 1861 3046 inpenderis.

240 3068 322 3135 vale.

997 3289 1102 3355 VIIII.

865 3427 925 3491 AD
950 3426 1230 3495 VINGENTIVM.

324 3601 426 3666 Probo
455 3599 601 3664 homines
624 3597 667 3662 ad
690 3596 872 3664 clientelam
895 3606 983 3663 tuam
1006 3599 1166 3684 pertinere
1190 3599 1356 3683 cupientes
1379 3637 1422 3644 -
1444 3620 1518 3664 nam
1542 3598 1702 3681 quaedam
1725 3598 1865 3665 scintille

239 3704 417 3789 sapientiae
440 3709 499 3781 est,
525 3702 677 3768 virtutum
700 3700 874 3766 luminibus
895 3700 1054 3787 adplicari
1075 3740 1128 3784 —,
1156 3709 1189 3768 et
1210 3702 1284 3769 ideo
1307 3701 1403 3768 amici
1418 3702 1481 3767 mei
1498 3701 1654 3767 Zenodoti
1670 3702 1865 3767 laudabilem

239 3806 435 3872 voluntatem
465 3804 740 3871 commendatione
762 3824 825 3869 non
849 3803 963 3869 differo
986 3806 1188 3887 eundemque
1211 3806 1244 3870 in
1267 3805 1380 3870 domne
1403 3813 1479 3870 tuae
1502 3803 1677 3870 sacrarium
1702 3813 1863 3887 tamquam

191 3928 221 3970 es
237 3917 446 3996 mystagogus
475 3907 604 3975 induco.
650 3906 703 3973 fac
731 3926 867 3991 quaeso,
901 3914 936 3972 nt
957 3913 989 3972 et
1011 3927 1082 3973 meo
1105 3908 1212 3973 studio
1235 3915 1267 3974 et
1287 3907 1391 3993 ipsius
1414 3914 1486 3973 voto
1509 3907 1694 3992 impetratio
1718 3915 1864 3992 prompta

238 4012 441 4098 respondeat.
488 4012 575 4078 vale.

1027 4234 1070 4300 X.

894 4372 953 4438 AD
976 4372 1202 4439 LEPORIVM.

321 4544 482 4612 Fortunae
512 4544 576 4612 telo
605 4545 747 4629 graviter
778 4543 941 4611 sauciatus
963 4565 1048 4611 nunc
1071 4544 1206 4629 primum
1230 4544 1390 4629 epistulae
1412 4552 1537 4610 maesta
1558 4545 1658 4610 verba
1680 4544 1858 4615 committo:

190 4669 219 4712 ao
237 4669 340 4733 neque
370 4648 456 4714 enim
486 4648 540 4714 diu
570 4649 612 4714 ab
643 4647 747 4714 officio
771 4647 869 4715 debui
891 4654 1088 4732 temperare,
1122 4668 1194 4713 cum
1217 4647 1300 4712 tanti
1321 4647 1464 4712 vulneris
1486 4647 1577 4712 dolor
1598 4648 1689 4713 nulla
1710 4647 1862 4732 temporis

236 4751 443 4818 diuturnitate
476 4751 579 4836 possit
610 4751 743 4817 aboleri.
794 4753 934 4817 salutato
967 4750 1067 4834 igitur
1098 4758 1131 4816 te
1164 4750 1259 4815 simul
1293 4749 1521 4815 amicissimum
1555 4770 1660 4815 meum
1695 4751 1861 4816 Silvanum

321 5030 395 5080 Md
413 5030 576 5079 vincentium
595 5030 658 5094 (Π),
688 5031 724 5090 cs.
743 5044 769 5091 p.
790 5027 851 5092 236,
872 5028 913 5091 26,
945 5028 1107 5088 Symmachus
1125 5026 1237 5076 (lsrterlo
1255 5025 1286 5089 Γ,
1306 5042 1354 5079 om.
1377 5030 1399 5075 F
1570 5023 1744 5094 enuxcntro]
1763 5028 1805 5075 ·A·
1826 5026 1862 5075 Pl

235 5113 446 5166 lacurnam
460 5120 519 5166 lm.
626 5116 774 5165 bmunerls
792 5112 903 5165 F²1m.
1010 5114 1156 5177 exculptam
1172 5113 1211 5162 Fi
1314 5115 1479 5165 bterctmare
1493 5110 1529 5160 1³²
1632 5110 1789 5181 isttsmen]
1806 5128 1858 5175 cao,

234 5207 361 5251 ettamen
381 5202 404 5249 F
515 5200 626 5252 betium
644 5196 742 5252 onal'2
845 5203 948 5250 incenso
968 5198 1076 5249 utrm.
1190 5200 1292 5250 tluttss
1311 5198 1420 5249 Flam.
1528 5194 1624 5264 uerbis]
1642 5199 1755 5263 ippotae,
1775 5200 1863 5249 om.F

236 5286 263 5337 ll
284 5290 423 5351 presserint
443 5286 477 5336 Pl
491 5293 502 5336 1
516 5304 561 5349 m.,
581 5289 749 5351 precesserint
767 5285 806 5334 Ν
819 5288 880 5338 tm.
1033 5282 1167 5353 minorem]
1186 5288 1277 5336 debere
1297 5283 1335 5334 Pl
1346 5289 1362 5335 2
1373 5302 1407 5335 m.
1562 5282 1593 5332 12
1611 5286 1692 5345 grstia
1710 5281 1750 5330 Fl
1765 5288 1775 5331 l
1789 5301 1822 5334 m.

234 5370 392 5440 habiturum]
410 5372 463 5438 (Γ),
484 5389 530 5425 ona
547 5375 570 5421 l*
671 5370 827 5440 commendo]
847 5373 883 5436 Π,
905 5374 1032 5423 committo
1050 5371 1115 5437 Its)

320 5458 350 5508 21
371 5462 458 5509 cml*
561 5460 593 5510 23
612 5461 756 5524 amplificari
775 5456 813 5507 Ν
916 5459 1030 5508 senodsrl
1050 5459 1094 5518 Pl,
1118 5460 1160 5506 ·Z·
1182 5458 1219 5507 F²
1321 5459 1448 5507 laudabile
1468 5454 1576 5505 F21m.
1685 5454 1718 5503 24
1736 5468 1861 5504 commen-

233 5542 347 5613 datione]
365 5543 441 5609 ffl't,
462 5548 628 5597 commendari
646 5544 685 5594 pt
789 5545 848 5606 sort.
870 5559 919 5594 nen
939 5545 1025 5594 desero
1136 5544 1169 5594 25
1187 5541 1357 5611 mystagogus]
1375 5545 1490 5606 mplius,
1510 5549 1681 5603 mysugogum
1701 5540 1746 5604 F¹‚
1767 5544 1860 5590 mlxts·

232 5645 321 5693 gogurn
339 5629 378 5679 1³¹²
481 5634 613 5695 impetrato
632 5632 677 5695 ΙΝ,
697 5633 802 5681 intratlo
821 5629 856 5680 1³²
870 5636 881 5680 1
896 5647 928 5682 m.

320 5718 353 5769 28
370 5720 458 5768 conl?
558 5718 590 5769 29
609 5720 676 5769 caelo
695 5717 803 5769 FUm.
912 5718 944 5768 3⁰
963 5718 1009 5767 dlu
1026 5731 1074 5766 em.
1091 5715 1129 5765 Ν
1233 5732 1289 5766 curn
1309 5711 1386 5781 tsntt]
1403 5717 1473 5764 cuntt
1493 5713 1530 5761 F¹
1635 5713 1664 5763 at
1686 5716 1793 5777 salutpto
1811 5710 1855 5773 Pl,

233 5804 314 5855 solute
332 5804 367 5853 F¹
472 5801 561 5872 lgltru]
578 5818 635 5867 ergo
654 5804 689 5852 P¹
794 5800 938 5871 Siluanum]
957 5804 997 5853 σε·
1017 5802 1053 5851 F²
