4686 6472
459 513 536 577 XIV
998 512 1049 564 DE
1068 508 1264 565 sruuhcffl
1282 507 1547 565 ORATIONIBVS.

460 739 515 800 tibi
535 745 692 819 suspectus
715 745 802 815 esset,
827 741 879 798 cui
899 757 960 798 noa
979 737 1139 818 reliquisti,
1165 737 1245 819 quod
1259 738 1346 798 ultro
1360 744 1466 817 optare
1483 736 1611 798 deberet.
1651 736 1739 797 binc
1752 738 1890 817 plerique
1902 738 2087 816 principum,

460 879 533 941 quos
556 858 703 920 secundos
726 865 925 937 creaverunt,
952 859 1044 940 quusi
1064 859 1198 919 aemulos
1221 877 1296 918 mom
1318 857 1471 919 timebunt.
1518 866 1606 938 urqet
1628 858 1707 917 enim
1726 858 1899 936 potissimos
1922 859 2090 937 empectutio

457 980 683 1060 promimornm
710 997 886 1061 semperque
906 979 1017 1040 similis
1041 978 1190 1039 incidenti
1210 986 1264 1056 est,
1290 979 1342 1039 cui
1361 986 1511 1059 superest,
1538 978 1616 1059 quod
1638 978 1788 1058 requirat.
1836 996 1890 1038 nec
1913 978 2018 1039 istud
2040 980 2090 1038 ni-

460 1103 553 1161 mium
574 1100 712 1182 qratiosa
734 1105 788 1160 out
807 1100 957 1179 populari
974 1098 1168 1179 festinatione
1187 1098 1290 1179 fecisti
1312 1098 1491 1159 iamdudum
1513 1105 1622 1160 cuncto
1644 1105 1792 1179 rapertus
1815 1099 1847 1158 iu
1866 1098 1986 1179 fratre,
2014 1119 2091 1180 quae

460 1221 514 1280 diu
536 1220 744 1300 emptoruntur
767 1220 799 1279 in
824 1220 966 1280 Caesare.
1013 1216 1041 1281 si
1064 1216 1233 1282 enuntiata
1254 1217 1315 1282 hoc
1336 1215 1449 1283 ordine
1472 1216 1665 1301 procedunt,
1698 1236 1739 1281 ex
1761 1216 1946 1301 particulis,
1973 1217 2090 1300 quihus

461 1339 592 1421 singula
620 1335 705 1403 inter
735 1356 771 1402 se
801 1336 992 1419 cohaerent,
1026 1337 1131 1402 altera
1153 1356 1284 1402 sensum
1306 1338 1432 1403 nullum
1454 1337 1606 1421 praehet,
1640 1338 1745 1402 altera
1768 1356 1967 1422 perversum.
2013 1359 2089 1403 nam

461 1457 550 1542 quud
571 1456 737 1524 scribitur:
765 1479 819 1521 nec
843 1459 951 1521 istud
973 1461 1100 1521 nimium
1120 1462 1258 1542 pretiosa
1273 1468 1328 1522 aut
1340 1460 1488 1540 populari
1497 1459 1691 1540 festirmtione
1703 1459 1849 1539 fecisti,
1876 1465 1945 1522 tum
1961 1456 2090 1523 demum

367 1604 369 1608 ⁴
458 1578 607 1661 intellegi
630 1585 756 1662 posset,
783 1578 811 1642 si
832 1576 965 1661 aliquod
986 1577 1209 1644 Valentiniani
1231 1578 1352 1643 sactum
1375 1577 1602 1663 praecederet,
1629 1598 1692 1643 nou
1716 1579 1877 1644 sententia
1905 1579 2086 1661 generalis:

371 1665 378 1685 ι
460 1700 559 1764 verbo
581 1704 689 1763 autem
712 1699 782 1760 linc
803 1696 942 1762 indicari
965 1697 1110 1778 videtur,
1143 1697 1178 1763 id
1199 1698 1322 1783 ipsum,
1357 1698 1443 1782 quod
1465 1698 1556 1782 regni
1579 1698 1730 1784 participi
1759 1698 1859 1781 nihil,
1892 1699 1979 1782 quod
2007 1700 2091 1763 ultra

460 1825 601 1904 optaret,
636 1817 781 1883 relietum
804 1824 908 1897 esset,
942 1838 1073 1883 causam
1097 1818 1216 1898 luisse,
1249 1839 1305 1884 cur
1326 1819 1465 1902 Augusti
1494 1838 1565 1899 cos,
1598 1839 1678 1903 quos
1702 1820 1860 1885 Caesares
1890 1827 2086 1902 creaverant,

459 1941 552 2024 quasi
574 1938 720 2003 aemulos
742 1937 908 2022 timerent,
938 1939 974 2004 id
995 1938 1082 2022 quod
1105 1960 1175 2005 cum
1197 1945 1266 2005 tota
1287 1939 1450 2023 scriptoris
1479 1940 1639 2005 sententia
1661 1946 1795 2024 pugnat.
1842 1940 1902 2004 sed
1924 1960 1986 2005 vox
2009 1943 2090 2003 istud

459 2059 663 2143 coniungitur
691 2078 763 2123 cum
792 2058 900 2124 verbis
930 2080 1000 2143 erqo
1023 2058 1192 2146 Auqustum
1221 2064 1297 2143 pari
1318 2064 1386 2123 iure
1408 2064 1607 2143 confirmans,
1640 2060 1683 2126 ad
1713 2080 1797 2142 quae
1827 2060 1998 2126 referenda
2027 2068 2086 2144 est,

459 2182 488 2246 si
510 2184 580 2244 binc
598 2183 738 2263 plerique
752 2217 795 2225 —
810 2181 890 2262 quod
912 2185 1054 2264 requirat
1074 2182 1198 2264 deleas,
1223 2200 1329 2264 neque
1352 2181 1445 2246 deest
1466 2181 1566 2262 locus,
1594 2179 1645 2245 cui
1666 2180 1748 2245 haee
1769 2180 1914 2247 inseras:
1940 2191 1994 2245 lua
2016 2184 2090 2245 libe-

460 2305 574 2365 rolitus
597 2303 757 2363 desideriis
780 2304 826 2364 m'l
848 2303 971 2384 reliquit
998 2304 1191 2383 momimeque
1213 2305 1245 2363 in
1267 2304 1450 2384 imperatore
1467 2302 1615 2383 faciundo
1638 2304 1876 2385 ortaquitudincm
1899 2306 2002 2385 reqine
2023 2305 2091 2364 lar-

457 2425 561 2507 qitatr‘s
583 2424 683 2485 minui
696 2424 865 2500 credidisti,
891 2424 921 2485 si
934 2443 1002 2484 cum
1019 2425 1177 2504 insperata
1191 2424 1379 2501 comederes,
1406 2423 1505 2484 adbuc
1520 2424 1677 2504 speranda
1692 2424 1846 2504 differres
1894 2423 1985 2485 binc
2003 2425 2045 2504 pl
2051 2444 2089 2483 e-

459 2546 574 2626 rique
593 2545 837 2624 prircipum,
864 2562 957 2625 quos
980 2544 1172 2606 secrrndos
1195 2551 1442 2622 creauerunt,
1469 2545 1578 2624 quusi
1600 2544 1769 2605 aemulos
1787 2564 1875 2605 mou
1891 2544 2085 2605 timebant.

459 2672 572 2747 nrpel
600 2664 699 2724 enim
724 2665 954 2745 potissimos
984 2666 1208 2744 empectutio
1233 2666 1523 2745 promimorum,
1554 2683 1779 2746 semperque
1808 2664 1952 2726 similis
1981 2665 2085 2724 inui-

459 2785 570 2846 deuti
590 2791 664 2860 est,
690 2789 756 2845 cui
776 2793 975 2865 superest,
1003 2786 1098 2865 quod
1120 2786 1320 2867 requirat.
1360 2804 1431 2867 erqo
1454 2782 1623 2868 Aupnstum
1643 2786 1720 2866 pori
1741 2787 1808 2846 iure
1829 2787 2014 2865 confirmans
2035 2805 2090 2846 cu-

459 2907 555 2983 rasti,
581 2925 618 2966 ne
639 2923 783 2985 umquam
806 2905 861 2965 tibi
882 2914 1039 2986 suspectus
1062 2914 1153 2985 esset,
1181 2907 1232 2967 cni
1252 2925 1312 2966 uon
1334 2905 1500 2986 reliquisti,
1535 2906 1614 2987 quod
1636 2908 1721 2968 ultra
1743 2914 1849 2986 optare
1872 2905 2008 2981 deberet;
2039 2924 2093 2965 nec

461 3027 544 3089 istud
566 3027 693 3086 nimium
715 3028 853 3108 pretiosa
876 3034 930 3088 aut
948 3028 1097 3107 populari
1115 3027 1311 3107 festinatione
1329 3025 1432 3104 fecisti
1445 3026 1622 3087 iamdudum
1640 3034 1749 3088 cuncta
1764 3035 1912 3107 ermpertus
1932 3028 1963 3087 in
1976 3026 2088 3106 fratre,

459 3167 536 3229 quae
566 3147 620 3207 diu
649 3146 856 3226 emplorantur
886 3148 918 3207 in
943 3148 1085 3208 Caesare.
1131 3144 1178 3210 ita
1207 3143 1293 3209 cuim
1321 3146 1391 3207 lriuc
1419 3143 1461 3208 ab
1492 3146 1591 3208 adbuc
1613 3148 1770 3227 speranda
1792 3146 1935 3227 differres
1956 3142 2086 3228 pendet,

458 3285 520 3349 quo
542 3264 706 3350 pertinere
729 3270 844 3348 potest.
892 3285 993 3330 causa
1014 3272 1132 3344 autem,
1163 3284 1228 3347 qua
1249 3262 1410 3329 adductus
1432 3264 1645 3348 Symmachus
1673 3265 1759 3331 hanc
1788 3265 1953 3350 periodum
1977 3283 2092 3330 secun-

458 3385 519 3451 dae
541 3383 694 3449 orationis
718 3384 851 3451 editioni
873 3384 1058 3451 addendam
1082 3404 1154 3450 esse
1177 3383 1312 3465 censuit,
1339 3384 1435 3450 facile
1458 3384 1659 3470 perspicitur.
1707 3406 1781 3450 uam
1805 3406 1877 3451 eum
1897 3392 1973 3452 ante
1988 3386 2090 3469 scrip-

456 3506 564 3571 sisset:
599 3509 736 3584 curasti,
770 3527 808 3568 ne
836 3527 981 3589 umquam
1011 3507 1066 3570 tibi
1094 3515 1251 3589 suspectus
1282 3515 1374 3582 esset,
1409 3509 1460 3568 cui
1487 3527 1547 3569 non
1569 3509 1735 3590 reliquisti,
1767 3509 1846 3590 quod
1875 3510 1962 3570 ultra
1985 3517 2090 3589 optare

456 3628 590 3705 deberet,
623 3624 704 3691 haec
734 3624 927 3709 suspicionis
955 3626 1039 3691 inter
1066 3625 1182 3691 fratres
1203 3626 1367 3709 Augustos
1399 3624 1518 3691 mentio
1545 3626 1742 3711 panegyrico
1773 3647 1886 3711 parurn
1918 3626 2089 3692 convenire

456 3745 638 3827 videbatur,
662 3745 726 3811 nisi
749 3747 908 3830 exemplis
931 3765 972 3811 ex
995 3746 1131 3811 historia
1152 3746 1262 3832 petitis
1285 3752 1317 3811 et
1340 3746 1501 3811 sententia
1523 3767 1563 3811 ex
1585 3747 1650 3811 illis
1672 3745 1812 3813 deducta
1831 3753 2086 3832 praepararetur.

542 3869 616 3946 327,
645 3869 684 3930 ll)
707 3867 760 3929 sed
782 3868 855 3950 quid
874 3870 966 3949 prius
989 3871 1102 3948 mirer,
1137 3871 1259 3951 lquere,
1292 3876 1405 3931 ceteros
1429 3867 1468 3928 ab
1491 3888 1551 3930 risu
1570 3869 1806 3950 fabricationis,
1840 3876 1868 3931 te
1894 3889 1952 3950 per
1983 3877 2010 3931 te
2039 3890 2090 3931 so-

455 3991 518 4049 lum
541 3989 649 4068 scisse,
682 3989 756 4069 quid
779 3988 938 4069 conderes,
973 4009 1014 4049 aa
1037 3988 1093 4051 sub
1116 3998 1143 4050 te
1170 4008 1230 4050 rino
1253 3990 1400 4071 muqistro
1422 4008 1524 4050 omnes
1546 3991 1632 4069 ilico,
1666 3992 1719 4071 qui
1740 3990 1887 4067 aderant,
1916 3991 2090 4051 institutos?

457 4110 563 4171 nullus
594 4109 664 4170 inde
695 4108 769 4171 abiit
791 4112 922 4189 inscius,
956 4110 1119 4191 quodiam
1148 4128 1204 4190 per
1232 4117 1260 4170 te
1281 4119 1350 4171 erat
1371 4110 1522 4171 eruditus.
1569 4112 1652 4172 solus
1676 4113 1772 4191 Epius
1798 4111 1938 4172 Troianis
1966 4109 2090 4172 arcibus

457 4229 592 4290 adduxit
622 4230 777 4291 excidium
808 4238 836 4292 et
859 4232 1004 4291 Cretaeus
1032 4229 1189 4291 Daedalus
1218 4237 1426 4311 prassotorem
1455 4232 1615 4312 Cecropiae
1644 4231 1809 4293 nobilitatis
1838 4231 1979 4292 inclusit:
2018 4231 2090 4311 quid

456 4348 628 4430 eoepcctubil
657 4347 860 4431 Alamannia,
897 4369 988 4431 quam
1018 4358 1096 4413 totus
1130 4352 1287 4411 ercercitus
1321 4359 1349 4412 et
1377 4353 1556 4432 mancipare
1584 4354 1668 4412 nouit
1701 4360 1729 4412 et
1760 4318 1930 4413 clauderet
1971 4348 2091 4431 singuli

458 4467 613 4549 homines,
639 4467 848 4534 fabricatores
871 4469 946 4551 equi
970 4468 1070 4552 lignei
1092 4475 1124 4533 et
1145 4469 1330 4552 labyrinthi,
1364 4471 1568 4551 suffecerunt,
1595 4476 1631 4535 ut
1651 4470 1728 4534 urbs
1750 4469 1848 4535 Troia
1869 4476 2037 4554 caperetur
2058 4476 2091 4534 et

458 4588 659 4653 Minotaurus
682 4587 912 4655 includeretur.
957 4588 1046 4674 apud
1060 4591 1222 4656 Romanos
1244 4597 1364 4672 autem,
1390 4611 1462 4656 curn
1485 4610 1600 4655 novam
1623 4589 1783 4655 civitatem
1806 4590 1840 4655 in
1864 4592 1931 4655 solo
1954 4590 2090 4655 barbaro

457 4714 689 4790 construerent,
723 4714 809 4774 totus
837 4710 997 4776 exercitus
1020 4718 1052 4776 et
1074 4717 1192 4807 terram
1220 4710 1369 4777 hostilem
1393 4731 1508 4796 capere
1530 4717 1563 4776 et
1591 4711 1700 4777 hostes
1726 4710 1957 4777 munitionibus
1985 4711 2090 4777 inclu-

457 4829 533 4895 dere
548 4828 695 4912 Augusto
717 4829 871 4913 magistro
894 4830 1017 4896 didicit.
1059 4830 1205 4897 omnibus
1227 4831 1326 4916 igitur
1347 4831 1503 4898 militibus
1526 4852 1566 4898 ea
1588 4831 1806 4898 fabricationis
1826 4838 1895 4897 arte
1910 4831 2085 4913 instructis,

457 4969 553 5031 quam
583 4949 617 5013 in
647 4949 790 5015 exercitu
811 4949 1062 5033 Agamemnonis
1091 4950 1181 5016 solus
1210 4953 1327 5038 Epius,
1360 4953 1444 5018 inter
1466 4953 1638 5019 Cretenses
1668 4954 1756 5018 solus
1778 4952 1946 5018 Daedalus
1975 4971 2089 5037 posse-

456 5068 580 5150 derant,
607 5069 706 5134 multo
728 5070 833 5136 maius
855 5070 1032 5155 periculum
1054 5070 1244 5157 Alamannis
1266 5073 1464 5153 imminebat,
1489 5092 1585 5155 quam
1608 5073 1659 5138 cui
1683 5073 1814 5138 Troiani
1837 5081 1869 5139 et
1890 5073 2088 5139 Minotaurus

457 5191 701 5256 succubuerant.
726 5228 770 5238 —
792 5191 874 5257 haec
896 5192 1056 5258 sententia
1078 5191 1141 5257 iam
1165 5213 1223 5277 per
1244 5213 1280 5259 ae
1303 5193 1382 5260 satis
1397 5194 1533 5259 obscura
1548 5202 1580 5260 et
1596 5193 1781 5259 claudicans
1797 5193 1926 5259 omuino
1941 5192 2087 5276 intellegi

456 5310 584 5393 nequit,
616 5310 645 5375 si
668 5331 723 5391 ea,
757 5311 875 5394 quihus
899 5311 939 5377 de
962 5311 1160 5379 institutione
1183 5315 1345 5381 exercitus
1367 5334 1472 5380 sermo
1495 5320 1560 5393 est,
1593 5335 1614 5379 a
1636 5315 1935 5381 commemoratione
1957 5314 2032 5399 Dpii
2055 5321 2087 5380 et

456 5429 595 5495 Daedali
617 5429 825 5497 divellantur.
870 5438 905 5496 at
925 5431 960 5496 in
981 5432 1091 5497 codice
1114 5433 1248 5517 legitur:
1287 5438 1393 5498 niellus
1416 5439 1486 5499 inde
1509 5437 1582 5498 abiit
1613 5438 1741 5514 inscius,
1776 5437 1857 5519 quorl
1885 5439 1947 5498 ium
1973 5457 2031 5518 per
2061 5446 2088 5499 tc

456 5562 522 5614 erat
545 5553 695 5615 eruditus.
739 5562 908 5634 praetereo,
935 5556 1014 5635 quod
1035 5556 1107 5617 aliis
1130 5557 1210 5618 uices
1233 5559 1380 5618 mensium
1399 5558 1579 5619 curantibus
1602 5560 1664 5619 uim
1686 5559 1759 5619 solis
1782 5566 1837 5620 aut
1858 5557 2002 5619 imbrium
2024 5559 2090 5640 iuqi

452 5676 605 5755 patientia
625 5675 783 5755 pertulisti
811 5710 856 5719 —
884 5682 996 5755 quanto
1019 5674 1074 5736 tihi
1102 5675 1205 5737 labore
1227 5685 1366 5741 constant
1387 5681 1435 5740 rei
1460 5678 1599 5759 publicae
1621 5698 1739 5760 semper
1762 5681 1823 5739 otia
1845 5679 2023 5741 vindicata!
2045 5714 2087 5724 —

455 5795 538 5859 solus
560 5795 656 5877 Epius
683 5796 823 5857 Troianis
846 5795 971 5861 arcibus
995 5796 1131 5859 adduacit
1159 5800 1314 5864 carridium
1342 5808 1370 5863 et
1394 5801 1540 5861 Cretaeus
1563 5801 1719 5863 Daedalus
1743 5809 1953 5882 prassutorem
1978 5801 2087 5862 Cecro-
