4716 6476
1067 378 1264 458 sinuroru
1281 397 1492 460 nersrvnra

1136 765 1243 830 nxxr
1263 765 1422 847 (nuni.

414 905 448 966 Ρ
923 901 1182 968 erumnosus
1208 901 1474 970 uroourcnrs
1495 902 1632 968 smus

553 1070 723 1153 Indulgete
746 1071 881 1153 deliciis,
911 1072 1040 1156 quando
1062 1074 1109 1139 ita
1130 1080 1234 1140 terrae
1256 1094 1295 1140 ac
1317 1074 1415 1139 maris
1438 1075 1538 1161 copiis
1560 1074 1760 1157 redundatis,
1786 1081 1820 1141 ut
1843 1075 1934 1141 vobis
1956 1075 2091 1160 polluci-

465 1173 564 1239 bilem
595 1174 713 1240 viotum
747 1175 911 1258 utriusque
935 1177 1086 1243 elementi
1108 1177 1268 1243 ministret
1289 1178 1465 1262 opulentia.
1513 1178 1605 1243 nobis
1627 1177 1708 1243 satis
1730 1184 1797 1259 est⁷
1829 1177 2086 1262 quodomnium,

465 1296 548 1359 quae
571 1277 698 1361 capitis,
724 1284 816 1362 parte
839 1277 1016 1345 defruimur
1038 1280 1119 1347 adeo
1141 1281 1285 1366 largiter,
1312 1289 1348 1348 ut
1368 1282 1431 1368 ipsi
1454 1302 1580 1365 quoque
1601 1281 1718 1367 opimis
1741 1281 1879 1367 dapibus
1896 1281 2120 1347 adlluamus.s

1217 1429 1234 1464 K

1118 1556 1242 1622 axau
1261 1557 1438 1642 (amn).

386 1698 451 1760 ΡΡ
924 1693 1184 1761 sruunsuvs
1205 1694 1471 1762 nroouaoffls
1494 1695 1633 1760 rinus.

553 1864 680 1930 Patriae
702 1885 741 1930 ac
764 1866 937 1931 Penatibus
959 1866 1077 1932 redditi
1099 1866 1268 1949 quaedam,
1296 1867 1413 1949 quibus
1436 1866 1682 1949 offenderemur,
1708 1867 1907 1937 invenimus:
1935 1867 2091 1952 siquidem

467 1964 617 2032 Ostiense
646 1969 814 2052 praedium
844 1976 987 2035 nostrum
1017 1969 1169 2052 frequens
1198 1971 1307 2055 pulsat
1336 1971 1505 2056 inpressio.
1554 1970 1613 2036 sed
1643 1969 1671 2035 si
1694 1970 1785 2035 cobis
1808 1990 1961 2055 prospere
1984 1978 2094 2056 optata

466 2069 652 2154 procedunt,
680 2078 843 2155 praestate
866 2071 1000 2154 litteras,
1026 2092 1162 2155 quarum
1184 2071 1310 2139 laetitia
1331 2074 1451 2139 nubem
1473 2079 1599 2157 tergeat
1621 2073 1803 2158 praesentis
1824 2073 1972 2140 iniuriae.
2113 2091 2140 2132 ιο

1099 2365 1240 2432 nxxrn
1265 2365 1459 2449 rnxxnn).

925 2503 1185 2571 sruurosvs
1210 2503 1475 2571 moouaoms
1498 2504 1636 2570 rnna.

554 2673 690 2738 Rienum
714 2675 824 2740 dolore
847 2675 1033 2741 discrucior.
1081 2675 1139 2742 sed
1162 2697 1203 2742 ne
1225 2676 1327 2742 maior
1348 2676 1391 2742 ad
1413 2696 1509 2742 aures
1530 2683 1655 2743 vestras
1677 2678 1766 2743 fama
1788 2677 1968 2762 perveniat,
2000 2697 2096 2763 prae-

468 2783 591 2842 sentem
621 2784 739 2844 statum
769 2779 966 2845 valetudinis
995 2800 1087 2846 meae
1116 2781 1255 2847 breviter
1285 2780 1438 2846 indicavi.
1490 2800 1562 2846 oum
1592 2781 1678 2847 laeta
1709 2779 1938 2861 successerint,
1976 2799 2095 2845 morem

467 2900 574 2946 meum
597 2887 727 2975 secutus
749 2881 833 2948 dabo
855 2883 898 2949 ad
919 2903 977 2949 vos
999 2884 1152 2968 paginam
1175 2884 1353 2950 laetiorem.
1401 2884 1486 2949 vale.
2116 2901 2143 2942 ¹⁵

1113 3176 1270 3243 aarum
1291 3177 1447 3260 (cxxv).

926 3314 1187 3382 sruuronrs
1209 3315 1476 3382 nroonronrs
1498 3314 1639 3379 orans,

555 3488 628 3553 Non
659 3487 777 3552 frustra
807 3488 963 3554 hactenns
993 3506 1148 3572 responsa
1178 3485 1382 3565 distulimus;
1415 3494 1570 3553 tractatus
1601 3485 1686 3552 enim
1716 3485 1838 3569 negotii
1865 3493 1898 3551 ot
1919 3485 2098 3551 chartarum

468 3589 674 3673 investigatio
704 3610 824 3655 moram
851 3590 928 3656 iusti
956 3590 1109 3675 temporis
1141 3590 1326 3675 exigebant.
1374 3589 1455 3656 haec
1477 3590 1533 3656 ubi
1556 3589 1705 3655 absoluta
1727 3596 1816 3669 sunt,
1851 3590 1982 3671 ceteris,
2018 3611 2099 3673 quae

469 3713 588 3760 causae
617 3694 721 3778 poscit
748 3694 933 3775 instructio,
966 3694 1162 3779 reciprocum
1193 3694 1371 3759 litterarum
1402 3714 1517 3759 munus
1548 3693 1736 3759 adiecimus.
1783 3692 1847 3778 ipsi
1876 3692 1960 3757 enim
1991 3693 2099 3757 multis
2118 3707 2147 3749 ²⁰

469 3796 669 3863 obstantibus
696 3797 780 3863 curis
802 3797 864 3863 iter
886 3798 929 3864 ad
952 3818 1009 3864 vos
1031 3798 1201 3882 nequimus
1224 3797 1384 3883 adripere.
1432 3798 1602 3864 consilium
1625 3803 1751 3879 tamen,
1784 3796 1870 3878 quod
1892 3796 2099 3863 transactioni

470 3906 597 3967 vestrae
626 3919 795 3985 possemus
825 3900 998 3982 adhibere,
1033 3901 1227 3967 cumulatius
1258 3921 1298 3966 ex
1328 3901 1394 3966 alio
1422 3907 1557 3984 parente
1588 3898 1734 3984 capietis.
1782 3899 1838 3981 qui
1866 3899 1927 3965 etsi
1956 3899 2101 3966 adiutore

469 4025 532 4070 non
561 4004 703 4088 indiget,
738 4003 925 4088 dignabitur
951 4010 1059 4069 tamen
1082 4004 1122 4068 ob
1144 4004 1255 4069 inania
1277 4003 1337 4069 fori
1360 4010 1393 4069 et
1414 4003 1534 4069 sutelas
1556 4008 1701 4068 veterum
1724 4002 1933 4068 formularum
1956 4009 2100 4068 sanctum

470 4106 677 4174 Prosdocium
707 4107 899 4194 praestolari
929 4113 1098 4173 venturum
1127 4107 1171 4172 ad
1198 4127 1256 4173 vos
1286 4106 1447 4192 protinus,
1482 4126 1552 4171 cum
1583 4105 1738 4189 reliquias
1767 4104 1874 4170 malae
1905 4105 2101 4171 valetudinis

471 4211 570 4296 plena
592 4210 730 4277 sanitate
752 4209 924 4277 limaverit.
971 4212 1057 4276 vale.
2119 4223 2149 4265 ²³

1057 4505 1174 4570 lxxv
1194 4504 1350 4589 quanvq
1384 4525 1415 4569 a.
1435 4507 1519 4569 aare

420 4641 454 4702 P
929 4642 1190 4710 srunronvs
1216 4641 1480 4708 uroourorus
1503 4641 1642 4706 riuus,

559 4815 635 4880 Fuit
656 4816 783 4880 animus
805 4815 934 4881 Fundos
961 4815 1136 4901 [oppidum]
1163 4814 1354 4900 praeterire,
1389 4814 1416 4880 si
1446 4834 1504 4880 vos
1527 4813 1672 4879 Formias
1695 4812 1874 4879 accessisse
1897 4811 2098 4878 didicissem:

472 4926 642 5004 postquam
665 4917 760 4984 aliter
782 4918 905 5001 evcnit,
932 4918 1042 5003 partiri
1065 4917 1127 4985 iter
1149 4916 1272 5002 placuit
1293 4917 1337 4984 ad
1359 4916 1568 4984 minuendum
1591 4918 1744 4983 laborem.
1792 4916 1854 4982 erit
1875 4915 1974 5001 igitur
1994 4915 2029 4981 in
2050 4935 2104 4981 ar-

473 5095 884 5103 -——-—---.—-—-

560 5197 575 5246 3
594 5195 757 5263 pollsclnllem
776 5197 872 5245 le.
977 5196 993 5245 4
1012 5192 1142 5263 ns'snlstret
1160 5197 1182 5244 P
1284 5199 1350 5260 quod
1368 5194 1464 5263 linium
1484 5196 1507 5244 P
1608 5194 1624 5244 5
1642 5196 1765 5242 adeamus
1784 5193 1879 5243 le.

561 5284 574 5332 7
594 5298 733 5343 symmacus
752 5283 910 5333 nichomacus
928 5283 956 5332 ill
974 5283 1002 5341 Ρ,
1024 5297 1071 5333 om.
1095 5285 1117 5330 Ρ
1244 5284 1260 5333 9
1279 5285 1406 5333 hostiense
1426 5284 1447 5330 F
1575 5286 1687 5330 noenum
1706 5280 1753 5329 Pl
1769 5296 1801 5329 m.
1938 5280 2010 5329 nobis
2028 5278 2073 5327 ΡΡ

473 5373 557 5421 obtata
576 5370 622 5419 ΡΙ
636 5386 669 5420 m.
780 5369 811 5420 lb
829 5375 923 5430 tergeat
941 5371 1033 5418 unbem
1053 5370 1075 5416 F

562 5457 593 5508 la
611 5471 659 5507 om.
680 5458 703 5504 Ρ
808 5455 1022 5517 lantrannus,
1042 5457 1174 5504 biennium
1195 5457 1216 5502 Ρ
1317 5456 1438 5504 discutior
1455 5455 1502 5502 Pr
1516 5470 1550 5505 m.
1658 5460 1755 5502 uestras
1774 5467 1847 5503 auras
1868 5454 1889 5501 Ρ

561 5543 592 5594 17
610 5557 660 5592 om.
681 5544 703 5590 F
819 5540 850 5591 18
868 5539 930 5609 uon]
947 5556 993 5590 nos
1011 5541 1034 5589 Ρ
1135 5550 1239 5591 wteuus
1259 5542 1304 5589 ΡΙ
1318 5557 1352 5590 m.
1460 5537 1590 5606 tractatus]
1610 5541 1638 5602 Ρ,
1658 5546 1776 5588 exacuens
1795 5539 1818 5587 Ρ
1920 5545 2042 5588 cartarum
2063 5538 2108 5585 ΡΡ

475 5630 507 5680 23
527 5627 633 5698 sutelas]
652 5629 764 5693 Lppalaq
785 5628 875 5677 sutiles
898 5628 924 5688 Ρ,
945 5629 1034 5678 situlas
1053 5630 1076 5676 Ρ
1176 5627 1209 5677 24
1228 5630 1381 5691 prostoolum
1400 5628 1423 5674 Ρ
1770 5620 1780 5637 ⁰

561 5716 593 5766 27
614 5730 752 5778 symmacus
770 5715 885 5763 nlobomi
902 5714 929 5764 ill
948 5714 971 5762 P
1072 5713 1106 5765 28
1124 5715 1243 5778 oppidum
1263 5714 1326 5763 delet
1344 5715 1441 5762 Iuratus
