<?xml version="1.0" encoding="UTF-8"?>
<!DOCTYPE html PUBLIC "-//W3C//DTD XHTML 1.0 Transitional//EN"
    "http://www.w3.org/TR/xhtml1/DTD/xhtml1-transitional.dtd">
<html xmlns="http://www.w3.org/1999/xhtml" xml:lang="en" lang="en">
 <head>
  <title>
</title>
<meta http-equiv="Content-Type" content="text/html;charset=utf-8" />
  <meta name='ocr-system' content='tesseract 3.04.00' />
  <meta name='ocr-capabilities' content='ocr_page ocr_carea ocr_par ocr_line ocrx_word'/>
</head>
<body>
  <div class='ocr_page' id='page_1' title='image "./qaureliisymmach00seecgoog_0345.png"; bbox 0 0 4736 6478; ppageno 0'>
   <div class='ocr_carea' id='block_1_1' title="bbox 372 1005 526 1101">
    <p class='ocr_par' dir='ltr' id='par_1_1' title="bbox 372 1005 526 1101">
     <span class='ocr_line' id='line_1_1' title="bbox 372 1005 526 1101; baseline 0 -32"><span class='ocrx_word' id='word_1_1' title='bbox 372 1005 486 1070; x_wconf 71' lang='lat' dir='ltr'><strong>pror</strong></span> <span class='ocrx_word' id='word_1_2' title='bbox 523 1095 526 1101; x_wconf 15' lang='lat'>¹</span> 
     </span>
    </p>
   </div>
   <div class='ocr_carea' id='block_1_2' title="bbox 412 3036 486 3098">
    <p class='ocr_par' dir='ltr' id='par_1_2' title="bbox 412 3036 486 3098">
     <span class='ocr_line' id='line_1_2' title="bbox 412 3036 486 3098; baseline 0 0"><span class='ocrx_word' id='word_1_3' title='bbox 412 3036 486 3098; x_wconf 83' lang='lat' dir='ltr'><strong>PV</strong></span> 
     </span>
    </p>
   </div>
   <div class='ocr_carea' id='block_1_3' title="bbox 457 3623 475 3681">
    <p class='ocr_par' dir='ltr' id='par_1_3' title="bbox 457 3623 475 3681">
     <span class='ocr_line' id='line_1_3' title="bbox 457 3623 475 3681; baseline 0 0"><span class='ocrx_word' id='word_1_4' title='bbox 457 3623 475 3681; x_wconf 87' lang='grc'><strong>2</strong></span> 
     </span>
    </p>
   </div>
   <div class='ocr_carea' id='block_1_4' title="bbox 1097 477 1523 536">
    <p class='ocr_par' dir='ltr' id='par_1_4' title="bbox 1097 477 1523 536">
     <span class='ocr_line' id='line_1_4' title="bbox 1097 477 1523 536; baseline -0.007 0"><span class='ocrx_word' id='word_1_5' title='bbox 1097 479 1293 536; x_wconf 77' lang='grc' dir='ltr'>8ῩΜΜΑΟΗΙ</span> <span class='ocrx_word' id='word_1_6' title='bbox 1310 477 1523 534; x_wconf 78' lang='lat' dir='ltr'>EPISTVLAE</span> 
     </span>
    </p>
   </div>
   <div class='ocr_carea' id='block_1_5' title="bbox 1132 844 1489 1064">
    <p class='ocr_par' dir='ltr' id='par_1_5' title="bbox 1132 844 1489 1064">
     <span class='ocr_line' id='line_1_5' title="bbox 1274 844 1346 908; baseline 0 0"><span class='ocrx_word' id='word_1_7' title='bbox 1274 844 1346 908; x_wconf 88' lang='lat' dir='ltr'><strong>VH.</strong></span> 
     </span>
     <span class='ocr_line' id='line_1_6' title="bbox 1132 996 1489 1064; baseline -0.006 0"><span class='ocrx_word' id='word_1_8' title='bbox 1132 999 1191 1064; x_wconf 82' lang='lat' dir='ltr'><strong>AD</strong></span> <span class='ocrx_word' id='word_1_9' title='bbox 1214 996 1489 1064; x_wconf 79' lang='lat' dir='ltr'><strong>THEODORVM.</strong></span> 
     </span>
    </p>
   </div>
   <div class='ocr_carea' id='block_1_6' title="bbox 499 1169 2159 1565">
    <p class='ocr_par' dir='ltr' id='par_1_6' title="bbox 499 1169 2159 1565">
     <span class='ocr_line' id='line_1_7' title="bbox 585 1169 2125 1261; baseline -0.003 -21"><span class='ocrx_word' id='word_1_10' title='bbox 585 1177 661 1261; x_wconf 87' lang='lat' dir='ltr'><strong>Ipse</strong></span> <span class='ocrx_word' id='word_1_11' title='bbox 682 1174 762 1240; x_wconf 91' lang='lat' dir='ltr'><strong>mihi</strong></span> <span class='ocrx_word' id='word_1_12' title='bbox 783 1173 930 1258; x_wconf 78' lang='lat' dir='ltr'><strong>rescripti</strong></span> <span class='ocrx_word' id='word_1_13' title='bbox 951 1173 1047 1238; x_wconf 89' lang='lat' dir='ltr'><strong>huius</strong></span> <span class='ocrx_word' id='word_1_14' title='bbox 1068 1173 1212 1239; x_wconf 90' lang='lat' dir='ltr'><strong>baiulum</strong></span> <span class='ocrx_word' id='word_1_15' title='bbox 1235 1170 1436 1255; x_wconf 68' lang='lat' dir='ltr'><strong>praestitisti.</strong></span> <span class='ocrx_word' id='word_1_16' title='bbox 1483 1169 1604 1255; x_wconf 77' lang='lat' dir='ltr'><strong>duplici</strong></span> <span class='ocrx_word' id='word_1_17' title='bbox 1632 1169 1731 1253; x_wconf 90' lang='lat' dir='ltr'><strong>igitur</strong></span> <span class='ocrx_word' id='word_1_18' title='bbox 1754 1171 1883 1235; x_wconf 87' lang='lat' dir='ltr'><strong>nomine</strong></span> <span class='ocrx_word' id='word_1_19' title='bbox 1905 1171 2043 1253; x_wconf 81' lang='lat' dir='ltr'><strong>gratiam</strong></span> <span class='ocrx_word' id='word_1_20' title='bbox 2066 1169 2125 1235; x_wconf 91' lang='lat' dir='ltr'><strong>de-</strong></span> 
     </span>
     <span class='ocr_line' id='line_1_8' title="bbox 499 1273 2124 1361; baseline -0.004 -17"><span class='ocrx_word' id='word_1_21' title='bbox 499 1280 576 1345; x_wconf 87' lang='lat' dir='ltr'><strong>bere</strong></span> <span class='ocrx_word' id='word_1_22' title='bbox 599 1300 650 1344; x_wconf 91' lang='lat' dir='ltr'><strong>me</strong></span> <span class='ocrx_word' id='word_1_23' title='bbox 672 1279 792 1348; x_wconf 80' lang='lat' dir='ltr'><strong>fateor:</strong></span> <span class='ocrx_word' id='word_1_24' title='bbox 823 1297 895 1341; x_wconf 92' lang='lat' dir='ltr'><strong>nam</strong></span> <span class='ocrx_word' id='word_1_25' title='bbox 920 1282 953 1341; x_wconf 89' lang='lat' dir='ltr'><strong>et</strong></span> <span class='ocrx_word' id='word_1_26' title='bbox 973 1297 993 1341; x_wconf 93' lang='lat' dir='ltr'><strong>a</strong></span> <span class='ocrx_word' id='word_1_27' title='bbox 1015 1282 1047 1342; x_wconf 94' lang='lat' dir='ltr'><strong>te</strong></span> <span class='ocrx_word' id='word_1_28' title='bbox 1069 1275 1230 1361; x_wconf 86' lang='lat' dir='ltr'><strong>profectus</strong></span> <span class='ocrx_word' id='word_1_29' title='bbox 1252 1282 1313 1354; x_wconf 89' lang='lat' dir='ltr'><strong>est,</strong></span> <span class='ocrx_word' id='word_1_30' title='bbox 1339 1274 1394 1357; x_wconf 92' lang='lat' dir='ltr'><strong>qui</strong></span> <span class='ocrx_word' id='word_1_31' title='bbox 1416 1275 1541 1339; x_wconf 85' lang='lat' dir='ltr'><strong>litteras</strong></span> <span class='ocrx_word' id='word_1_32' title='bbox 1563 1273 1739 1353; x_wconf 86' lang='lat' dir='ltr'><strong>exhiberet,</strong></span> <span class='ocrx_word' id='word_1_33' title='bbox 1768 1279 1800 1339; x_wconf 94' lang='lat' dir='ltr'><strong>et</strong></span> <span class='ocrx_word' id='word_1_34' title='bbox 1821 1294 1879 1358; x_wconf 93' lang='lat' dir='ltr'><strong>per</strong></span> <span class='ocrx_word' id='word_1_35' title='bbox 1900 1281 1932 1338; x_wconf 91' lang='lat' dir='ltr'><strong>te</strong></span> <span class='ocrx_word' id='word_1_36' title='bbox 1953 1273 2043 1350; x_wconf 92' lang='lat' dir='ltr'><strong>mihi,</strong></span> <span class='ocrx_word' id='word_1_37' title='bbox 2068 1273 2124 1356; x_wconf 88' lang='lat' dir='ltr'><strong>qui</strong></span> 
     </span>
     <span class='ocr_line' id='line_1_9' title="bbox 500 1376 2159 1464; baseline -0.008 -16"><span class='ocrx_word' id='word_1_38' title='bbox 500 1381 642 1464; x_wconf 80' lang='lat' dir='ltr'>referret,</span> <span class='ocrx_word' id='word_1_39' title='bbox 670 1382 810 1446; x_wconf 87' lang='lat' dir='ltr'><strong>oblatus.</strong></span> <span class='ocrx_word' id='word_1_40' title='bbox 857 1386 1018 1457; x_wconf 90' lang='lat' dir='ltr'><strong>maneant,</strong></span> <span class='ocrx_word' id='word_1_41' title='bbox 1046 1400 1118 1460; x_wconf 91' lang='lat' dir='ltr'><strong>oro,</strong></span> <span class='ocrx_word' id='word_1_42' title='bbox 1144 1379 1228 1444; x_wconf 90' lang='lat' dir='ltr'><strong>inter</strong></span> <span class='ocrx_word' id='word_1_43' title='bbox 1249 1398 1307 1445; x_wconf 90' lang='lat' dir='ltr'><strong>nos</strong></span> <span class='ocrx_word' id='word_1_44' title='bbox 1330 1377 1507 1444; x_wconf 85' lang='lat' dir='ltr'><strong>officiorum</strong></span> <span class='ocrx_word' id='word_1_45' title='bbox 1528 1376 1641 1441; x_wconf 91' lang='lat' dir='ltr'><strong>talium</strong></span> <span class='ocrx_word' id='word_1_46' title='bbox 1664 1377 1762 1457; x_wconf 88' lang='lat' dir='ltr'><strong>vices,</strong></span> <span class='ocrx_word' id='word_1_47' title='bbox 1789 1385 1823 1444; x_wconf 90' lang='lat' dir='ltr'><strong>et</strong></span> <span class='ocrx_word' id='word_1_48' title='bbox 1842 1376 1925 1442; x_wconf 90' lang='lat' dir='ltr'><strong>inter</strong></span> <span class='ocrx_word' id='word_1_49' title='bbox 1946 1376 2030 1441; x_wconf 89' lang='lat' dir='ltr'><strong>alias</strong></span> <span class='ocrx_word' id='word_1_50' title='bbox 2052 1376 2159 1442; x_wconf 77' lang='lat' dir='ltr'><strong>lau-r</strong></span> 
     </span>
     <span class='ocr_line' id='line_1_10' title="bbox 499 1482 1599 1565; baseline -0.005 -14"><span class='ocrx_word' id='word_1_51' title='bbox 499 1486 558 1552; x_wconf 90' lang='lat' dir='ltr'><strong>des</strong></span> <span class='ocrx_word' id='word_1_52' title='bbox 580 1492 653 1551; x_wconf 87' lang='lat' dir='ltr'><strong>tuas</strong></span> <span class='ocrx_word' id='word_1_53' title='bbox 676 1484 878 1551; x_wconf 77' lang='lat' dir='ltr'><strong>continuatae</strong></span> <span class='ocrx_word' id='word_1_54' title='bbox 900 1482 934 1548; x_wconf 94' lang='lat' dir='ltr'><strong>iu</strong></span> <span class='ocrx_word' id='word_1_55' title='bbox 956 1483 1076 1549; x_wconf 90' lang='lat' dir='ltr'><strong>amicos</strong></span> <span class='ocrx_word' id='word_1_56' title='bbox 1098 1483 1263 1565; x_wconf 79' lang='lat' dir='ltr'><strong>religionis</strong></span> <span class='ocrx_word' id='word_1_57' title='bbox 1286 1483 1398 1548; x_wconf 89' lang='lat' dir='ltr'><strong>titulus</strong></span> <span class='ocrx_word' id='word_1_58' title='bbox 1420 1489 1599 1547; x_wconf 88' lang='lat' dir='ltr'><strong>censeatur.</strong></span> 
     </span>
    </p>
   </div>
   <div class='ocr_carea' id='block_1_7' title="bbox 1131 1766 1490 2031">
    <p class='ocr_par' dir='ltr' id='par_1_7' title="bbox 1131 1766 1490 2031">
     <span class='ocr_line' id='line_1_11' title="bbox 1149 1766 1469 1876; baseline -0.009 0"><span class='ocrx_word' id='word_1_59' title='bbox 1149 1766 1227 1876; x_wconf 54' lang='lat' dir='ltr'>VIII</span> <span class='ocrx_word' id='word_1_60' title='bbox 1256 1817 1329 1875; x_wconf 71' lang='lat' dir='ltr'><strong>aliie</strong></span> <span class='ocrx_word' id='word_1_61' title='bbox 1345 1831 1376 1874; x_wconf 77' lang='lat' dir='ltr'><strong>a.</strong></span> <span class='ocrx_word' id='word_1_62' title='bbox 1395 1812 1469 1873; x_wconf 79' lang='grc'><strong>390.</strong></span> 
     </span>
     <span class='ocr_line' id='line_1_12' title="bbox 1131 1964 1490 2031; baseline -0.006 -2"><span class='ocrx_word' id='word_1_63' title='bbox 1131 1965 1190 2029; x_wconf 79' lang='lat' dir='ltr'><strong>un</strong></span> <span class='ocrx_word' id='word_1_64' title='bbox 1213 1964 1490 2031; x_wconf 83' lang='lat' dir='ltr'><strong>ruuooouvu.</strong></span> 
     </span>
    </p>
   </div>
   <div class='ocr_carea' id='block_1_8' title="bbox 499 2135 2173 2639">
    <p class='ocr_par' dir='ltr' id='par_1_8' title="bbox 499 2135 2173 2639">
     <span class='ocr_line' id='line_1_13' title="bbox 586 2135 2124 2222; baseline -0.004 -17"><span class='ocrx_word' id='word_1_65' title='bbox 586 2141 721 2207; x_wconf 87' lang='lat' dir='ltr'><strong>Gaudeo</strong></span> <span class='ocrx_word' id='word_1_66' title='bbox 743 2139 821 2205; x_wconf 92' lang='lat' dir='ltr'><strong>mihi</strong></span> <span class='ocrx_word' id='word_1_67' title='bbox 844 2138 1000 2205; x_wconf 90' lang='lat' dir='ltr'><strong>sermonis</strong></span> <span class='ocrx_word' id='word_1_68' title='bbox 1022 2138 1067 2204; x_wconf 87' lang='lat' dir='ltr'><strong>tui</strong></span> <span class='ocrx_word' id='word_1_69' title='bbox 1094 2136 1251 2222; x_wconf 87' lang='lat' dir='ltr'><strong>primitias</strong></span> <span class='ocrx_word' id='word_1_70' title='bbox 1274 2136 1446 2221; x_wconf 78' lang='lat' dir='ltr'><strong>contigisse</strong></span> <span class='ocrx_word' id='word_1_71' title='bbox 1468 2143 1501 2202; x_wconf 93' lang='lat' dir='ltr'><strong>et</strong></span> <span class='ocrx_word' id='word_1_72' title='bbox 1522 2136 1674 2221; x_wconf 88' lang='lat' dir='ltr'><strong>inpendio</strong></span> <span class='ocrx_word' id='word_1_73' title='bbox 1696 2136 1839 2219; x_wconf 90' lang='lat' dir='ltr'><strong>postulo,</strong></span> <span class='ocrx_word' id='word_1_74' title='bbox 1873 2144 1908 2201; x_wconf 91' lang='lat' dir='ltr'><strong>ut</strong></span> <span class='ocrx_word' id='word_1_75' title='bbox 1930 2135 2124 2200; x_wconf 89' lang='lat' dir='ltr'><strong>humanissi-</strong></span> 
     </span>
     <span class='ocr_line' id='line_1_14' title="bbox 499 2237 2173 2329; baseline -0.008 -20"><span class='ocrx_word' id='word_1_76' title='bbox 499 2265 585 2310; x_wconf 91' lang='lat' dir='ltr'><strong>mum</strong></span> <span class='ocrx_word' id='word_1_77' title='bbox 607 2244 769 2329; x_wconf 88' lang='lat' dir='ltr'><strong>inceptum</strong></span> <span class='ocrx_word' id='word_1_78' title='bbox 793 2242 944 2326; x_wconf 90' lang='lat' dir='ltr'><strong>religiosa</strong></span> <span class='ocrx_word' id='word_1_79' title='bbox 972 2261 1049 2307; x_wconf 91' lang='lat' dir='ltr'><strong>oura</strong></span> <span class='ocrx_word' id='word_1_80' title='bbox 1070 2261 1133 2309; x_wconf 89' lang='lat' dir='ltr'><strong>non</strong></span> <span class='ocrx_word' id='word_1_81' title='bbox 1155 2240 1295 2305; x_wconf 88' lang='lat' dir='ltr'><strong>deserat.</strong></span> <span class='ocrx_word' id='word_1_82' title='bbox 1341 2240 1392 2305; x_wconf 92' lang='lat' dir='ltr'><strong>his</strong></span> <span class='ocrx_word' id='word_1_83' title='bbox 1414 2239 1500 2306; x_wconf 90' lang='lat' dir='ltr'><strong>euim</strong></span> <span class='ocrx_word' id='word_1_84' title='bbox 1523 2240 1662 2304; x_wconf 82' lang='lat' dir='ltr'><strong>maxime</strong></span> <span class='ocrx_word' id='word_1_85' title='bbox 1689 2239 1891 2305; x_wconf 87' lang='lat' dir='ltr'><strong>nutrimentis</strong></span> <span class='ocrx_word' id='word_1_86' title='bbox 1912 2237 2122 2304; x_wconf 87' lang='lat' dir='ltr'><strong>amicitiarum</strong></span> <span class='ocrx_word' id='word_1_87' title='bbox 2144 2259 2173 2305; x_wconf 79' lang='lat' dir='ltr'><strong>to</strong></span> 
     </span>
     <span class='ocr_line' id='line_1_15' title="bbox 500 2340 2124 2426; baseline -0.004 -13"><span class='ocrx_word' id='word_1_88' title='bbox 500 2349 605 2413; x_wconf 88' lang='lat' dir='ltr'><strong>cultus</strong></span> <span class='ocrx_word' id='word_1_89' title='bbox 628 2346 794 2414; x_wconf 90' lang='lat' dir='ltr'><strong>adolescit.</strong></span> <span class='ocrx_word' id='word_1_90' title='bbox 842 2366 914 2412; x_wconf 91' lang='lat' dir='ltr'><strong>eom</strong></span> <span class='ocrx_word' id='word_1_91' title='bbox 937 2346 1017 2411; x_wconf 89' lang='lat' dir='ltr'><strong>haec</strong></span> <span class='ocrx_word' id='word_1_92' title='bbox 1039 2344 1222 2425; x_wconf 85' lang='lat' dir='ltr'><strong>scriberem,</strong></span> <span class='ocrx_word' id='word_1_93' title='bbox 1248 2350 1334 2409; x_wconf 90' lang='lat' dir='ltr'><strong>recte</strong></span> <span class='ocrx_word' id='word_1_94' title='bbox 1356 2342 1435 2408; x_wconf 93' lang='lat' dir='ltr'><strong>mihi</strong></span> <span class='ocrx_word' id='word_1_95' title='bbox 1458 2343 1582 2409; x_wconf 86' lang='lat' dir='ltr'><strong>sanitas</strong></span> <span class='ocrx_word' id='word_1_96' title='bbox 1604 2342 1806 2426; x_wconf 85' lang='lat' dir='ltr'><strong>suppetebat.</strong></span> <span class='ocrx_word' id='word_1_97' title='bbox 1853 2341 1946 2406; x_wconf 87' lang='lat' dir='ltr'><strong>cuius</strong></span> <span class='ocrx_word' id='word_1_98' title='bbox 1968 2341 2016 2406; x_wconf 92' lang='lat' dir='ltr'><strong>rei</strong></span> <span class='ocrx_word' id='word_1_99' title='bbox 2037 2340 2124 2407; x_wconf 89' lang='lat' dir='ltr'><strong>indi-</strong></span> 
     </span>
     <span class='ocr_line' id='line_1_16' title="bbox 499 2444 2124 2535; baseline -0.004 -19"><span class='ocrx_word' id='word_1_100' title='bbox 499 2452 582 2516; x_wconf 91' lang='lat' dir='ltr'><strong>cium</strong></span> <span class='ocrx_word' id='word_1_101' title='bbox 606 2457 775 2535; x_wconf 88' lang='lat' dir='ltr'><strong>propterea</strong></span> <span class='ocrx_word' id='word_1_102' title='bbox 803 2450 961 2534; x_wconf 84' lang='lat' dir='ltr'><strong>singulari</strong></span> <span class='ocrx_word' id='word_1_103' title='bbox 983 2448 1190 2533; x_wconf 85' lang='lat' dir='ltr'><strong>generositati</strong></span> <span class='ocrx_word' id='word_1_104' title='bbox 1219 2455 1295 2513; x_wconf 90' lang='lat' dir='ltr'><strong>tuae</strong></span> <span class='ocrx_word' id='word_1_105' title='bbox 1326 2446 1446 2513; x_wconf 92' lang='lat' dir='ltr'><strong>credidi</strong></span> <span class='ocrx_word' id='word_1_106' title='bbox 1477 2445 1704 2526; x_wconf 88' lang='lat' dir='ltr'><strong>deferendum,</strong></span> <span class='ocrx_word' id='word_1_107' title='bbox 1738 2451 1772 2512; x_wconf 89' lang='lat' dir='ltr'><strong>ut</strong></span> <span class='ocrx_word' id='word_1_108' title='bbox 1801 2445 2016 2529; x_wconf 85' lang='lat' dir='ltr'><strong>cognitionem</strong></span> <span class='ocrx_word' id='word_1_109' title='bbox 2045 2444 2124 2510; x_wconf 92' lang='lat' dir='ltr'><strong>mihi</strong></span> 
     </span>
     <span class='ocr_line' id='line_1_17' title="bbox 499 2550 1269 2639; baseline -0.008 -19"><span class='ocrx_word' id='word_1_110' title='bbox 499 2554 662 2639; x_wconf 88' lang='lat' dir='ltr'><strong>sospitatis</strong></span> <span class='ocrx_word' id='word_1_111' title='bbox 682 2560 758 2621; x_wconf 89' lang='lat' dir='ltr'><strong>tuae</strong></span> <span class='ocrx_word' id='word_1_112' title='bbox 780 2561 910 2621; x_wconf 91' lang='lat' dir='ltr'><strong>mutuus</strong></span> <span class='ocrx_word' id='word_1_113' title='bbox 931 2552 1088 2637; x_wconf 88' lang='lat' dir='ltr'><strong>rependat</strong></span> <span class='ocrx_word' id='word_1_114' title='bbox 1109 2550 1269 2617; x_wconf 82' lang='lat' dir='ltr'><strong>adfectus.</strong></span> 
     </span>
    </p>
   </div>
   <div class='ocr_carea' id='block_1_9' title="bbox 1131 2878 2175 3099">
    <p class='ocr_par' dir='ltr' id='par_1_9' title="bbox 1131 2878 2175 3099">
     <span class='ocr_line' id='line_1_18' title="bbox 1131 2878 1488 2945; baseline -0.014 0"><span class='ocrx_word' id='word_1_115' title='bbox 1131 2878 1225 2945; x_wconf 85' lang='lat' dir='ltr'><strong>vflfl</strong></span> <span class='ocrx_word' id='word_1_116' title='bbox 1254 2899 1286 2943; x_wconf 89' lang='lat' dir='ltr'><strong>a.</strong></span> <span class='ocrx_word' id='word_1_117' title='bbox 1305 2879 1488 2943; x_wconf 77' lang='lat' dir='ltr'><strong>sco-397.</strong></span> 
     </span>
     <span class='ocr_line' id='line_1_19' title="bbox 1133 3031 2175 3099; baseline -0.005 -2"><span class='ocrx_word' id='word_1_118' title='bbox 1133 3032 1196 3097; x_wconf 83' lang='grc' dir='ltr'><strong>ΑΙ)</strong></span> <span class='ocrx_word' id='word_1_119' title='bbox 1214 3031 1491 3099; x_wconf 77' lang='lat' dir='ltr'><strong>THEODORVM.</strong></span> <span class='ocrx_word' id='word_1_120' title='bbox 2144 3050 2175 3093; x_wconf 81' lang='lat' dir='ltr'><strong>rr</strong></span> 
     </span>
    </p>
   </div>
   <div class='ocr_carea' id='block_1_10' title="bbox 496 3205 2174 4120">
    <p class='ocr_par' dir='ltr' id='par_1_10' title="bbox 496 3205 2174 4120">
     <span class='ocr_line' id='line_1_20' title="bbox 585 3205 2125 3292; baseline -0.002 -19"><span class='ocrx_word' id='word_1_121' title='bbox 585 3209 707 3274; x_wconf 86' lang='lat' dir='ltr'><strong>Vereor</strong></span> <span class='ocrx_word' id='word_1_122' title='bbox 728 3209 930 3292; x_wconf 85' lang='lat' dir='ltr'><strong>eloquentiae</strong></span> <span class='ocrx_word' id='word_1_123' title='bbox 960 3215 1035 3273; x_wconf 86' lang='lat' dir='ltr'><strong>tuae</strong></span> <span class='ocrx_word' id='word_1_124' title='bbox 1058 3206 1178 3290; x_wconf 85' lang='lat' dir='ltr'><strong>scripta</strong></span> <span class='ocrx_word' id='word_1_125' title='bbox 1199 3211 1310 3271; x_wconf 87' lang='lat' dir='ltr'><strong>nostra</strong></span> <span class='ocrx_word' id='word_1_126' title='bbox 1331 3205 1545 3285; x_wconf 84' lang='lat' dir='ltr'><strong>committere,</strong></span> <span class='ocrx_word' id='word_1_127' title='bbox 1582 3205 1641 3271; x_wconf 88' lang='lat' dir='ltr'><strong>sed</strong></span> <span class='ocrx_word' id='word_1_128' title='bbox 1669 3226 1733 3270; x_wconf 93' lang='lat' dir='ltr'><strong>nou</strong></span> <span class='ocrx_word' id='word_1_129' title='bbox 1761 3205 1867 3271; x_wconf 91' lang='lat' dir='ltr'><strong>minus</strong></span> <span class='ocrx_word' id='word_1_130' title='bbox 1895 3226 1995 3271; x_wconf 87' lang='lat' dir='ltr'><strong>caveo</strong></span> <span class='ocrx_word' id='word_1_131' title='bbox 2023 3206 2125 3270; x_wconf 90' lang='lat' dir='ltr'><strong>amori</strong></span> 
     </span>
     <span class='ocr_line' id='line_1_21' title="bbox 499 3307 2122 3395; baseline -0.001 -18"><span class='ocrx_word' id='word_1_132' title='bbox 499 3318 552 3377; x_wconf 89' lang='lat' dir='ltr'><strong>tuo</strong></span> <span class='ocrx_word' id='word_1_133' title='bbox 574 3331 716 3377; x_wconf 87' lang='lat' dir='ltr'><strong>meorum</strong></span> <span class='ocrx_word' id='word_1_134' title='bbox 738 3311 913 3395; x_wconf 89' lang='lat' dir='ltr'><strong>quidquam</strong></span> <span class='ocrx_word' id='word_1_135' title='bbox 944 3330 1077 3395; x_wconf 86' lang='lat' dir='ltr'><strong>negare.</strong></span> <span class='ocrx_word' id='word_1_136' title='bbox 1123 3308 1206 3374; x_wconf 91' lang='lat' dir='ltr'><strong>duas</strong></span> <span class='ocrx_word' id='word_1_137' title='bbox 1233 3307 1332 3390; x_wconf 86' lang='lat' dir='ltr'><strong>igitur</strong></span> <span class='ocrx_word' id='word_1_138' title='bbox 1353 3309 1569 3374; x_wconf 86' lang='lat' dir='ltr'><strong>oratiunculas</strong></span> <span class='ocrx_word' id='word_1_139' title='bbox 1599 3329 1703 3392; x_wconf 90' lang='lat' dir='ltr'><strong>nuper</strong></span> <span class='ocrx_word' id='word_1_140' title='bbox 1731 3308 1836 3374; x_wconf 90' lang='lat' dir='ltr'><strong>editas</strong></span> <span class='ocrx_word' id='word_1_141' title='bbox 1865 3330 1886 3374; x_wconf 95' lang='lat' dir='ltr'><strong>a</strong></span> <span class='ocrx_word' id='word_1_142' title='bbox 1914 3310 2009 3375; x_wconf 91' lang='lat' dir='ltr'><strong>nobis</strong></span> <span class='ocrx_word' id='word_1_143' title='bbox 2037 3310 2122 3376; x_wconf 91' lang='lat' dir='ltr'><strong>misi.</strong></span> 
     </span>
     <span class='ocr_line' id='line_1_22' title="bbox 499 3411 2127 3495; baseline -0.002 -13"><span class='ocrx_word' id='word_1_144' title='bbox 499 3436 608 3482; x_wconf 89' lang='lat' dir='ltr'><strong>earum</strong></span> <span class='ocrx_word' id='word_1_145' title='bbox 632 3436 696 3480; x_wconf 92' lang='lat' dir='ltr'><strong>una</strong></span> <span class='ocrx_word' id='word_1_146' title='bbox 719 3415 761 3480; x_wconf 88' lang='lat' dir='ltr'><strong>ad</strong></span> <span class='ocrx_word' id='word_1_147' title='bbox 784 3416 924 3481; x_wconf 87' lang='lat' dir='ltr'><strong>urbanos</strong></span> <span class='ocrx_word' id='word_1_148' title='bbox 946 3414 1052 3480; x_wconf 84' lang='lat' dir='ltr'><strong>fasces</strong></span> <span class='ocrx_word' id='word_1_149' title='bbox 1074 3412 1283 3479; x_wconf 89' lang='lat' dir='ltr'><strong>resultantem</strong></span> <span class='ocrx_word' id='word_1_150' title='bbox 1305 3411 1409 3478; x_wconf 90' lang='lat' dir='ltr'><strong>tenuit</strong></span> <span class='ocrx_word' id='word_1_151' title='bbox 1432 3411 1648 3489; x_wconf 88' lang='lat' dir='ltr'><strong>candidatum,</strong></span> <span class='ocrx_word' id='word_1_152' title='bbox 1674 3412 1768 3477; x_wconf 89' lang='lat' dir='ltr'><strong>alteri</strong></span> <span class='ocrx_word' id='word_1_153' title='bbox 1790 3420 2013 3495; x_wconf 90' lang='lat' dir='ltr'><strong>argumentum</strong></span> <span class='ocrx_word' id='word_1_154' title='bbox 2037 3413 2127 3479; x_wconf 91' lang='lat' dir='ltr'><strong>dedit</strong></span> 
     </span>
     <span class='ocr_line' id='line_1_23' title="bbox 496 3514 2123 3603; baseline -0.001 -20"><span class='ocrx_word' id='word_1_155' title='bbox 496 3519 561 3584; x_wconf 90' lang='lat' dir='ltr'><strong>iam</strong></span> <span class='ocrx_word' id='word_1_156' title='bbox 590 3518 714 3603; x_wconf 91' lang='lat' dir='ltr'><strong>pridem</strong></span> <span class='ocrx_word' id='word_1_157' title='bbox 743 3518 871 3586; x_wconf 86' lang='lat' dir='ltr'><strong>decreto</strong></span> <span class='ocrx_word' id='word_1_158' title='bbox 898 3526 1031 3585; x_wconf 88' lang='lat' dir='ltr'><strong>senatus</strong></span> <span class='ocrx_word' id='word_1_159' title='bbox 1057 3517 1228 3603; x_wconf 85' lang='lat' dir='ltr'><strong>inprobata</strong></span> <span class='ocrx_word' id='word_1_160' title='bbox 1256 3534 1402 3581; x_wconf 88' lang='lat' dir='ltr'><strong>censura.</strong></span> <span class='ocrx_word' id='word_1_161' title='bbox 1450 3515 1507 3581; x_wconf 87' lang='lat' dir='ltr'><strong>sed</strong></span> <span class='ocrx_word' id='word_1_162' title='bbox 1537 3514 1690 3581; x_wconf 90' lang='lat' dir='ltr'><strong>iudicium</strong></span> <span class='ocrx_word' id='word_1_163' title='bbox 1719 3534 1840 3598; x_wconf 89' lang='lat' dir='ltr'><strong>mcum,</strong></span> <span class='ocrx_word' id='word_1_164' title='bbox 1876 3536 1947 3582; x_wconf 91' lang='lat' dir='ltr'><strong>cum</strong></span> <span class='ocrx_word' id='word_1_165' title='bbox 1977 3535 2029 3582; x_wconf 92' lang='lat' dir='ltr'><strong>res</strong></span> <span class='ocrx_word' id='word_1_166' title='bbox 2051 3522 2123 3582; x_wconf 86' lang='lat' dir='ltr'><strong>acta</strong></span> 
     </span>
     <span class='ocr_line' id='line_1_24' title="bbox 499 3617 2174 3707; baseline -0.005 -20"><span class='ocrx_word' id='word_1_167' title='bbox 499 3629 558 3699; x_wconf 89' lang='lat' dir='ltr'><strong>est,</strong></span> <span class='ocrx_word' id='word_1_168' title='bbox 584 3622 728 3688; x_wconf 88' lang='lat' dir='ltr'><strong>habitum</strong></span> <span class='ocrx_word' id='word_1_169' title='bbox 743 3623 922 3707; x_wconf 87' lang='lat' dir='ltr'><strong>propagavi</strong></span> <span class='ocrx_word' id='word_1_170' title='bbox 943 3642 1039 3707; x_wconf 87' lang='lat' dir='ltr'><strong>opere</strong></span> <span class='ocrx_word' id='word_1_171' title='bbox 1061 3620 1211 3703; x_wconf 89' lang='lat' dir='ltr'><strong>largiore.</strong></span> <span class='ocrx_word' id='word_1_172' title='bbox 1251 3639 1311 3685; x_wconf 88' lang='lat' dir='ltr'><strong>neo</strong></span> <span class='ocrx_word' id='word_1_173' title='bbox 1331 3617 1412 3683; x_wconf 89' lang='lat' dir='ltr'><strong>mihi</strong></span> <span class='ocrx_word' id='word_1_174' title='bbox 1434 3618 1511 3683; x_wconf 83' lang='lat' dir='ltr'><strong>vitio</strong></span> <span class='ocrx_word' id='word_1_175' title='bbox 1535 3625 1641 3685; x_wconf 89' lang='lat' dir='ltr'><strong>vortas</strong></span> <span class='ocrx_word' id='word_1_176' title='bbox 1661 3617 1788 3703; x_wconf 89' lang='lat' dir='ltr'><strong>priscae</strong></span> <span class='ocrx_word' id='word_1_177' title='bbox 1810 3619 1992 3686; x_wconf 89' lang='lat' dir='ltr'><strong>severitatis</strong></span> <span class='ocrx_word' id='word_1_178' title='bbox 2014 3621 2123 3704; x_wconf 91' lang='lat' dir='ltr'><strong>repul·</strong></span> <span class='ocrx_word' id='word_1_179' title='bbox 2143 3638 2174 3679; x_wconf 79' lang='lat' dir='ltr'><strong>ro</strong></span> 
     </span>
     <span class='ocr_line' id='line_1_25' title="bbox 497 3721 2120 3810; baseline -0.003 -19"><span class='ocrx_word' id='word_1_180' title='bbox 497 3745 579 3791; x_wconf 84' lang='lat' dir='ltr'><strong>sam.</strong></span> <span class='ocrx_word' id='word_1_181' title='bbox 626 3745 701 3790; x_wconf 88' lang='lat' dir='ltr'><strong>nam</strong></span> <span class='ocrx_word' id='word_1_182' title='bbox 730 3724 890 3810; x_wconf 88' lang='lat' dir='ltr'><strong>quaedam</strong></span> <span class='ocrx_word' id='word_1_183' title='bbox 922 3725 1001 3792; x_wconf 89' lang='lat' dir='ltr'><strong>solis</strong></span> <span class='ocrx_word' id='word_1_184' title='bbox 1030 3724 1178 3810; x_wconf 87' lang='lat' dir='ltr'><strong>speciosa</strong></span> <span class='ocrx_word' id='word_1_185' title='bbox 1206 3722 1388 3799; x_wconf 88' lang='lat' dir='ltr'><strong>nominibus</strong></span> <span class='ocrx_word' id='word_1_186' title='bbox 1417 3741 1477 3787; x_wconf 93' lang='lat' dir='ltr'><strong>usu</strong></span> <span class='ocrx_word' id='word_1_187' title='bbox 1507 3730 1540 3788; x_wconf 91' lang='lat' dir='ltr'><strong>et</strong></span> <span class='ocrx_word' id='word_1_188' title='bbox 1568 3721 1766 3807; x_wconf 83' lang='lat' dir='ltr'><strong>experiundo</strong></span> <span class='ocrx_word' id='word_1_189' title='bbox 1795 3722 1967 3808; x_wconf 89' lang='lat' dir='ltr'><strong>plurimum</strong></span> <span class='ocrx_word' id='word_1_190' title='bbox 1994 3730 2120 3789; x_wconf 90' lang='lat' dir='ltr'><strong>nocent.</strong></span> 
     </span>
     <span class='ocr_line' id='line_1_26' title="bbox 498 3824 2123 3911; baseline -0.001 -18"><span class='ocrx_word' id='word_1_191' title='bbox 498 3828 640 3895; x_wconf 90' lang='lat' dir='ltr'><strong>rationes</strong></span> <span class='ocrx_word' id='word_1_192' title='bbox 663 3829 843 3896; x_wconf 91' lang='lat' dir='ltr'><strong>sententiae</strong></span> <span class='ocrx_word' id='word_1_193' title='bbox 865 3850 958 3896; x_wconf 88' lang='lat' dir='ltr'><strong>meae</strong></span> <span class='ocrx_word' id='word_1_194' title='bbox 981 3830 1080 3895; x_wconf 88' lang='lat' dir='ltr'><strong>lector</strong></span> <span class='ocrx_word' id='word_1_195' title='bbox 1101 3827 1257 3893; x_wconf 90' lang='lat' dir='ltr'><strong>invenies.</strong></span> <span class='ocrx_word' id='word_1_196' title='bbox 1304 3826 1376 3891; x_wconf 83' lang='lat' dir='ltr'><strong>volo</strong></span> <span class='ocrx_word' id='word_1_197' title='bbox 1397 3834 1518 3892; x_wconf 74' lang='lat' dir='ltr'><strong>motum</strong></span> <span class='ocrx_word' id='word_1_198' title='bbox 1540 3824 1583 3891; x_wconf 95' lang='lat' dir='ltr'><strong>ad</strong></span> <span class='ocrx_word' id='word_1_199' title='bbox 1604 3826 1834 3911; x_wconf 88' lang='lat' dir='ltr'><strong>inspectionem</strong></span> <span class='ocrx_word' id='word_1_200' title='bbox 1858 3827 2013 3893; x_wconf 90' lang='lat' dir='ltr'><strong>dictorum</strong></span> <span class='ocrx_word' id='word_1_201' title='bbox 2040 3827 2123 3910; x_wconf 89' lang='lat' dir='ltr'><strong>parti</strong></span> 
     </span>
     <span class='ocr_line' id='line_1_27' title="bbox 497 3928 2124 4017; baseline -0.002 -18"><span class='ocrx_word' id='word_1_202' title='bbox 497 3932 623 4014; x_wconf 88' lang='lat' dir='ltr'><strong>utrique</strong></span> <span class='ocrx_word' id='word_1_203' title='bbox 645 3952 769 4017; x_wconf 89' lang='lat' dir='ltr'><strong>aequus</strong></span> <span class='ocrx_word' id='word_1_204' title='bbox 789 3931 938 3999; x_wconf 85' lang='lat' dir='ltr'><strong>accedas.</strong></span> <span class='ocrx_word' id='word_1_205' title='bbox 977 3931 1162 4011; x_wconf 89' lang='lat' dir='ltr'><strong>merebitur,</strong></span> <span class='ocrx_word' id='word_1_206' title='bbox 1176 3936 1223 3996; x_wconf 44' lang='lat' dir='ltr'><strong>*ut</strong></span> <span class='ocrx_word' id='word_1_207' title='bbox 1245 3950 1350 4014; x_wconf 90' lang='lat' dir='ltr'><strong>spero,</strong></span> <span class='ocrx_word' id='word_1_208' title='bbox 1377 3930 1529 3996; x_wconf 89' lang='lat' dir='ltr'><strong>orationis</strong></span> <span class='ocrx_word' id='word_1_209' title='bbox 1550 3928 1702 4011; x_wconf 81' lang='lat' dir='ltr'><strong>adsertio,</strong></span> <span class='ocrx_word' id='word_1_210' title='bbox 1728 3936 1763 3995; x_wconf 91' lang='lat' dir='ltr'><strong>ut</strong></span> <span class='ocrx_word' id='word_1_211' title='bbox 1783 3936 1818 3996; x_wconf 91' lang='lat' dir='ltr'><strong>tu</strong></span> <span class='ocrx_word' id='word_1_212' title='bbox 1840 3930 1937 3996; x_wconf 87' lang='lat' dir='ltr'><strong>etiam</strong></span> <span class='ocrx_word' id='word_1_213' title='bbox 1954 3930 2124 3996; x_wconf 88' lang='lat' dir='ltr'><strong>vetustatis</strong></span> 
     </span>
     <span class='ocr_line' id='line_1_28' title="bbox 496 4033 1332 4120; baseline 0 -20"><span class='ocrx_word' id='word_1_214' title='bbox 496 4042 649 4120; x_wconf 88' lang='lat' dir='ltr'><strong>patronus</strong></span> <span class='ocrx_word' id='word_1_215' title='bbox 670 4035 851 4102; x_wconf 84' lang='lat' dir='ltr'><strong>auctoritati</strong></span> <span class='ocrx_word' id='word_1_216' title='bbox 872 4035 993 4102; x_wconf 90' lang='lat' dir='ltr'><strong>ordinis</strong></span> <span class='ocrx_word' id='word_1_217' title='bbox 1022 4055 1151 4101; x_wconf 89' lang='lat' dir='ltr'><strong>manum</strong></span> <span class='ocrx_word' id='word_1_218' title='bbox 1174 4033 1332 4119; x_wconf 88' lang='lat' dir='ltr'><strong>porrigas.</strong></span> 
     </span>
    </p>
   </div>
   <div class='ocr_carea' id='block_1_11' title="bbox 1131 4362 1616 4584">
    <p class='ocr_par' dir='ltr' id='par_1_11' title="bbox 1131 4362 1616 4584">
     <span class='ocr_line' id='line_1_29' title="bbox 1217 4362 1404 4427; baseline -0.011 0"><span class='ocrx_word' id='word_1_219' title='bbox 1217 4362 1250 4427; x_wconf 89' lang='lat' dir='ltr'>X</span> <span class='ocrx_word' id='word_1_220' title='bbox 1279 4383 1310 4427; x_wconf 92' lang='lat' dir='ltr'><strong>a.</strong></span> <span class='ocrx_word' id='word_1_221' title='bbox 1330 4362 1404 4427; x_wconf 81' lang='lat'><strong>398.</strong></span> 
     </span>
     <span class='ocr_line' id='line_1_30' title="bbox 1131 4466 1616 4584; baseline -0.002 -1"><span class='ocrx_word' id='word_1_222' title='bbox 1131 4466 1193 4583; x_wconf 79' lang='lat' dir='ltr'><strong>uo</strong></span> <span class='ocrx_word' id='word_1_223' title='bbox 1213 4514 1491 4584; x_wconf 83' lang='lat' dir='ltr'><strong>rusououvu.</strong></span> <span class='ocrx_word' id='word_1_224' title='bbox 1611 4498 1616 4505; x_wconf 84' lang='lat'>&#39;</span> 
     </span>
    </p>
   </div>
   <div class='ocr_carea' id='block_1_12' title="bbox 498 4688 2175 5086">
    <p class='ocr_par' dir='ltr' id='par_1_12' title="bbox 498 4688 2175 5086">
     <span class='ocr_line' id='line_1_31' title="bbox 585 4688 2124 4771; baseline -0.001 -16"><span class='ocrx_word' id='word_1_225' title='bbox 585 4690 688 4769; x_wconf 81' lang='lat' dir='ltr'><strong>Quam</strong></span> <span class='ocrx_word' id='word_1_226' title='bbox 711 4690 817 4771; x_wconf 93' lang='lat' dir='ltr'><strong>timeo,</strong></span> <span class='ocrx_word' id='word_1_227' title='bbox 844 4712 885 4757; x_wconf 91' lang='lat' dir='ltr'><strong>ne</strong></span> <span class='ocrx_word' id='word_1_228' title='bbox 907 4710 1002 4757; x_wconf 87' lang='lat' dir='ltr'><strong>aures</strong></span> <span class='ocrx_word' id='word_1_229' title='bbox 1025 4698 1097 4756; x_wconf 93' lang='lat' dir='ltr'><strong>tuas</strong></span> <span class='ocrx_word' id='word_1_230' title='bbox 1119 4689 1284 4756; x_wconf 86' lang='lat' dir='ltr'><strong>existimer</strong></span> <span class='ocrx_word' id='word_1_231' title='bbox 1306 4690 1427 4756; x_wconf 85' lang='lat' dir='ltr'><strong>lactare</strong></span> <span class='ocrx_word' id='word_1_232' title='bbox 1450 4688 1632 4756; x_wconf 88' lang='lat' dir='ltr'><strong>blanditiis!</strong></span> <span class='ocrx_word' id='word_1_233' title='bbox 1670 4689 1854 4756; x_wconf 86' lang='lat' dir='ltr'><strong>consulatus</strong></span> <span class='ocrx_word' id='word_1_234' title='bbox 1877 4690 1930 4756; x_wconf 88' lang='lat' dir='ltr'><strong>hic</strong></span> <span class='ocrx_word' id='word_1_235' title='bbox 1952 4697 2027 4755; x_wconf 91' lang='lat' dir='ltr'><strong>tuus</strong></span> <span class='ocrx_word' id='word_1_236' title='bbox 2049 4690 2124 4755; x_wconf 85' lang='lat' dir='ltr'><strong>talis</strong></span> 
     </span>
     <span class='ocr_line' id='line_1_32' title="bbox 498 4792 2124 4878; baseline -0.002 -18"><span class='ocrx_word' id='word_1_237' title='bbox 498 4801 565 4877; x_wconf 90' lang='lat' dir='ltr'><strong>est,</strong></span> <span class='ocrx_word' id='word_1_238' title='bbox 598 4800 633 4859; x_wconf 89' lang='lat' dir='ltr'><strong>ut</strong></span> <span class='ocrx_word' id='word_1_239' title='bbox 654 4813 760 4859; x_wconf 89' lang='lat' dir='ltr'><strong>meum</strong></span> <span class='ocrx_word' id='word_1_240' title='bbox 782 4794 965 4878; x_wconf 88' lang='lat' dir='ltr'><strong>geminasse</strong></span> <span class='ocrx_word' id='word_1_241' title='bbox 987 4793 1144 4861; x_wconf 88' lang='lat' dir='ltr'><strong>videatur.</strong></span> <span class='ocrx_word' id='word_1_242' title='bbox 1190 4813 1275 4871; x_wconf 85' lang='lat' dir='ltr'><strong>nune</strong></span> <span class='ocrx_word' id='word_1_243' title='bbox 1297 4793 1363 4859; x_wconf 86' lang='lat' dir='ltr'><strong>voti</strong></span> <span class='ocrx_word' id='word_1_244' title='bbox 1385 4792 1447 4859; x_wconf 93' lang='lat' dir='ltr'><strong>mei</strong></span> <span class='ocrx_word' id='word_1_245' title='bbox 1471 4812 1596 4858; x_wconf 89' lang='lat' dir='ltr'><strong>summa</strong></span> <span class='ocrx_word' id='word_1_246' title='bbox 1617 4814 1656 4859; x_wconf 91' lang='lat' dir='ltr'><strong>eo</strong></span> <span class='ocrx_word' id='word_1_247' title='bbox 1678 4792 1848 4877; x_wconf 86' lang='lat' dir='ltr'><strong>processit,</strong></span> <span class='ocrx_word' id='word_1_248' title='bbox 1882 4800 1916 4859; x_wconf 90' lang='lat' dir='ltr'><strong>ut</strong></span> <span class='ocrx_word' id='word_1_249' title='bbox 1937 4793 2031 4859; x_wconf 85' lang='lat' dir='ltr'><strong>titulo</strong></span> <span class='ocrx_word' id='word_1_250' title='bbox 2053 4793 2124 4859; x_wconf 91' lang='lat' dir='ltr'><strong>eius</strong></span> 
     </span>
     <span class='ocr_line' id='line_1_33' title="bbox 498 4886 2124 4981; baseline -0.001 -19"><span class='ocrx_word' id='word_1_251' title='bbox 498 4886 629 4981; x_wconf 90' lang='lat' dir='ltr'><strong>longum</strong></span> <span class='ocrx_word' id='word_1_252' title='bbox 652 4897 769 4964; x_wconf 82' lang='lat' dir='ltr'><strong>fruaris</strong></span> <span class='ocrx_word' id='word_1_253' title='bbox 799 4903 832 4963; x_wconf 91' lang='lat' dir='ltr'><strong>et</strong></span> <span class='ocrx_word' id='word_1_254' title='bbox 860 4918 980 4981; x_wconf 90' lang='lat' dir='ltr'><strong>aeques</strong></span> <span class='ocrx_word' id='word_1_255' title='bbox 1001 4894 1087 4963; x_wconf 86' lang='lat' dir='ltr'><strong>vitae</strong></span> <span class='ocrx_word' id='word_1_256' title='bbox 1116 4896 1326 4963; x_wconf 88' lang='lat' dir='ltr'><strong>diuturnitate</strong></span> <span class='ocrx_word' id='word_1_257' title='bbox 1356 4914 1477 4962; x_wconf 89' lang='lat' dir='ltr'><strong>moram</strong></span> <span class='ocrx_word' id='word_1_258' title='bbox 1507 4895 1643 4981; x_wconf 89' lang='lat' dir='ltr'><strong>praemii</strong></span> <span class='ocrx_word' id='word_1_259' title='bbox 1671 4896 1729 4963; x_wconf 89' lang='lat' dir='ltr'><strong>tui.</strong></span> <span class='ocrx_word' id='word_1_260' title='bbox 1777 4895 1909 4980; x_wconf 87' lang='lat' dir='ltr'><strong>dignum</strong></span> <span class='ocrx_word' id='word_1_261' title='bbox 1932 4897 2052 4981; x_wconf 91' lang='lat' dir='ltr'><strong>quippe</strong></span> <span class='ocrx_word' id='word_1_262' title='bbox 2075 4904 2124 4961; x_wconf 90' lang='lat' dir='ltr'><strong>est</strong></span> 
     </span>
     <span class='ocr_line' id='line_1_34' title="bbox 499 4984 2175 5086; baseline -0.005 -19"><span class='ocrx_word' id='word_1_263' title='bbox 499 4999 688 5086; x_wconf 89' lang='lat' dir='ltr'><strong>conpensari</strong></span> <span class='ocrx_word' id='word_1_264' title='bbox 710 5000 836 5085; x_wconf 84' lang='lat' dir='ltr'><strong>prolixo</strong></span> <span class='ocrx_word' id='word_1_265' title='bbox 861 5001 982 5085; x_wconf 91' lang='lat' dir='ltr'><strong>gaudio</strong></span> <span class='ocrx_word' id='word_1_266' title='bbox 1004 5020 1108 5068; x_wconf 89' lang='lat' dir='ltr'><strong>seram</strong></span> <span class='ocrx_word' id='word_1_267' title='bbox 1132 5000 1333 5067; x_wconf 91' lang='lat' dir='ltr'><strong>solutionem.</strong></span> <span class='ocrx_word' id='word_1_268' title='bbox 2142 4984 2175 5059; x_wconf 75' lang='lat' dir='ltr'><strong>ao</strong></span> 
     </span>
    </p>
   </div>
   <div class='ocr_carea' id='block_1_13' title="bbox 499 5363 2122 5858">
    <p class='ocr_par' dir='ltr' id='par_1_13' title="bbox 584 5363 1811 5427">
     <span class='ocr_line' id='line_1_35' title="bbox 584 5363 1811 5427; baseline -0.002 -13"><span class='ocrx_word' id='word_1_269' title='bbox 584 5363 600 5414; x_wconf 89' lang='grc'><strong>2</strong></span> <span class='ocrx_word' id='word_1_270' title='bbox 618 5378 667 5415; x_wconf 79' lang='lat' dir='ltr'><strong>our.</strong></span> <span class='ocrx_word' id='word_1_271' title='bbox 685 5363 732 5412; x_wconf 79' lang='lat' dir='ltr'><strong>VM</strong></span> <span class='ocrx_word' id='word_1_272' title='bbox 835 5364 953 5427; x_wconf 64' lang='lat' dir='ltr'><strong>luente</strong></span> <span class='ocrx_word' id='word_1_273' title='bbox 973 5364 1002 5426; x_wconf 89' lang='lat' dir='ltr'><strong>P,</strong></span> <span class='ocrx_word' id='word_1_274' title='bbox 1023 5370 1104 5414; x_wconf 65' lang='lat' dir='ltr'><strong>sente</strong></span> <span class='ocrx_word' id='word_1_275' title='bbox 1123 5363 1159 5425; x_wconf 84' lang='lat' dir='ltr'><strong>u,</strong></span> <span class='ocrx_word' id='word_1_276' title='bbox 1179 5371 1287 5414; x_wconf 68' lang='lat' dir='ltr'><strong>mutate</strong></span> <span class='ocrx_word' id='word_1_277' title='bbox 1308 5366 1330 5413; x_wconf 82' lang='lat' dir='ltr'><strong><em>V</em></strong></span> <span class='ocrx_word' id='word_1_278' title='bbox 1420 5368 1566 5427; x_wconf 47' lang='lat' dir='ltr'><strong>*prouectus</strong></span> <span class='ocrx_word' id='word_1_279' title='bbox 1589 5364 1616 5425; x_wconf 85' lang='lat' dir='ltr'><strong>V,</strong></span> <span class='ocrx_word' id='word_1_280' title='bbox 1637 5367 1764 5427; x_wconf 80' lang='lat' dir='ltr'><strong>perlectus</strong></span> <span class='ocrx_word' id='word_1_281' title='bbox 1785 5363 1811 5411; x_wconf 81' lang='grc' dir='ltr'><em>Μ</em></span> 
     </span>
    </p>

    <p class='ocr_par' dir='ltr' id='par_1_14' title="bbox 499 5447 2120 5599">
     <span class='ocr_line' id='line_1_36' title="bbox 585 5447 2120 5518; baseline -0.004 -17"><span class='ocrx_word' id='word_1_282' title='bbox 585 5450 601 5501; x_wconf 84' lang='lat'><strong>8</strong></span> <span class='ocrx_word' id='word_1_283' title='bbox 618 5464 666 5500; x_wconf 88' lang='lat' dir='ltr'><strong>om.</strong></span> <span class='ocrx_word' id='word_1_284' title='bbox 686 5450 729 5498; x_wconf 79' lang='lat' dir='ltr'><strong>l&#39;F</strong></span> <span class='ocrx_word' id='word_1_285' title='bbox 851 5450 881 5500; x_wconf 85' lang='lat' dir='ltr'><strong>lt)</strong></span> <span class='ocrx_word' id='word_1_286' title='bbox 899 5452 1062 5500; x_wconf 84' lang='lat' dir='ltr'><strong>nutrimentis</strong></span> <span class='ocrx_word' id='word_1_287' title='bbox 1080 5453 1189 5500; x_wconf 76' lang='lat' dir='ltr'><strong>maxims</strong></span> <span class='ocrx_word' id='word_1_288' title='bbox 1212 5452 1232 5498; x_wconf 85' lang='lat' dir='ltr'><em>V</em></span> <span class='ocrx_word' id='word_1_289' title='bbox 1354 5450 1385 5500; x_wconf 86' lang='grc'><strong>12</strong></span> <span class='ocrx_word' id='word_1_290' title='bbox 1403 5447 1509 5518; x_wconf 89' lang='lat' dir='ltr'><strong>credldl]</strong></span> <span class='ocrx_word' id='word_1_291' title='bbox 1526 5447 1631 5518; x_wconf 72' lang='lat' dir='ltr'><strong>eladius(</strong></span> <span class='ocrx_word' id='word_1_292' title='bbox 1647 5451 1671 5499; x_wconf 84' lang='lat' dir='ltr'><strong><em>P</em></strong></span> <span class='ocrx_word' id='word_1_293' title='bbox 1784 5451 1846 5499; x_wconf 87' lang='lat' dir='ltr'><strong>mihi</strong></span> <span class='ocrx_word' id='word_1_294' title='bbox 1865 5456 1926 5499; x_wconf 83' lang='lat' dir='ltr'><strong>tuae</strong></span> <span class='ocrx_word' id='word_1_295' title='bbox 1943 5450 2070 5511; x_wconf 75' lang='lat' dir='ltr'><strong>sospitatis</strong></span> <span class='ocrx_word' id='word_1_296' title='bbox 2093 5449 2120 5507; x_wconf 84' lang='lat' dir='ltr'><strong>V,</strong></span> 
     </span>
     <span class='ocr_line' id='line_1_37' title="bbox 499 5538 1199 5599; baseline 0.003 -13"><span class='ocrx_word' id='word_1_297' title='bbox 499 5545 557 5586; x_wconf 81' lang='lat' dir='ltr'><strong>tuse</strong></span> <span class='ocrx_word' id='word_1_298' title='bbox 575 5538 705 5599; x_wconf 75' lang='lat' dir='ltr'><strong>sospitatis</strong></span> <span class='ocrx_word' id='word_1_299' title='bbox 722 5538 783 5586; x_wconf 89' lang='lat' dir='ltr'><strong>mtht</strong></span> <span class='ocrx_word' id='word_1_300' title='bbox 802 5538 825 5585; x_wconf 78' lang='lat' dir='ltr'><em>F</em></span> <span class='ocrx_word' id='word_1_301' title='bbox 929 5538 958 5586; x_wconf 82' lang='grc'><strong>13</strong></span> <span class='ocrx_word' id='word_1_302' title='bbox 976 5539 1082 5588; x_wconf 73' lang='lat' dir='ltr'><strong>enectus</strong></span> <span class='ocrx_word' id='word_1_303' title='bbox 1102 5538 1150 5585; x_wconf 81' lang='lat' dir='ltr'><strong>Pl</strong></span> <span class='ocrx_word' id='word_1_304' title='bbox 1164 5553 1199 5588; x_wconf 86' lang='lat' dir='ltr'><strong>m.</strong></span> 
     </span>
    </p>

    <p class='ocr_par' dir='ltr' id='par_1_15' title="bbox 499 5617 2122 5774">
     <span class='ocr_line' id='line_1_38' title="bbox 587 5617 2122 5688; baseline -0.003 -15"><span class='ocrx_word' id='word_1_305' title='bbox 587 5622 619 5673; x_wconf 79' lang='lat' dir='ltr'><strong>tt</strong></span> <span class='ocrx_word' id='word_1_306' title='bbox 636 5638 686 5673; x_wconf 88' lang='lat' dir='ltr'><strong>om.</strong></span> <span class='ocrx_word' id='word_1_307' title='bbox 704 5624 733 5685; x_wconf 76' lang='lat' dir='ltr'><strong>V,</strong></span> <span class='ocrx_word' id='word_1_308' title='bbox 752 5623 900 5685; x_wconf 63' lang='lat' dir='ltr'><strong>werpes.</strong></span> <span class='ocrx_word' id='word_1_309' title='bbox 916 5623 984 5673; x_wconf 78' lang='lat' dir='ltr'><strong>laM</strong></span> <span class='ocrx_word' id='word_1_310' title='bbox 1078 5621 1110 5673; x_wconf 82' lang='lat' dir='ltr'><strong>ts</strong></span> <span class='ocrx_word' id='word_1_311' title='bbox 1128 5623 1242 5672; x_wconf 78' lang='lat' dir='ltr'><strong>alteraP</strong></span> <span class='ocrx_word' id='word_1_312' title='bbox 1334 5624 1368 5673; x_wconf 85' lang='grc'><strong>20</strong></span> <span class='ocrx_word' id='word_1_313' title='bbox 1386 5625 1509 5673; x_wconf 79' lang='lat' dir='ltr'><strong>uertasl&#39;</strong></span> <span class='ocrx_word' id='word_1_314' title='bbox 1604 5622 1637 5672; x_wconf 88' lang='grc'><strong>22</strong></span> <span class='ocrx_word' id='word_1_315' title='bbox 1655 5623 1813 5672; x_wconf 77' lang='lat' dir='ltr'><strong>soloPIm.</strong></span> <span class='ocrx_word' id='word_1_316' title='bbox 1833 5622 1853 5668; x_wconf 88' lang='lat' dir='ltr'><strong><em>V</em></strong></span> <span class='ocrx_word' id='word_1_317' title='bbox 1939 5617 2050 5688; x_wconf 69' lang='lat' dir='ltr'><strong>mutum]</strong></span> <span class='ocrx_word' id='word_1_318' title='bbox 2067 5635 2122 5682; x_wconf 80' lang='lat' dir='ltr'><strong>epo,</strong></span> 
     </span>
     <span class='ocr_line' id='line_1_39' title="bbox 499 5709 1158 5774; baseline -0.002 -15"><span class='ocrx_word' id='word_1_319' title='bbox 499 5715 583 5760; x_wconf 67' lang='lat' dir='ltr'><strong>umen</strong></span> <span class='ocrx_word' id='word_1_320' title='bbox 601 5709 649 5757; x_wconf 82' lang='lat' dir='ltr'><strong>PV</strong></span> <span class='ocrx_word' id='word_1_321' title='bbox 749 5709 782 5760; x_wconf 84' lang='grc'><strong>23</strong></span> <span class='ocrx_word' id='word_1_322' title='bbox 800 5711 925 5772; x_wconf 77' lang='lat' dir='ltr'><strong>tuentium</strong></span> <span class='ocrx_word' id='word_1_323' title='bbox 944 5710 973 5774; x_wconf 86' lang='lat' dir='ltr'><strong>P,</strong></span> <span class='ocrx_word' id='word_1_324' title='bbox 993 5713 1116 5760; x_wconf 76' lang='lat' dir='ltr'><strong>tuentium</strong></span> <span class='ocrx_word' id='word_1_325' title='bbox 1138 5709 1158 5758; x_wconf 83' lang='lat' dir='ltr'><strong><em>V</em></strong></span> 
     </span>
    </p>

    <p class='ocr_par' dir='ltr' id='par_1_16' title="bbox 585 5792 1490 5858">
     <span class='ocr_line' id='line_1_40' title="bbox 585 5792 1490 5858; baseline 0 -14"><span class='ocrx_word' id='word_1_326' title='bbox 585 5793 754 5845; x_wconf 69' lang='lat' dir='ltr'><strong>nomam</strong></span> <span class='ocrx_word' id='word_1_327' title='bbox 855 5792 990 5845; x_wconf 75' lang='lat' dir='ltr'><strong>28eo⁰V</strong></span> <span class='ocrx_word' id='word_1_328' title='bbox 1091 5793 1490 5858; x_wconf 78' lang='lat' dir='ltr'><strong>29aequisP1m.‚equlsV</strong></span> 
     </span>
    </p>
   </div>
   <div class='ocr_carea' id='block_1_14' title="bbox 0 0 2375 6468">
    <p class='ocr_par' dir='ltr' id='par_1_17' title="bbox 0 0 2375 6468">
     <span class='ocr_line' id='line_1_41' title="bbox 0 0 2375 6468; baseline 0 0"><span class='ocrx_word' id='word_1_329' title='bbox 0 0 2375 6468; x_wconf 95' lang='lat' dir='ltr'><strong> </strong></span> 
     </span>
    </p>
   </div>
  </div>
 </body>
</html>
