4744 6476
497 485 560 546 276
1096 480 1293 537 Sinnacen
1311 479 1522 536 EPISTVLAE

442 675 479 734 Π
499 679 573 737 tuae
595 671 760 755 religionis
782 671 904 737 auxilio
926 691 1043 736 novum
1066 670 1247 754 exemplum
1271 688 1366 753 posse
1388 670 1543 734 removeri
1566 670 1599 733 in
1622 689 1661 734 ea
1685 670 1872 753 praesertim
1896 689 2012 753 causa,
2038 691 2121 753 quac

453 778 554 839 inos
585 774 654 839 iure
683 794 747 837 non
776 774 920 858 inplicat.
967 779 1138 839 teneantur
1167 772 1273 856 potius
1297 773 1365 838 veri
1388 773 1482 837 huius
1504 773 1588 838 tituli
1612 773 1787 839 debitores:
1821 780 1910 839 extat
1933 780 2026 840 vetus
2048 794 2120 858 pro

496 877 593 942 sessio
616 876 812 960 Campaniae
842 876 1037 953 consularis,
1072 882 1182 941 extant
1198 884 1283 966 acta
1312 876 1399 958 apud
1429 876 1598 941 Etruscum
1628 876 1774 942 confecta
1802 883 1970 955 rectorem,
2004 875 2120 959 quibus

495 978 627 1045 docetur
648 980 774 1045 exactio
796 979 954 1064 promissa
976 979 1180 1061 reliquorum.
1221 986 1370 1063 parcatur
1390 978 1540 1055 innoxiis,
1568 1000 1608 1044 ne
1623 979 1656 1043 in
1672 998 1793 1055 omnes,
1820 979 1874 1061 qui
1891 978 2119 1064 rempublicam
2225 1032 2228 1041 .

495 1089 623 1161 curant,
655 1081 809 1148 Inusitata
838 1082 939 1147 forma
969 1080 1130 1166 procedat.
1179 1081 1326 1147 convenit
1354 1082 1484 1147 saeculo
1517 1083 1592 1165 [tuol
1624 1082 1686 1147 ista
1715 1081 1853 1162 iustitia,
1886 1081 1978 1147 cuius
2008 1081 2151 1147 existi-a

496 1185 593 1250 matio
616 1186 730 1250 vestris
753 1184 896 1250 consiliis
918 1184 1016 1249 debet
1037 1184 1152 1249 ornari.
1202 1185 1286 1250 vale.

964 1406 1033 1471 cm
1055 1406 1230 1487 (cxxxn.
1249 1407 1382 1488 oxxm
1416 1429 1447 1472 a.
1467 1411 1646 1471 aas-roo.

1063 1544 1323 1609 sunnnonvs
1348 1544 1549 1610 nououro.

581 1702 721 1768 Meretur
749 1700 789 1766 de
820 1700 985 1785 praeclaro
1008 1699 1114 1763 animo
1136 1706 1192 1763 tuo
1215 1699 1323 1764 votiva
1345 1719 1444 1764 eausa
1466 1700 1667 1784 suffragium.
1714 1701 1900 1785 †praetoria
1923 1701 2040 1766 donum
2064 1721 2121 1765 no-

495 1824 569 1868 vum
600 1804 660 1869 deo
688 1805 818 1869 iuvante
846 1809 1007 1887 expectat,
1041 1802 1074 1866 in
1102 1822 1164 1884 qua
1194 1822 1245 1867 me
1274 1802 1462 1868 crocodillos
1491 1810 1524 1869 et
1545 1804 1698 1888 pleraque
1721 1804 1892 1889 peregriua
1915 1803 2041 1869 civibus
2064 1824 2120 1869 ex·
2141 1824 2167 1863 ιο

497 1907 606 1972 hibere
634 1914 666 1972 et
695 1907 829 1971 aliorum
860 1907 1026 1972 hortantur
1055 1905 1204 1989 exempla
1234 1912 1266 1970 et
1291 1906 1419 1990 propria
1442 1906 1595 1990 conpellit
1615 1907 1812 1975 animositas.
1859 1927 1960 1990 quare
1983 1906 2119 1971 amicum

495 2031 601 2075 meum
631 2009 801 2093 cyriacum
835 2009 973 2093 henigne
1006 2008 1039 2073 in
1073 2028 1181 2073 curam
1211 2016 1299 2073 tuam
1329 2008 1463 2091 dignare
1493 2009 1673 2093 suscipere,
1713 2017 1747 2075 ut
1774 2010 1895 2093 plucita
1923 2015 2116 2095 promoveat.

496 2112 631 2178 habebis
652 2112 687 2177 in
709 2119 870 2197 posterum
893 2120 1002 2178 tantae
1025 2111 1150 2195 gratiae
1174 2131 1237 2177 non
1260 2110 1466 2179 inmemorem
1490 2111 1676 2179 debitorem.

936 2334 1023 2399 cmi
1048 2334 1241 2417 (cmm.
1260 2335 1413 2417 oxxuu
1446 2355 1477 2399 a.
1496 2337 1677 2401 aus-401.

581 2489 674 2569 Quod
697 2488 827 2570 scribis,
854 2489 1053 2556 voluntariae
1075 2489 1284 2571 benignitatis
1307 2495 1374 2569 est,
1406 2489 1491 2571 quod
1513 2510 1601 2569 sero,
1635 2509 1798 2567 curarum3
1832 2509 1891 2555 nos
1914 2498 2020 2556 antem
2046 2491 2122 2556 reli·
2144 2512 2170 2552 u

495 2593 624 2677 gionem
654 2592 776 2658 meritis
805 2592 869 2658 tuis
899 2592 1041 2658 debitam
1072 2599 1105 2657 et
1133 2593 1231 2657 chum
1260 2598 1402 2657 nostrum
1433 2591 1500 2657 stili
1530 2591 1727 2658 adsiduitate
1755 2599 1922 2658 testamur.
1968 2592 2121 2658 Euscium

495 2703 637 2762 nostrum
671 2696 918 2761 circumsessum
953 2695 1136 2761 domesticis
1168 2695 1307 2779 negotiis
1340 2694 1457 2760 deduci
1486 2696 1520 2761 in
1549 2695 1736 2779 obsequium
1767 2704 1855 2762 tuum
1885 2696 2052 2781 praecipe,
2091 2703 2124 2763 et

495 2820 579 2881 quae
601 2800 635 2864 in
658 2820 763 2865 meam
786 2798 930 2864 notitiam
954 2798 1117 2883 pertulisti
1139 2798 1180 2864 de
1201 2797 1390 2864 instruenda
1412 2796 1552 2865 editione
1575 2797 1732 2878 ludorum,
1757 2799 1820 2884 ipsi
1842 2798 2044 2865 familiariter
2066 2820 2124 2864 cu-

496 2902 598 2969 randa
619 2901 790 2968 committe.
838 2902 922 2966 vale.

967 3123 1069 3190 omn
1090 3124 1300 3205 commun.
1320 3125 1487 3207 oxxmp
1522 3146 1552 3190 a.
1573 3129 1645 3191 aar.
2141 3146 2170 3188 io

582 3278 766 3364 Sportulam
797 3279 982 3344 consulatus
1005 3280 1068 3345 mei
1091 3286 1123 3345 et
1145 3280 1307 3346 amicitiae
1329 3287 1457 3346 nostrae
1481 3287 1513 3345 et
1536 3280 1645 3344 honon‘
1667 3286 1722 3346 tuo
1745 3280 1859 3345 debeo.
1909 3279 1991 3345 hano
2012 3279 2047 3344 in
2070 3300 2123 3345 so·

494 3382 561 3448 lide
591 3403 654 3448 uno
682 3380 725 3447 ad
755 3390 787 3448 te
817 3381 890 3447 misi
919 3401 1032 3455 orans,
1065 3389 1100 3447 ut
1129 3383 1269 3465 benigno
1295 3384 1401 3448 animo
1424 3383 1595 3449 sollemnia
1616 3382 1713 3448 officii
1735 3382 1798 3448 mei
1821 3382 1998 3448 libamenta
2019 3383 2122 3449 susci-

495 3485 578 3571 pias.
626 3486 712 3551 vale.

1153 3661 1461 3669 ———-.—..-—

1089 3891 1250 3988 IIBER
1285 3890 1529 3990 DEOIMVS

595 4120 889 4201 CONTINENS
916 4120 1199 4197 EPISTVLAS
1225 4120 1541 4197 FAMILIARES
1569 4122 1638 4196 AD
1666 4122 2029 4198 IMPERATORES
2139 4157 2169 4198 aa

766 4275 1091 4353 SENTENTIAS
1120 4275 1443 4353 SENATORIAS
1471 4277 1541 4352 ET
1568 4275 1848 4354 OPVSOVLA.

1167 4482 1181 4546 1
1211 4503 1241 4548 a.
1264 4484 1447 4546 375-376.

941 4620 1201 4686 SYMMAOHVS
1223 4619 1468 4686 THEODOSIO
1492 4618 1674 4685 SENIORI.

581 4774 651 4839 Etsi
674 4774 751 4856 scio,
779 4794 851 4841 esse
874 4774 982 4841 vianti
1006 4782 1176 4858 cognatum
1200 4774 1363 4858 pudorem,
1390 4773 1573 4840 desideravi
1597 4775 1758 4839 tamenin
1782 4775 1898 4840 litteris
1920 4775 2121 4840 celsitudinis

495 4886 570 4944 tuae
593 4878 718 4963 copiam
742 4879 952 4944 maximarum
976 4899 1079 4944 rerum
1104 4878 1226 4960 gloriae
1249 4883 1492 4960 congruentem
1527 4878 1628 4961 primo
1650 4877 1737 4959 quod
1759 4877 1901 4943 amicitia
1923 4878 2118 4963 postulabat,
2141 4898 2170 4938 ao

496 4989 530 5047 ut
552 4981 638 5066 apud
661 4988 822 5047 amantem
844 4982 891 5046 tui
913 5002 1052 5048 naevum
1075 4981 1247 5046 iactantiae
1269 5001 1332 5045 non
1355 4980 1496 5059 timeres,
1524 4979 1641 5044 dehinc
1663 4980 1747 5061 quod
1769 5000 1871 5064 aeque
1894 5002 1991 5046 manu
2013 4986 2046 5046 et
2068 5001 2121 5047 ore

582 5259 597 5308 b
616 5265 659 5309 tuo
676 5264 748 5308 uncis
766 5261 855 5308 inclusi

581 5345 596 5393 8
615 5359 663 5393 om.
682 5345 726 5408 (Γ)
833 5348 849 5395 9
866 5348 991 5407 praetoria
1002 5348 1095 5394 donum
1109 5342 1212 5411 nouum]
1226 5346 1264 5407 Π,
1277 5352 1395 5406 praetura
1408 5344 1515 5404 Lectius,
1530 5343 1630 5392 domum
1642 5350 1751 5392 nostram
1763 5344 1817 5393 cod.
1831 5344 1925 5392 Pttboar'
2026 5344 2052 5393 ll
2074 5348 2121 5392 im·

495 5430 632 5494 pellitis)
743 5431 773 5480 12
791 5428 934 5497 cyriacum]
951 5432 1004 5481 cod.
1026 5432 1129 5493 Pitheci,
1150 5433 1274 5491 tyriacum
1297 5431 1347 5491 llll
1456 5426 1557 5495 piacita]
1574 5443 1625 5491 epo,
1645 5431 1724 5479 incita
1743 5431 1773 5478 Π

581 5517 683 5567 24-26
701 5518 730 5575 Q.
746 5518 845 5567 Aurelii
858 5518 1000 5577 Symmachi
1018 5519 1179 5580 cpistolarum
1196 5518 1240 5567 lib.
1256 5531 1281 5565 x.
1313 5519 1445 5566 continens
1463 5516 1582 5578 epistolas
1599 5517 1735 5564 familiares
1747 5517 1776 5563 ad
1790 5517 1963 5580 Imperatores,
1984 5518 2122 5566 sententias

495 5604 637 5651 Serratorics
656 5610 682 5652 et
699 5604 833 5664 opuscula:
855 5604 939 5652 editum
958 5610 1015 5667 posi
1034 5605 1088 5652 cius
1106 5605 1201 5652 obitum
1215 5618 1228 5651 a
1242 5604 1270 5661 O.
1288 5603 1375 5651 Flauio
1387 5603 1503 5650 Memmio
1515 5586 1725 5661 symmetro'v'd.
1750 5602 1802 5659 (Π)
1909 5601 1942 5652 28
1961 5593 2122 5662 simmachus

495 5688 634 5737 Theodosio
651 5683 755 5753 scotori]
776 5689 838 5748 (Π),
862 5702 909 5739 om.
932 5690 954 5736 F
1074 5689 1106 5737 29
1125 5691 1214 5738 uirtuti
1233 5703 1289 5738 esse
1309 5687 1345 5735 F³
1467 5689 1500 5739 30
1520 5684 1597 5754 qnod]
1615 5688 1717 5751 quidem
1737 5686 1774 5734 F²
1896 5686 1925 5736 si
1947 5701 2041 5736 nouum
2061 5688 2093 5736 Π

495 5775 631 5821 lactantum
649 5771 688 5820 ΡΒ
791 5772 893 5842 dehiuc]
911 5776 944 5823 de
962 5789 1002 5823 me
1021 5772 1057 5822 Fi
1160 5772 1212 5841 ore]
1230 5777 1339 5824 oratione
1359 5773 1397 5821 F³
