4736 6478
1103 446 1298 502 SYMMACHI
1317 445 1528 503 EPISTVLAE

1252 807 1376 872 XXIII.

374 967 488 1031 PVM
1144 963 1203 1026 AD
1225 962 1487 1027 PROTADIVM.

589 1138 779 1206 Observatio
802 1136 961 1220 quaedam
984 1155 1036 1200 me
1058 1135 1224 1215 hucusque
1248 1133 1427 1215 cohibebat,
1453 1154 1494 1199 ne
1516 1134 1640 1200 litteras
1663 1134 1785 1220 primus
1806 1135 1998 1201 emitterem
2046 1134 2132 1200 hunc

502 1242 587 1308 enim
616 1262 735 1307 morem
762 1239 922 1323 quaedam
952 1237 1107 1303 Institutio
1135 1243 1264 1302 vetusta
1293 1236 1473 1317 constituit,
1505 1243 1541 1301 ιιι
1569 1256 1679 1302 eorum
1708 1245 1784 1304 ante
1814 1246 1956 1304 recurrat
1985 1238 2128 1322 adfatus,

502 1365 582 1431 quos
611 1367 632 1411 a
660 1343 786 1430 proprio
815 1342 883 1408 lare
914 1341 1129 1426 peregrinatio
1158 1340 1256 1423 longa
1285 1338 1497 1405 disterminat.
1544 1359 1606 1423 ago
1636 1341 1735 1424 igitur
1762 1349 1858 1425 atque
1888 1342 1993 1407 habeo
2017 1322 2170 1408 uberes⁵

503 1448 638 1531 gratias,
673 1445 757 1530 quod
780 1451 812 1510 et
834 1452 865 1511 te
889 1445 1043 1528 languore
1065 1444 1210 1510 discusso
1232 1442 1351 1509 rectius
1381 1444 1492 1508 valere
1524 1444 1676 1526 cognovi,
1709 1451 1742 1510 et
1763 1443 1839 1510 orchi
1862 1445 1905 1510 ad
1928 1444 2132 1511 scribendum

462 1551 517 1611 2
505 1571 633 1616 canuam
656 1547 891 1633 quodammodo
912 1547 1068 1629 intellego
1092 1566 1164 1611 esse
1187 1552 1373 1612 reseratam.
1413 1566 1470 1631 pro
1492 1565 1558 1628 qua
1572 1566 1607 1611 re
1622 1547 1771 1612 meliores
1786 1547 1845 1613 tibi
1860 1554 1935 1632 opto
1950 1568 2131 1632 processus.

503 1674 577 1718 nam
601 1652 660 1717 etsi
684 1650 859 1717 secundum
881 1669 986 1715 mores
1008 1669 1047 1714 ao
1069 1650 1196 1715 natales
1218 1657 1290 1715 tuos
1312 1650 1468 1714 honorum
1494 1649 1621 1715 culmen
1634 1649 1787 1734 indeptus
1802 1670 1848 1733 es,
1875 1651 2010 1717 necdum
2027 1658 2136 1716 tamen

504 1755 680 1840 perfectum
702 1754 880 1839 praemium
903 1752 1107 1836 debitamque
1129 1753 1311 1818 mercedem
1334 1754 1391 1818 tibi
1410 1752 1539 1817 fortuna
1561 1752 1708 1836 restitnit,
1736 1774 1819 1836 quae
1842 1754 1904 1819 etsi
1922 1754 1954 1818 in
1969 1762 2001 1819 te
2016 1775 2191 1875 magna¹⁰

504 1857 689 1938 contulerit,
714 1877 886 1939 numquam
909 1863 1017 1921 tamen
1040 1855 1193 1938 aequabit
1215 1856 1364 1921 meritum
1387 1861 1490 1921 tuum.
1537 1875 1621 1920 nune
1643 1856 1740 1921 redeo
1762 1855 1806 1921 ad
1828 1857 1928 1923 verba
1950 1836 2191 1939 sollemnia,¹⁰

504 1961 622 2044 quibus
643 1960 702 2025 tibi
725 1958 928 2024 salutationis
951 1957 1092 2023 officium
1115 1957 1156 2024 de
1179 1980 1265 2025 more
1288 1959 1476 2044 persolvens
1500 1966 1643 2024 mutuum
1672 1979 1787 2025 munus
1810 1979 1960 2044 exposco.
2007 1960 2137 2025 intelle-

504 2065 555 2148 gis
578 2065 662 2129 enim
687 2062 907 2128 vicissitudine
930 2061 1137 2127 scribentium
1164 2062 1287 2127 animos
1310 2062 1447 2128 incitari.

1131 2422 1263 2487 XXIIII
1292 2430 1367 2489 ante
1382 2444 1413 2488 ιι.
1433 2426 1508 2488 395.

1149 2577 1207 2642 AD
1230 2577 1492 2644 PROTADIVM.

593 2753 712 2817 Extant
734 2751 767 2816 in
789 2751 1003 2816 monumentis
1026 2750 1235 2816 Sallustianis
1258 2749 1402 2816 Africani
1425 2751 1570 2833 litterae,
1597 2772 1679 2835 quas
1702 2751 1860 2835 Iugurtha
1881 2761 1955 2837 post
1975 2754 2138 2820 excidium
2161 2735 2192 2775 ¹⁵

508 2854 739 2920 Numantinum
768 2860 868 2920 testes
898 2854 941 2919 ad
963 2853 1131 2938 Micipsam
1161 2853 1286 2919 decoris
1317 2854 1368 2918 sui
1395 2855 1536 2939 pertulit.
1584 2855 1643 2921 has
1674 2875 1733 2938 ego
1762 2855 1797 2920 in
1826 2857 2010 2940 praesentia
2032 2857 2141 2923 fratris

507 2958 608 3023 nostri
630 2956 806 3022 Florentini
829 2956 957 3022 nomine
979 2956 1022 3021 ad
1045 2956 1178 3021 verbum
1202 2956 1406 3022 mandandas
1429 2958 1558 3042 paginis
1582 2964 1667 3043 puto,
1695 2960 1772 3041 quia
1794 2967 1829 3024 ut
1844 2961 1939 3025 ambo
1953 2960 1987 3025 in
2002 2961 2141 3044 negotiis

467 3061 577 3128 2suis
599 3061 670 3144 pari
693 3061 797 3143 gloria
818 3059 1065 3144 splenduerunt,
1092 3059 1138 3124 ita
1159 3060 1325 3143 utriusque
1348 3061 1456 3127 virtuti
1478 3061 1601 3127 idemt
1587 3061 1762 3127 testimonii
1784 3062 1885 3129 bonor
1906 3064 2063 3147 congruit.
2109 3071 2143 3130 et

506 3163 599 3233 illum
631 3162 762 3246 quidem
790 3163 899 3248 Scipio
929 3162 999 3247 regi
1021 3162 1183 3228 Numidae
1212 3163 1324 3229 volens
1356 3163 1512 3230 reddidit.
1545 3185 1604 3231 nos
1631 3164 1723 3230 inviti
1751 3172 1838 3231 tanto
1868 3174 2055 3232 ornamento
2083 3166 2141 3233 tibi

508 3266 663 3333 cedimus
711 3266 877 3333 latendum
906 3267 1025 3352 quippe
1056 3273 1123 3349 est,
1155 3267 1190 3332 in
1222 3267 1360 3350 gratiam
1383 3274 1470 3332 tuam
1494 3268 1631 3351 factum,
1663 3275 1699 3333 ut
1720 3269 1806 3334 bunc
1831 3270 1921 3335 abire
1942 3277 2138 3355 pateremur.

508 3369 549 3436 de
572 3389 634 3452 mo,
660 3369 688 3434 si
710 3369 787 3454 quid
803 3390 859 3455 pro
876 3369 1019 3435 amicitia
1033 3370 1179 3454 postulas
1194 3370 1330 3452 edoceri,
1356 3370 1418 3436 erit
1433 3371 1650 3453 quaesitorum
1666 3372 1776 3453 index,
1803 3372 1858 3454 qui
1874 3391 1980 3438 rerum
1995 3392 2139 3437 mearum

508 3472 628 3537 arbiter
656 3472 728 3538 fuit.
775 3480 899 3539 tantum
928 3472 1014 3558 epist
1000 3473 1087 3539 tulae
1117 3494 1209 3539 meae
1240 3472 1352 3555 crede,
1386 3474 1472 3556 quod
1502 3475 1630 3541 valeam
1659 3474 1769 3556 tuique
1797 3473 1997 3559 diligentiam
2020 3475 2135 3556 colam,

508 3596 604 3658 quam
627 3575 706 3640 mihi
729 3575 771 3642 de
792 3584 825 3643 te
846 3576 986 3643 invicem
1008 3576 1090 3642 fides
1113 3577 1243 3642 aemula
1264 3576 1446 3661 pollicetur.

2164 3247 2196 3292 2⁰

1274 3938 1378 4004 XXV.
1518 4037 1522 4045 '

1155 4093 1213 4157 ΑΙ)
1236 4093 1496 4160 PRO'I'ADIVM.
2162 4113 2194 4156 nr

598 4263 789 4329 Desiderari
818 4262 942 4329 litteras
963 4270 1044 4349 tuas
1073 4263 1321 4332 adventantibus
1351 4266 1476 4348 multis,
1509 4286 1589 4351 quos
1619 4267 1697 4333 mihi
1727 4287 1904 4333 sermonem
1934 4275 2022 4335 tunm
2046 4291 2143 4355 prae-

513 4386 713 4452 sumpseram
741 4365 924 4432 tradituros.
972 4366 1032 4432 sed
1061 4367 1116 4432 ubi
1139 4368 1393 4451 expectationem
1416 4390 1521 4435 meam
1544 4388 1619 4454 spes
1641 4370 1706 4436 ista
1728 4370 1881 4436 frustrata
1903 4377 1970 4451 est,
2003 4373 2087 4439 ultro
2109 4380 2143 4440 te

512 4470 644 4553 adloqui
665 4469 783 4553 studui,
810 4476 845 4534 ut
865 4475 897 4534 te
920 4470 1069 4554 exemplo
1092 4470 1190 4536 officii
1212 4471 1255 4536 ad
1278 4491 1386 4537 curam
1410 4472 1547 4538 similem
1571 4492 1789 4557 provocarem.
1830 4494 1950 4558 quaeso
1964 4475 2073 4559 igitur,
2099 4498 2142 4544 ne
2198 4494 2201 4498 ·

514 4573 673 4638 amicitiae
696 4574 806 4638 munla
828 4571 948 4657 frigere
970 4573 1123 4658 patiaris,
1158 4595 1240 4657 quae
1263 4575 1457 4659 inpatienter
1484 4576 1626 4659 requiro,
1661 4576 1736 4642 licet
1765 4577 1907 4642 noverim
1938 4577 2142 4662 diligentiam

514 4675 600 4741 circa
620 4695 672 4740 me
695 4682 794 4758 tuam,
821 4675 918 4741 etiam
941 4696 1012 4741 cum
1035 4677 1145 4762 scripti
1167 4678 1333 4745 abstinens
1357 4678 1412 4759 sis,
1439 4679 1502 4745 fido
1525 4679 1633 4745 animo
1655 4679 1823 4746 contineri.
2163 4702 2194 4741 ao

604 4884 635 4934 15
653 4880 722 4937 Sall.
742 4883 803 4951 lug.
823 4884 849 4937 9.

603 5212 686 5262 lom.
707 5212 736 5260 Μ
847 5211 978 5274 blangore
1000 5211 1021 5259 Ρ
1123 5210 1197 5280 mibi]
1219 5214 1320 5277 Mereor,
1341 5216 1380 5265 hia
1399 5215 1501 5265 PVMF
1498 5215 1522 5265 Φ
1635 5219 1648 5265 'l
1669 5214 1783 5284 lennem]
1800 5232 1851 5281 epo,
1873 5233 1974 5267 manum
1992 5219 2051 5279 ΡΜ,
2073 5235 2145 5283 mag-

517 5314 577 5349 uom
601 5299 622 5347 V
724 5292 796 5364 Bac]
814 5306 840 5346 at
863 5299 910 5346 VM
1011 5300 1117 5362 adeptus
1143 5300 1162 5348 ι’
1263 5299 1356 5370 9ιιιι]
1375 5301 1410 5365 Μ,
1431 5308 1474 5351 tna
1492 5303 1539 5351 PV
1642 5302 1673 5353 lo
1692 5304 1823 5353 sollemnia
1844 5305 1895 5366 (ula
1913 5307 1941 5354 ln
1957 5320 2008 5354 ros.
2029 5307 2101 5367 lm.)
2124 5307 2148 5355 P

606 5384 637 5433 ld
655 5385 686 5432 ad
704 5370 792 5447 protad
812 5384 839 5445 V,
860 5398 908 5432 om.
925 5384 954 5432 Μ
1084 5384 1114 5434 15
1132 5387 1278 5437 salustianis
1295 5390 1408 5437 affricani
1432 5389 1459 5449 V,
1479 5390 1642 5439 adutaclonls
1659 5391 1772 5439 affrloanl
1791 5390 1820 5438 Μ
1948 5391 1978 5440 ιι
1996 5393 2102 5454 pagium
2128 5394 2146 5440 V

520 5473 550 5523 18
569 5473 671 5536 gloriam
688 5472 827 5520 induerunt
846 5470 869 5517 P
972 5470 1003 5520 19
1023 5472 1109 5520 uolens
1129 5474 1154 5535 (ιι
1174 5476 1201 5522 ιιι
1217 5476 1279 5536 ros.)
1301 5474 1324 5521 P
1425 5475 1455 5524 21
1477 5478 1612 5538 quaesitori
1635 5475 1684 5524 VM

604 5559 636 5607 25
655 5559 685 5606 ιι
703 5544 792 5621 proni
815 5556 840 5618 v,
860 5570 909 5606 om.
926 5555 977 5604 ur
1078 5557 1111 5608 aa
1129 5561 1244 5622 exempla
1261 5562 1377 5609 aeneam
1397 5563 1439 5610 uer
1457 5562 1573 5611 orator
1615 5592 1618 5597 ψ
1676 5561 1709 5611 ao
1727 5564 1784 5612 una
1802 5562 1861 5611 aaa.
1883 5563 1932 5611 vn
