4744 6476
494 458 556 520 320
1098 450 1293 508 SYnnncm
1312 453 1525 508 onanlonns

450 648 469 707 6
579 643 699 727 Ecquis
729 650 778 709 est
803 648 909 708 motus
931 641 1108 707 animorum
1131 641 1183 708 vel
1207 641 1284 707 ordo
1306 642 1454 721 vivendi,
1488 642 1543 726 qui
1565 662 1622 727 pro
1644 642 1865 708 vicissitudine
1887 650 2065 728 temporum
2088 651 2120 709 et

493 746 668 812 mutatione
698 765 867 812 causarum
895 765 958 810 non
981 745 1154 827 aliquando
1176 744 1268 809 varia
1289 744 1460 811 iactatione
1483 745 1668 827 quatiatur?
1711 745 1823 812 Fuerit
1844 745 1962 828 aliquis
1984 746 2018 811 in
2040 766 2118 830 pace

491 850 660 929 iucundus,
688 849 746 915 sed
768 849 855 914 idem
877 849 975 915 rebus
997 848 1133 933 trepidis
1156 868 1268 933 parum
1292 848 1389 928 felix3
1416 848 1501 914 hunc
1522 848 1687 914 timuerint
1709 848 1845 931 factiosi,
1872 849 1931 915 sed
1953 849 2119 935 despectui

491 919 634 1019 hibuere
663 953 855 1031 concordes3
890 954 975 1018 huno
996 951 1181 1017 violandum
1213 972 1306 1017 nemo
1330 951 1484 1035 credidit,
1517 973 1581 1017 uon
1612 959 1720 1017 tamen
1750 953 1848 1018 etiam
1879 952 2118 1019 sublimandum

491 1056 609 1139 aliquis
641 1056 841 1133 aestimavit;
876 1055 926 1120 illi
948 1055 1100 1121 honorem
1123 1054 1247 1137 regium
1271 1055 1414 1121 decrevit
1436 1054 1614 1136 exercitus,
1649 1056 1707 1120 sed
1730 1056 1817 1121 idem
1840 1056 1933 1122 latuit
1955 1063 2030 1121 ante
2052 1055 2118 1140 pri-
2137 1082 2149 1119 1

491 1167 602 1225 vatus:
629 1167 661 1225 te
685 1180 782 1224 unum
805 1158 919 1224 timent
940 1158 1093 1238 rebelles,
1120 1158 1246 1239 eligunt
1266 1156 1466 1239 iudicantes,
1491 1178 1586 1240 quem
1609 1179 1703 1224 nemo
1725 1159 1835 1224 audax
1858 1159 1890 1223 in
1914 1159 2021 1224 lurore
2044 1178 2118 1224 con-

489 1262 638 1347 tempsit,
663 1282 757 1328 nemo
781 1263 945 1327 consultus
967 1260 1001 1326 in
1023 1260 1143 1326 honore
1165 1260 1339 1344 praeteriit.
1387 1261 1463 1343 quid
1486 1261 1638 1342 interest,
1666 1261 1793 1328 saeviat
1813 1262 1909 1327 miles
1929 1283 1971 1327 an
1994 1261 2119 1346 sapiatl

491 1366 545 1431 ubi
567 1361 623 1431 ira
638 1372 697 1447 est,
724 1373 759 1430 tu
782 1367 872 1430 solus
895 1364 1025 1443 evadis;
1052 1364 1107 1430 ubi
1130 1363 1296 1428 consilium
1320 1371 1379 1444 est,
1406 1370 1441 1429 tu
1464 1365 1551 1429 solus
1574 1365 1716 1448 eligeris.

449 1473 467 1531 7
579 1469 710 1552 Vrgeor,
738 1469 884 1552 Auguste
906 1468 1119 1546 venerabilis,
1150 1473 1186 1532 ut
1206 1466 1286 1531 milri
1307 1474 1469 1550 tamquam
1493 1467 1624 1549 aliquod
1645 1470 1755 1535 lumen
1778 1475 1935 1534 astrorum
1957 1475 2030 1553 post
2052 1469 2117 1553 pri-

488 1578 580 1638 vatas
610 1571 745 1637 exuvias
771 1571 836 1636 iam
859 1578 1056 1655 purpuratus
1079 1570 1112 1635 in
1135 1570 1278 1636 oratione
1301 1570 1457 1635 nascaris.
1504 1571 1607 1637 sentio
1630 1571 1759 1638 divinae
1783 1572 1865 1637 lucis
1886 1571 2051 1652 adflatum,
2084 1578 2118 1635 ut
2138 1597 2164 1635 11

489 1674 589 1741 ferme
618 1674 761 1756 adsolet,
796 1694 868 1739 cum
896 1674 990 1739 iubar
1011 1673 1130 1739 emicat
1150 1679 1184 1739 et
1205 1672 1315 1737 mnndi
1338 1672 1489 1757 splendor
1510 1674 1661 1759 aperitur.
1687 1676 1699 1759 ΙΙ
1722 1691 1772 1737 ant
1789 1699 1852 1736 eum
1870 1684 1940 1738 solis
1958 1688 2118 1750 emergente

488 1801 614 1854 purpura
632 1786 763 1840 arborem
782 1785 862 1839 ducit
879 1800 981 1839 111111
1003 1775 1016 1859 ΙΙ
1041 1775 1171 1841 tandem
1202 1784 1335 1859 rogatus
1357 1795 1490 1841 exorere
1512 1776 1610 1842 sideri
1632 1798 1714 1843 novo
1737 1777 1871 1861 similis,
1903 1777 1989 1859 quod
2011 1776 2045 1841 in
2067 1797 2118 1842 re-

488 1879 598 1945 diviva
627 1880 693 1944 diei
722 1880 916 1964 erumpentis
945 1878 1054 1944 officia
1083 1878 1247 1963 perfusum
1278 1877 1378 1942 sacris
1410 1879 1506 1944 undis
1531 1880 1660 1945 adtollit
1681 1885 1833 1947 oceanus!
1882 1880 2036 1964 procedat
2057 1878 2117 1943 im·

364 1982 787 2067 11111111111111111111
817 1981 964 2067 insiglnis
993 1981 1061 2047 suis
1089 1981 1187 2047 armis
1216 1988 1291 2046 ante
1319 2002 1415 2065 qnam
1445 1982 1602 2066 publicis,
1636 2003 1711 2048 nam
1741 2002 1869 2067 semper
1897 1983 2029 2063 enituit,
2063 1983 2118 2065 qui

487 2085 636 2150 electioni
657 2085 798 2150 omnium
820 2087 908 2151 solus
930 2083 1077 2149 occurrit.
1123 2085 1220 2168 galea
1243 2084 1443 2167 diademate,
1470 2085 1605 2169 sceptris
1628 2085 1694 2169 pila
1716 2093 1891 2151 mutentur:
1919 2087 1932 2169 ΙΙ
1953 2095 2117 2162 11111111-
2136 2111 2163 2150 11

488 2196 572 2249 mium
592 2194 658 2250 ferri
677 2196 774 2251 labore
792 2197 918 2251 meruisti
945 2187 957 2272 ΙΙ
979 2186 1062 2253 haec
1084 2187 1117 2251 iu
1139 2194 1170 2252 te
1193 2187 1310 2252 mutari
1332 2189 1403 2254 sola
1424 2194 1605 2272 potuerunt,
1631 2209 1705 2253 uam
1729 2188 1815 2271 quod
1838 2195 1964 2274 spectat
1985 2188 2027 2253 ad
2049 2209 2117 2253 mo-

489 2309 551 2371 res,
577 2310 675 2355 unum
699 2290 759 2356 boc
781 2289 839 2355 tibi
862 2290 989 2355 fortuna
1012 2289 1147 2373 addidit,
1173 2296 1209 2355 ut
1230 2291 1325 2373 plura
1346 2310 1486 2356 curares.

448 2396 466 2457 8
574 2393 768 2459 Excesserat
796 2392 891 2458 divus
920 2393 1072 2459 Iovianus
1102 2413 1121 2459 e
1150 2393 1244 2459 terris
1274 2388 1323 2459 ao⁴
1343 2413 1378 2458 se
1408 2394 1570 2478 inproviso
1600 2394 1663 2460 fine
1694 2395 1905 2461 subtraxerat.
1958 2403 2115 2461 maestum

486 2496 626 2562 omnium
641 2503 774 2581 repente
788 2496 956 2577 iustitium,
983 2516 1042 2562 nec
1065 2496 1143 2577 ulla,
1171 2503 1206 2561 ut
1227 2495 1362 2577 adsolet,
1389 2517 1553 2561 murmura
1574 2495 1759 2561 factionum.
1799 2497 1948 2561 cessabat
1962 2497 2113 2579 ambitus,

486 2600 562 2683 quia
590 2600 708 2685 dignus
738 2599 879 2666 extabat.
927 2598 1038 2680 ecquis
1067 2598 1284 2664 miraturnon
1306 2598 1382 2664 ilico
1404 2599 1491 2664 inte
1514 2618 1668 2664 conversa
1691 2599 1869 2680 suffragia?
1912 2601 2003 2665 nulla
2018 2620 2117 2666 causa
2135 2625 2163 2665 11

486 2703 679 2789 properandi
701 2710 761 2784 est,
787 2702 843 2768 ubi
865 2722 928 2767 non
951 2708 1000 2768 est
1023 2709 1173 2787 suspecta
1196 2701 1319 2784 dilatio,
1353 2708 1386 2767 et
1407 2722 1504 2788 saepe
1527 2702 1641 2767 minuit
1663 2703 1738 2768 boni
1761 2702 1838 2767 facti
1860 2703 2001 2785 laudem,
2028 2706 2118 2787 quis-

485 2807 558 2888 quis
580 2807 611 2872 ei
633 2808 748 2873 obesse
771 2805 935 2872 existimat
959 2804 1155 2871 tarditatem.
1185 2805 1197 2889 ΙΙ
1225 2829 1293 2882 ergo
1312 2818 1444 2869 servatus
1462 2830 1492 2869 es
1511 2814 1618 2869 iudicio
1636 2814 1834 2877 multitudinis,
1855 2816 1954 2885 nequis
1973 2822 2002 2870 te
2020 2816 2117 2871 mussi¹

485 2924 560 2974 taret
577 2918 782 2988 praeiudicium
801 2922 931 2986 captasse
950 2933 1112 2986 paucorum.
1130 2909 1142 2992 ΙΙ
1158 2908 1239 2974 nihil
1262 2908 1347 2974 eirca
1369 2909 1520 2974 honorem
1543 2915 1632 2974 tuum
1656 2910 1717 2976 sibi
1740 2909 1882 2977 adsumit
1896 2918 2046 2977 eventus:
2075 2913 2116 2977 ab

485 3013 526 3078 tis
547 3014 721 3100 imperator
742 3015 866 3080 electus
888 3032 938 3092 es,
964 3011 1019 3094 qui
1042 3011 1272 3077 deliberarunt.
1319 3011 1447 3095 agimus
1469 3012 1592 3096 gratias
1613 3013 1746 3078 oonsilio
1769 3013 1923 3096 longiori:
1951 3014 1999 3079 sic
2022 3014 2063 3080 de
2084 3023 2117 3081 te

486 3116 542 3180 diu
563 3123 720 3183 tractatus
742 3123 791 3183 est
814 3114 954 3198 habitus,
981 3120 1016 3180 ut
1037 3114 1146 3199 palam
1169 3121 1304 3195 constet,
1331 3115 1416 3199 quod
1439 3114 1567 3198 dignior
1589 3136 1653 3181 uon
1675 3115 1716 3181 sit
1737 3116 1899 3182 inventus.
2134 3140 2163 3180 11

442 3222 462 3280 o
571 3220 613 3285 Et
640 3220 704 3284 iam
732 3218 860 3285 concilii
890 3217 960 3284 dies
991 3224 1096 3284 certus
1125 3218 1283 3284 instabat:
1315 3218 1430 3284 aderat
1457 3217 1617 3284 exercitus
1646 3239 1686 3283 ex
1709 3219 1793 3283 omni
1817 3220 1930 3286 robore
1952 3221 2116 3286 Romanae

485 3323 579 3407 pubis
606 3324 739 3389 electus.
786 3322 887 3404 digna
913 3322 1010 3405 plane
1033 3321 1161 3386 comitia
1184 3322 1263 3386 tanti
1287 3320 1414 3406 imperii
1436 3320 1631 3405 principatu!
1682 3321 1898 3388 decernebant
1919 3323 2031 3405 liberi,
2065 3323 2116 3389 cni

485 3425 640 3490 deberent
669 3444 741 3491 esse
771 3424 918 3491 subiecti.
965 3423 1024 3489 tibi
1056 3424 1159 3506 habe,
1192 3431 1355 3504 vetustas,
1389 3424 1574 3507 redemptas
1598 3442 1696 3509 saepe
1718 3425 1881 3491 centurias
1903 3432 1936 3491 et
1957 3426 2116 3509 gratiosas

486 3527 657 3606 Quiritium
680 3529 803 3593 classes
826 3534 859 3593 et
880 3527 982 3593 tribus
1005 3527 1194 3611 plerumque
1216 3528 1364 3592 venales:
1391 3526 1522 3610 negotia
1543 3527 1699 3594 mandare
1721 3527 1868 3593 nesciunt
1891 3528 2001 3608 otiosi;
2029 3549 2117 3595 eme-

363 3654 409 3695 re.
425 3668 446 3706 p.
461 3658 473 3695 1
487 3630 582 3696 ritum
610 3630 707 3696 bellis
729 3631 831 3696 virum
855 3629 1029 3695 castrensis
1049 3629 1053 3714 l
1074 3636 1204 3696 senatus
1227 3630 1376 3695 adscivit.
1422 3629 1488 3695 noti
1512 3630 1709 3712 testimonio,
1741 3631 1841 3715 ignoti
1864 3631 2024 3713 suffragio*
2042 3652 2117 3715 pro
2135 3656 2164 3693 :n

485 3734 656 3799 vehuntur.
703 3734 759 3799 ubi
787 3733 840 3798 hic
869 3731 1005 3815 equinus
1032 3731 1176 3799 hinnitus
1198 3731 1320 3798 Persici
1343 3732 1504 3815 quondam
1535 3734 1635 3799 lector
1663 3734 1788 3819 imperii
1819 3741 1852 3800 et
1879 3733 2044 3800 adfectata
2072 3734 2116 3800 ad

483 3858 617 3920 regnum
641 3836 694 3902 via
723 3836 859 3902 libidine
888 3835 1023 3920 pecudis
1050 3836 1253 3902 concubitum
1276 3836 1461 3920 gestientis!
1510 3837 1618 3920 qualis
1639 3837 1696 3902 ille
1720 3836 1867 3902 dominus
1890 3837 1962 3921 fuit,
1989 3838 2116 3921 dequo

483 3939 659 4024 inprudens
688 3939 808 4005 animal
837 3938 1007 4004 iudicavit!
1057 3959 1186 4004 remove
1215 3939 1291 4004 hine
1319 3939 1427 4024 prisca
1456 3940 1613 4006 miracula
1640 3947 1672 4005 et
1693 3940 1906 4005 theatralibus
1929 3941 2115 4025 praestigiis

484 4042 583 4126 digna
613 4049 792 4108 conmenta.
838 4041 954 4107 armati
984 4049 1153 4126 censeant,
1187 4042 1239 4107 eui
1268 4042 1468 4128 potissimum
1491 4042 1635 4125 regenda
1656 4063 1746 4109 arma
1768 4043 1956 4121 credantur;
1990 4062 2044 4109 ars
2067 4051 2116 4109 est

484 4146 559 4210 boni
587 4146 698 4212 militis
727 4146 841 4211 ducem
871 4165 967 4211 nosse
996 4146 1150 4230 deligere.
1198 4145 1311 4211 merito
1340 4166 1425 4211 nuno
1454 4166 1579 4228 quoque
1603 4145 1615 4229 11
1639 4154 1769 4208 certunm
1788 4155 1817 4208 in
1834 4154 1965 4209 omnibus
1982 4162 2084 4223 parent
2104 4147 2116 4233 u
2134 4170 2164 4209 11

486 4249 622 4314 libenter
644 4250 880 4334 obtemperant;
910 4269 1014 4332 neque
1037 4247 1123 4315 enim
1145 4255 1269 4316 tantum
1291 4248 1425 4332 imperio
1447 4255 1512 4330 tuo,
1539 4249 1715 4314 sedetiam
1737 4248 1856 4313 iudicio
1880 4268 1938 4313 suo
1960 4249 2110 4316 militant.

423 4362 462 4422 10
571 4351 695 4417 Vellem
718 4371 804 4417 nunc
824 4358 929 4417 tecum
952 4352 1055 4417 civica
1077 4353 1282 4436 expostulare
1304 4351 1444 4436 pietate,
1477 4372 1532 4416 our
1552 4351 1586 4416 in
1608 4350 1749 4417 medium
1772 4350 1892 4416 invitus
1914 4350 2028 4435 existi,
2059 4373 2115 4417 our

483 4454 539 4520 diu
564 4455 763 4535 obluctatus,
799 4475 855 4520 our
877 4475 947 4520 sero
970 4455 1112 4520 mollitus
1134 4474 1182 4520 es.
1229 4475 1271 4519 an
1293 4461 1326 4520 et
1347 4453 1408 4518 hoc
1429 4454 1590 4519 maiestati
1613 4460 1687 4519 tuae
1711 4453 1905 4536 debebatur,
1930 4461 1966 4519 ut
1988 4474 2115 4540 semper

485 4557 623 4623 invictus
651 4558 686 4622 iu
707 4555 896 4641 accipiendo
918 4563 1043 4623 tantum
1065 4557 1190 4643 inperio
1213 4556 1411 4623 vincereris?
1454 4556 1628 4642 periclitati
1652 4575 1773 4639 sumus,
1800 4563 1895 4623 nete
1918 4558 2114 4642 superiorem

482 4661 605 4727 faceret
633 4660 809 4726 excusatio.
857 4659 977 4726 maiore
1007 4661 1163 4727 beneficio
1190 4660 1380 4746 praestitisti
1410 4666 1539 4726 coactus
1568 4659 1761 4741 adsensum,
1794 4680 1889 4742 quam
1918 4659 2055 4746 adeptus
2077 4682 2114 4727 es
2133 4684 2164 4723 11

571 4885 718 4936 4111111111
822 4886 957 4934 trebellin

571 4972 602 5022 lo
620 4973 750 5033 horatione
882 4971 910 5020 11
930 4974 1004 5020 111111·
1130 4973 1284 5023 scribendam
1302 4978 1355 5021 eret
1372 4979 1418 5021 out
1435 4987 1491 5020 eum
1510 4974 1581 5020 iubar
1599 4972 1689 5020 emieat
1706 4976 1733 5019 et
1750 4972 1839 5020 mundi
1856 4973 1973 5036 splendor
1991 4974 2111 5036 aperitur,

484 5064 529 5107 eat
546 5073 604 5108 eum
623 5060 682 5108 solis
701 5064 845 5119 emergente
862 5072 973 5121 purpura
991 5059 1105 5107 roborem
1124 5060 1295 5108 duoltsurora
1401 5058 1431 5109 13
1451 5065 1571 5119 1111111111
1678 5057 1709 5106 lt
1727 5055 1848 5124 lossglois
1956 5058 2113 5109 15111111·

483 5145 545 5194 dum
562 5150 615 5194 erut
632 5150 677 5192 nat
697 5146 766 5204 galea
783 5146 923 5194 diademate
942 5146 1048 5207 sceptris
1067 5146 1118 5208 plis
1136 5150 1281 5195 mutentur:
1308 5147 1369 5194 lace
1393 5147 1419 5193 tn
1443 5150 1469 5193 ta
1495 5145 1587 5193 mutari
1606 5144 1657 5193 sola
1676 5150 1828 5207 potuemnt,
1855 5159 1913 5194 uam
1932 5146 1998 5209 qnod
2017 5151 2115 5208 spectat

483 5232 512 5279 sd
531 5244 619 5293 mores,
640 5244 719 5279 unum
737 5231 782 5280 hoe
799 5233 847 5280 tibi
865 5233 965 5281 11111111
982 5231 1093 5293 sddldlt,
1113 5238 1142 5280 ut
1159 5234 1233 5294 plura
1251 5246 1350 5280 curares
1368 5237 1413 5280 unt
1431 5232 1500 5291 galea
1518 5231 1679 5293 diademate,
1701 5233 1808 5294 sceptris
1825 5232 1875 5292 pila
1894 5238 2038 5281 mutentur:
2058 5233 2112 5280 anri

483 5319 622 5380 praemium
640 5318 698 5366 terri
716 5319 800 5366 labore
817 5319 933 5367 meruisti

571 5403 728 5453 19111111.
748 5419 778 5452 11
795 5406 823 5453 ul
843 5409 903 5452 lm.
1019 5402 1052 5452 20
1070 5404 1173 5466 hecquls
1286 5402 1787 5465 1111111111-1311111111
1803 5408 1858 5465 post
1877 5402 1909 5452 25
1929 5406 2052 5453 inuentus
2071 5407 2113 5452 in-

482 5490 611 5538 tereundum
629 5492 700 5537 ant?
803 5489 836 5539 22
855 5486 1011 5555 mussitaret]
1029 5505 1081 5552 ego,
1102 5496 1209 5539 mutaret
1313 5490 1404 5538 11111
1508 5490 1570 5552 quid
1675 5488 1708 5537 25
1727 5486 1848 5553 tractatus

568 5575 601 5625 no
620 5576 754 5640 adsudant
848 5576 1050 5637 30proneuntnr
1147 5576 1174 5625 :n
1193 5575 1282 5642 perusti
1371 5576 1547 5639 32llbldluerp
1635 5577 1773 5635 gestientes
1789 5580 1846 5626 lm.
1938 5574 2112 5643 313111111ῑί1-

482 5666 598 5711 omnibns
614 5668 624 5710 1
638 5680 673 5712 m.
780 5665 807 5711 in
823 5665 905 5722 primu
924 5659 1029 5710 editione
1047 5664 1165 5724 seriptum
1182 5668 1234 5710 erut
1247 5664 1356 5710 libenter
1368 5665 1547 5724 obtemperant,
1570 5666 1596 5710 r'o
1610 5663 1720 5709 necanda
1732 5664 1842 5710 certatim
1857 5664 1883 5710 ln
1896 5663 2013 5710 omnibns
2026 5669 2114 5723 parent

572 5750 604 5798 39
624 5746 758 5815 ininiperio
