4722 6470
500 492 620 578 CLXH
1027 499 1292 557 CHRONOLOGIA
1310 501 1596 556 srmmncfflnuh.

500 736 570 780 cnm
598 716 698 801 igitur
726 719 829 801 locos,
862 720 895 785 in
922 722 1038 804 quibus
1061 723 1274 807 Symmachus
1296 724 1362 789 illis
1384 725 1478 790 annis
1499 726 1640 791 moratus
1663 726 1721 808 sit,
1755 726 1821 791 iam
1844 746 1942 811 supra
1964 749 1995 812 p.
2021 726 2126 790 LXVI

500 838 743 922 composuerim,
769 840 882 906 eadem
906 842 1068 925 inquisitio
1090 864 1175 910 nunc
1197 845 1238 911 de
1259 845 1415 911 Flaviano
1437 845 1634 912 instituenda
1656 854 1716 912 est.

586 960 747 1025 Autumno
777 981 807 1026 a.
835 964 915 1045 394,
952 983 1015 1045 quo
1047 970 1191 1049 tempore
1218 966 1348 1032 nundus
1378 966 1419 1032 de
1449 972 1550 1033 morte
1578 967 1727 1032 Flaviani
1756 967 1885 1032 maioris
1915 967 2034 1032 allatus
2063 974 2122 1047 est,
2225 981 2228 985 ’

501 1078 688 1144 Nicomachi
717 1079 814 1144 simul
843 1100 914 1146 cnm
938 1082 1132 1166 Symmacho
1154 1086 1291 1152 Formiis
1320 1086 1547 1165 versabantur3
1582 1087 1715 1151 Romam
1743 1106 1906 1152 reversum
1937 1088 2128 1172 paulopost

501 1200 602 1265 secuti
625 1207 714 1281 sunt,
750 1200 796 1265 ita
818 1207 853 1265 ut
874 1200 973 1266 breve
995 1207 1118 1268 tautum
1141 1211 1269 1290 tempus
1293 1206 1406 1273 litteris
1427 1205 1563 1272 invicem
1588 1206 1753 1272 mittendis
1775 1206 2020 1289 relinqueretur.
2067 1228 2127 1272 au-

500 1326 610 1385 tumno
636 1321 734 1403 igitur
763 1327 820 1386 aut
849 1320 949 1387 hiemi
976 1342 1007 1388 a.
1033 1326 1096 1388 394
1126 1345 1189 1390 555
1218 1326 1281 1391 nisi
1310 1327 1395 1393 duae
1417 1327 1578 1411 epistulae
1600 1326 1766 1409 adsignari
1789 1333 1940 1412 possunt:
1975 1330 2016 1391 211
2040 1332 2071 1391 15
2093 1350 2126 1389 co

501 1450 616 1521 onorem,
644 1444 724 1524 quod
745 1464 798 1506 vos
821 1445 1007 1507 discessus
1030 1454 1153 1509 noster
1175 1452 1353 1526 5551515151,
1379 1449 1514 1511 hobitum
1536 1469 1619 1511 meae
1642 1452 1748 1512 mentis
1771 1468 1921 1533 qqnosco;
1952 1450 2005 1512 sed
2027 1450 2128 1512 oddae

501 1563 661 1624 desideriis
690 1568 804 1627 matois
822 1574 963 1647 praestat
984 1568 1117 1629 suadere
1135 1571 1316 1649 potientium
1339 1589 1431 1653 quom
1451 1570 1666 1650 poenitendum
1690 1571 1807 1653 alequid
1825 1590 1883 1652 per
1906 1570 2127 1633 inbecillitatem

502 1682 682 1762 adfectionis
713 1685 824 1747 ordiri.
870 1706 945 1747 mooe
974 1706 1043 1748 cam
1063 1706 1229 1770 permensis
1252 1698 1323 1751 trans
1346 1690 1382 1751 de
1400 1692 1562 1771 prosimu,
1596 1699 1630 1752 nt
1651 1691 1717 1770 cis,
1749 1698 1893 1772 speratas
1916 1689 2069 1772 adsuerit,
2100 1699 2128 1751 et

498 1801 617 1881 felicem
647 1804 730 1867 ochis
759 1814 787 1867 et
816 1808 1023 1868 neeessariam
1052 1808 1183 1869 reditum
1206 1810 1389 1871 dividendae
1412 1812 1491 1871 inter
1513 1829 1566 1872 vos
1589 1812 1805 1872 communionis
1828 1829 1923 1907 conso
1943 1809 2124 1891 praestabit.

501 1918 591 1985 initio
620 1941 651 1985 a.
683 1925 746 1987 396
776 1924 939 1991 hereditas
969 1925 1069 2010 patris
1097 1926 1162 1991 iam
1192 1926 1275 1993 inter
1302 1927 1493 1995 Flavianum
1523 1927 1717 2012 fratremque
1747 1928 1817 1995 eius
1848 1927 1953 1994 divisa
1981 1931 2123 2011 5151131).

502 2041 543 2106 (15
566 2041 749 2127 Symmachi
772 2044 886 2111 itinere
907 2046 1076 2111 Formiano
1099 2069 1130 2112 v.
1155 2067 1187 2132 p.
1214 2047 1284 2112 LX.

591 2164 603 2223 1
631 2168 798 2245 postquam
821 2165 853 2229 in
878 2166 955 2231 urbe
977 2167 1147 2250 angustiae
1170 2167 1272 2253 copiis
1295 2176 1535 2251 successerunt,
1569 2170 1640 2235 laus
1661 2169 1885 2254 providentiae
1908 2170 2054 2236 Flaviani
2078 2189 2128 2235 re-

480 2280 569 2346 fota
602 2288 653 2347 est
684 2288 716 2347 et
749 2282 792 2348 ad
826 2286 1081 2353 conciliationem
1115 2287 1222 2353 famae
1252 2288 1322 2354 eius
1351 2288 1515 2373 publicum
1544 2289 1760 2356 testimonium
1790 2288 1897 2354 rediit.
1944 2289 2128 2374 Symmachi

502 2401 601 2483 igitur
623 2421 736 2485 gener,
764 2423 834 2468 cum
858 2406 944 2489 prior
966 2407 1115 2473 frumenti
1139 2408 1336 2474 abundantia
1358 2408 1581 2494 providentiae
1604 2409 1674 2475 eius
1696 2416 1830 2494 accepta
1852 2409 2003 2491 ferretur,
2031 2411 2129 2495 paulo

503 2527 578 2585 ante
602 2521 784 2606 praefectus
806 2525 877 2590 urbi
899 2525 1019 2607 fuerat,
1046 2529 1330 2613 magistratumque
1353 2550 1423 2594 cum
1446 2529 1555 2612 aliquo
1578 2529 1685 2596 famae
1708 2530 1898 2596 detrimento
1921 2531 2125 2615 deposuerat,

504 2641 627 2708 scilicet
648 2644 724 2725 quia
747 2664 818 2711 euru
841 2666 862 2710 a
884 2652 1021 2731 tyranno
1043 2657 1214 2733 acceperat
1235 2657 1268 2715 et
1283 2650 1465 2716 Theodosio
1487 2651 1520 2715 in
1542 2650 1712 2735 imperium
1735 2650 1881 2716 restituto
1904 2651 2004 2717 horror
2021 2651 2130 2717 irritus

503 2762 608 2829 factus
638 2771 717 2830 erat.
764 2766 893 2848 quando
923 2774 1091 2852 praeterea
1112 2770 1285 2835 memoriae
1307 2771 1456 2836 Flaviani
1479 2771 1609 2838 maioris
1632 2771 1798 2837 restitutae
1821 2772 1939 2838 mentio
1961 2772 2014 2852 fit,
2047 2771 2131 2836 hanc

503 2883 675 2967 epistulam
697 2886 843 2969 tempori,
868 2888 954 2971 quod
975 2909 1118 2973 pugnam
1140 2889 1185 2955 ad
1206 2888 1338 2955 fluvium
1354 2890 1522 2975 Frigidum
1543 2891 1687 2977 proxime
1709 2892 1912 2976 sequebatur,
1938 2891 1960 2957 i.
1979 2911 2008 2957 e.
2031 2890 2130 2957 hiemi

502 3022 532 3066 5.
560 3003 658 3089 aalys
680 3005 849 3091 adscripsi.
879 3010 886 3017 “

589 3125 683 3191 Curis
706 3126 848 3194 familiae
870 3129 1101 3197 herciscundae
1123 3131 1276 3197 maiorem
1298 3132 1375 3196 anni
1399 3134 1460 3196 395
1484 3132 1662 3217 partemin
1685 3133 1763 3198 urbe
1784 3132 1915 3214 retenti,
1941 3132 2130 3199 Nicomachi

504 3254 656 3313 autumno
689 3246 818 3314 demum
851 3250 885 3314 in
917 3270 971 3316 rus
1000 3252 1199 3336 Campanum
1231 3260 1451 3335 secesserunt,
1489 3253 1543 3319 ubi
1570 3259 1668 3319 totam
1698 3252 1836 3319 hiemem
1867 3258 2127 3339 555151551811).

505 3368 613 3450 itaque
642 3367 765 3453 primae
793 3367 936 3452 litterae,
969 3391 1049 3455 quas
1072 3372 1285 3456 Symmachus
1307 3372 1367 3438 hoc
1389 3394 1474 3438 auno
1496 3374 1538 3440 ad
1561 3394 1616 3440 eos
1639 3374 1780 3459 scripsit,
1813 3374 1847 3438 in
1870 3374 2053 3440 suburbano
2074 3375 2131 3440 illo

504 3486 601 3553 datae
623 3494 706 3569 sunt,
733 3488 767 3555 in
789 3509 851 3574 quo
874 3490 958 3556 eirca
972 3511 1114 3557 mensem
1131 3492 1299 3559 Octobrem
1315 3500 1463 3560 versatus
1477 3499 1527 3561 est
1547 3496 1589 3580 (p.
1607 3494 1743 3577 LXIVl3
1771 3501 1948 3576 sequuntur
1962 3494 2131 3560 duodecim

506 3628 547 3673 err
570 3609 648 3674 urbe
671 3608 799 3691 missae,
827 3630 911 3692 quae
932 3632 953 3675 a
975 3632 1086 3678 mense
1100 3612 1277 3680 Novembri
1299 3635 1330 3678 a.
1350 3617 1412 3679 395
1435 3632 1538 3697 usque
1560 3614 1603 3679 ad
1617 3613 1765 3679 Martium
1788 3622 1845 3680 aut
1859 3614 2003 3700 Aprilem
2018 3635 2050 3685 a.
2069 3617 2131 3679 396

505 3728 691 3824 procedunt.

593 3851 634 3912 22
656 3848 753 3916 famis
774 3851 808 3916 in
830 3853 910 3919 urbe
932 3853 1110 3938 grassantis
1133 3854 1368 3940 legationisque
1391 3856 1432 3920 ad
1455 3855 1679 3940 imperatorem
1703 3854 1891 3936 mittendae,
1920 3855 2131 3922 utensilium

507 3970 576 4034 eius
599 3968 758 4056 imploret,
786 3974 904 4040 mentio
925 3973 971 4056 fit,
997 3974 1114 4058 quibus
1137 3974 1296 4041 derebus
1317 3996 1350 4039 v.
1372 3974 1541 4041 5115291.
1588 3975 1731 4060 epistula
1751 3975 1785 4040 in
1808 3976 1990 4042 suburbano
2013 3976 2133 4061 scripta

506 4091 629 4174 est⁸³²].

593 4209 668 4277 2111
696 4211 812 4278 litteris
841 4214 1108 4299 praecedentibus
1137 4218 1197 4300 (22)
1223 4216 1264 4281 de
1286 4216 1342 4281 lite
1365 4214 1491 4300 privata
1513 4234 1618 4281 sermo
1640 4222 1725 4298 erat,
1760 4236 1851 4300 ptam
1873 4217 1929 4280 snb
1952 4219 2134 4300 adfinium

505 4335 625 4394 nomine
645 4370 689 4379 —
711 4337 827 4397 Baiani
848 4338 947 4398 litoris
966 4339 1157 4418 persultator
1180 4340 1331 4400 animavit
1357 4336 1441 4420 (159,
1464 4338 1530 4419 15);
1557 4336 1639 4402 haee
1660 4342 1766 4402 autem
1790 4336 1930 4423 epistula
1951 4337 1992 4404 de
2015 4358 2135 4402 sncces-

507 4456 600 4515 siom‘s
623 4454 1276 4537 5551955511515155581511551551515
1299 4464 1454 4523 commoto
1477 4457 1627 4540 loquitur.
1669 4479 1740 4523 cum
1756 4456 2024 4524 Nicomachomm
2047 4477 2135 4523 soror

506 4592 661 4656 germana
691 4591 849 4656 nusquam
880 4585 1144 4643 commemoretur
1173 4585 1205 4643 et
1233 4576 1349 4643 affines
1379 4598 1505 4661 quoque
1535 4576 1668 4643 fratrum
1699 4597 1905 4663 sororumque
1927 4577 2135 4645 vocabulisa

508 4691 701 4777 Symmacho
723 4695 883 4779 appellari
904 4696 1046 4778 soleant,
1080 4697 1164 4763 hanc
1186 4697 1275 4763 litem
1297 4698 1433 4765 eandem
1456 4718 1528 4764 cum
1552 4698 1717 4783 superiore
1740 4704 1833 4783 puto;
1867 4699 1951 4782 quod
1974 4698 2002 4764 si
2025 4718 2134 4763 verum

508 4818 566 4893 est,
594 4812 656 4878 hae
678 4833 806 4896 quoque
828 4814 955 4882 litterae
976 4816 1010 4881 in
1033 4816 1161 4884 ultimos
1183 4819 1260 4884 anni
1283 4822 1345 4884 395
1368 4838 1497 4885 menses
1519 4818 1648 4885 cadunt.

594 4937 624 4996 4.
650 4936 705 4997 55.
729 4939 813 5020 -1
838 4934 1051 5021 Symmachus
1081 4939 1227 5005 nundum
1258 4940 1299 5006 de
1327 4938 1530 5023 aegritudine
1551 4938 1639 5006 filiae
1662 4940 1809 5024 graviore
1831 4939 1971 5026 accepit,
2006 4938 2136 5022 etquis

508 5053 672 5120 doloribus
694 5074 808 5121 manus
832 5056 984 5125 dexterae
1006 5059 1181 5144 impeditus
1203 5060 1275 5145 ipse
1298 5060 1438 5127 scribere
1460 5080 1525 5125 non
1546 5066 1661 5144 potest,
1687 5045 1748 5126 has
1770 5060 1897 5127 litteras
1911 5080 2005 5127 servo
2021 5059 2132 5126 dictat.

508 5179 549 5238 55
571 5177 639 5239 beri
664 5196 723 5258 per
751 5161 898 5242 homiaem
925 5200 1024 5243 mecm
1053 5184 1167 5265 scripsi
1194 5191 1274 5245 meto
1298 5185 1452 5265 percitus,
1485 5190 1645 5265 postquam
1674 5184 1710 5245 de
1740 5183 1914 5245 valetudine
1940 5184 2024 5264 filiae
2054 5202 2136 5245 mere

594 5451 652 5516 830)
677 5453 735 5517 156,
756 5455 789 5506 30
812 5457 853 5506 red
873 5461 933 5507 scire
951 5457 1076 5519 11515515,
1103 5473 1165 5521 qaue
1181 5462 1335 5520 potissimam
1350 5459 1454 5520 praedm
1471 5458 1505 5508 od
1524 5462 1562 5507 ias
1580 5462 1660 5508 saneti
1678 5459 1765 5519 fratria
1782 5460 1819 5507 151
1835 5472 1881 5521 pro
1896 5463 1968 5521 parte
1983 5462 2133 5523 pertinenia,

507 5553 538 5587 ne
555 5553 600 5600 per
618 5544 784 5601 innocontiam
803 5546 865 5592 tarta
882 5546 921 5592 151
938 5556 1040 5605 corpora
1057 5547 1220 5606 appensione
1237 5543 1446 5594 error-adtrectat.

594 5624 653 5689 831)
676 5626 803 5691 158,13;
826 5628 883 5691 159,
904 5630 928 5678 6.

596 5712 653 5777 832)
677 5713 734 5777 159,
754 5714 787 5765 25
806 5715 862 5765 hine
879 5720 934 5766 orio
951 5720 1049 5766 onrado
1068 5718 1105 5780 (lu
1124 5718 1220 5779 senatu)
1241 5731 1317 5780 arqroe
1334 5715 1368 5765 ud
1384 5716 1499 5779 nefarias
1514 5731 1613 5780 papam
1630 5732 1674 5766 me
1691 5718 1822 5765 absente
1837 5721 1963 5777 procesdt.
1986 5744 2018 5753 -
2036 5717 2078 5766 red
2095 5717 2136 5764 dl-

508 5799 632 5851 rimendoo
648 5804 761 5861 partiam
780 5804 930 5863 quaestiones
947 5817 1001 5853 nmo
1018 5804 1050 5852 dt
1056 5809 1176 5854 555151·
1192 5804 1307 5854 &aaran
1325 5803 1426 5853 iudicio.
