4746 6472
950 515 1063 569 LIBER
1083 513 1118 569 II.

922 841 983 907 LII
1013 862 1044 907 a.
1063 844 1137 908 383.

683 979 943 1046 SYMMAOHVS
965 980 1184 1046 FLAVIANO
1207 981 1375 1046 FRATRI.
1868 981 1901 1043 P

295 1155 439 1241 *Reditus
461 1175 500 1219 ae
523 1172 671 1220 recursus
693 1151 726 1216 in
748 1151 903 1236 patriam,
937 1151 990 1235 qui
1014 1171 1143 1236 semper
1164 1152 1311 1218 omnibus
1334 1160 1446 1235 gratus
1468 1160 1534 1236 est,
1568 1153 1765 1219 festinationi
1790 1174 1849 1220 no·

224 1264 304 1322 strae
329 1278 532 1341 nequaquam
555 1277 612 1342 pro
635 1254 858 1341 eapectatione
881 1254 1056 1340 respondit.
1096 1274 1211 1321 causas
1234 1255 1263 1321 si
1285 1256 1487 1339 desideratis,
1513 1257 1660 1341 aecipite.
1699 1257 1764 1322 inm
1783 1258 1849 1343 pri-

195 1382 323 1441 amum,
361 1367 397 1427 ut
424 1361 604 1427 communia
633 1358 816 1426 domesticis
846 1358 1083 1444 praeferamus,
1117 1379 1182 1424 rem
1213 1359 1454 1426 frumentariam
1484 1366 1612 1426 nostrae
1643 1360 1729 1426 urbis
1759 1362 1849 1426 nulla

223 1471 317 1548 auget
338 1464 488 1530 invectio.
536 1483 611 1549 spes
634 1464 717 1548 ipsa,
744 1482 827 1546 quae
849 1463 883 1527 in
905 1461 1051 1528 adversis
1073 1464 1161 1528 alere
1183 1463 1308 1529 animos
1330 1464 1419 1545 solet,
1450 1470 1579 1529 recusat
1600 1464 1755 1547 effugium
1779 1465 1849 1548 pol·

223 1568 324 1648 liceri,
358 1588 431 1632 eum
460 1567 579 1632 sterilis
609 1584 713 1631 annus
743 1585 783 1630 ne
814 1565 938 1630 semina
967 1564 1097 1647 quidem
1126 1567 1220 1631 terris
1250 1566 1421 1631 commissa
1443 1566 1628 1632 reddiderit.
1676 1566 1792 1651 dehinc
1813 1567 1890 1632 ut2

223 1669 305 1754 apud
328 1668 602 1735 confamiliarem
625 1688 733 1733 curam
757 1669 940 1750 loquamur,
975 1674 1068 1750 urget
1089 1667 1238 1733 Ostiense
1268 1667 1436 1753 praedium
1464 1676 1606 1735 noenum
1629 1669 1778 1734 militaris
1800 1670 1850 1733 in-

224 1773 353 1857 pressio.
402 1791 461 1838 nos
484 1772 593 1854 legum
616 1771 712 1837 inane
734 1790 851 1836 nomen
873 1790 1037 1835 vocamus.
1078 1769 1124 1835 dii
1147 1770 1286 1836 riderict
1306 1771 1427 1837 exitum
1451 1791 1579 1837 causae.
1620 1771 1743 1837 interea
1765 1791 1849 1837 mor-

182 1875 334 1941 nudemur
361 1896 426 1941 nou
453 1881 538 1941 metu
569 1873 679 1939 damni
704 1873 764 1939 sed
791 1874 963 1957 aequitatIs
992 1872 1120 1939 iniuria.
1167 1874 1363 1958 collegarum
1394 1881 1566 1955 tractatus,
1600 1874 1654 1958 qni
1684 1895 1734 1940 me
1763 1875 1851 1941 exci-

225 1987 321 2059 verat,
348 1978 491 2044 aeternis
512 1978 710 2063 principibus
732 1977 944 2059 legandorum
967 1978 998 2042 in
1015 1976 1156 2042 Africam
1180 1977 1319 2042 virorum
1342 1978 1484 2043 reddidit
1506 1978 1678 2063 optionem.
1718 1984 1851 2058 †cessat

227 2102 300 2165 ergo
323 2089 449 2166 patrum
472 2082 662 2147 deliberatio
684 2102 748 2146 non
770 2101 931 2147 vocemur.

873 2338 949 2402 LIII
979 2343 1055 2403 ante
1070 2358 1101 2401 a.
1122 2340 1195 2401 395.

690 2474 951 2542 SYMMAOHVS
973 2475 1191 2541 FLAVIANO
1214 2474 1382 2540 FRATRI.

183 2670 209 2710 n
308 2648 468 2732 Fungeris
496 2648 570 2713 boni
592 2646 700 2713 fratris
722 2646 846 2729 officio,
880 2646 937 2712 sed
960 2647 1072 2714 desine
1095 2667 1265 2714 memorem
1290 2667 1500 2713 commonere.
1546 2653 1642 2712 notae
1664 2647 1757 2714 nobis
1779 2654 1854 2713 suut

228 2751 436 2817 caerimoniae
467 2750 597 2816 deornm
628 2757 662 2816 et
689 2749 773 2815 festa
803 2749 981 2815 divinitatis
1012 2750 1179 2835 imperata.
1226 2750 1288 2816 uisi
1311 2749 1391 2816 forte
1413 2770 1465 2816 me
1488 2751 1590 2816 solnm
1613 2752 1728 2833 exequi
1751 2751 1851 2816 vicem

230 2860 312 2918 tuam
343 2854 504 2939 postulas,
536 2861 569 2919 et
590 2860 625 2917 ut
646 2852 775 2918 adsolet
795 2871 847 2917 res
870 2852 981 2918 divina
1002 2853 1165 2936 mandari,
1199 2853 1277 2918 milri
1300 2860 1388 2918 tuum
1412 2871 1527 2917 munus
1548 2852 1702 2937 iniungis.
1749 2852 1853 2918 fruere

227 2954 350 3020 deliciis
372 2956 525 3040 copiosis3
551 2974 610 3021 nos
633 2955 787 3020 mandata
809 2955 1003 3020 curabimus,
1045 2956 1102 3021 sed
1126 2963 1285 3021 memento
1308 2956 1430 3022 exactis
1453 2955 1543 3022 feriis
1558 2955 1730 3040 participes
1746 2955 1853 3021 faeere

227 3058 369 3123 luxuriae
392 3067 477 3139 tuae,
505 3078 585 3140 quos
608 3064 775 3144 tantopere
797 3056 950 3124 laborasti
974 3066 1136 3125 consortes
1159 3058 1279 3124 habere
1300 3058 1422 3124 ieiunii.

184 3336 211 3378 m
872 3316 963 3380 LIIII
993 3324 1069 3383 aute
1084 3338 1115 3382 a.
1135 3319 1209 3381 335.

695 3453 956 3519 SYMMACHVS
978 3453 1197 3520 FLAVIANO
1219 3455 1388 3518 FRATRI.

315 3625 464 3693 Gratiosa
486 3632 536 3690 est
557 3624 783 3709 expostulatio,
810 3644 893 3709 quae
915 3624 1047 3708 requirit
1069 3624 1219 3690 officium.
1261 3625 1319 3691 sed
1342 3647 1413 3692 enm
1435 3626 1469 3691 in
1492 3624 1660 3692 scribendo
1683 3645 1855 3709 numquam

231 3730 365 3796 residem
396 3728 551 3812 gesserim
581 3728 795 3809 voluntatem,
828 3728 947 3793 frustra
975 3729 1142 3812 neglectae
1171 3728 1400 3794 familiaritatis
1421 3748 1563 3794 accusor.
1612 3736 1683 3794 utor
1703 3728 1737 3792 in
1760 3748 1799 3792 ea
1821 3749 1855 3793 re

231 3832 409 3898 tesdmonio
433 3832 595 3897 hominum
617 3838 761 3909 tuorum,
792 3831 846 3914 qui
869 3831 990 3897 dudum
1014 3832 1075 3897 sibi
1099 3832 1271 3917 epistulam
1293 3833 1444 3897 traditam
1466 3831 1629 3898 tabellarii
1652 3831 1730 3895 vitio
1753 3831 1856 3895 distu-

186 3952 215 3995 11
232 3934 344 4000 lemnt.
391 3935 464 4000 volo
492 3934 590 4018 igitur
618 3932 706 4019 apud
737 3940 768 3998 te
798 3940 946 3999 servatae
972 3934 1133 4000 amicitiae
1162 3934 1241 3999 mibi
1271 3934 1612 4000 constare·rationcm.
1660 3954 1733 3998 nam
1758 3933 1856 3998 vehe-

233 4046 352 4103 menter
373 4036 522 4103 ininrium
546 4041 605 4117 est,
632 4057 672 4102 ex
696 4035 802 4102 alieno
825 4044 957 4121 peccato
980 4057 1116 4103 naevum
1140 4037 1280 4103 violatae
1304 4038 1470 4120 religionis
1491 4037 1672 4103 adtrahere.

883 4294 938 4360 LV
967 4315 998 4359 a.
1018 4297 1198 4360 385-386.

693 4431 954 4497 stnAeflvS
977 4431 1195 4498 FLAVIANO
1217 4432 1386 4497 FRATRI.

315 4606 379 4690 Spe
401 4605 505 4669 bonae
528 4603 722 4670 valetudinis
744 4603 826 4668 mari
848 4603 954 4668 vicina
976 4603 1173 4685 delegimus,
1208 4603 1266 4668 sed
1295 4603 1429 4668 necdum
1460 4624 1557 4668 scuras
1581 4604 1729 4668 salubres
1752 4603 1855 4668 ventis

191 4726 218 4767 no
235 4708 468 4774 obluctantibus
491 4706 682 4791 experimur.
724 4705 808 4771 binc·
819 4706 940 4791 pigrior
962 4713 1012 4771 est
1034 4713 1197 4771 matronae
1220 4706 1261 4771 ad
1285 4706 1454 4772 sanitatem
1470 4727 1641 4784 recursum
1669 4706 1720 4771 eui
1736 4705 1855 4788 siquid

232 4810 412 4878 refectionis
440 4810 510 4876 dies
540 4809 654 4875 melior
682 4810 853 4892 adiecerit,
887 4807 1030 4894 optatum
1053 4808 1094 4875 de
1117 4830 1157 4875 ea
1179 4808 1332 4875 indicium
1355 4829 1418 4874 non
1440 4810 1597 4875 morabor.
1645 4809 1777 4875 urbanis
1798 4829 1858 4874 ne·
1922 4832 1927 4841 ’

234 4914 337 4997 gotiis,
363 4922 398 4979 ut
419 4914 583 4980 insinuare
606 4913 757 4998 dignatus
780 4932 825 4994 es,
851 4913 979 4995 inquies
1000 4913 1138 4978 monitor
1160 4932 1291 4978 securus
1312 4912 1441 4979 inludit.
1462 4913 1587 4978 valieno
1610 4913 1694 4978 enim
1713 4912 1855 4998 periculo
1878 4917 1896 4977 2

233 5017 263 5081 in
281 5068 387 5083 .....
406 5017 521 5083 efficax
537 5023 570 5082 et
584 5017 694 5101 copiae
710 5018 854 5083 nocitura
869 5024 1051 5100 ternptatnr,
1078 5022 1114 5080 ut
1128 5036 1200 5081 enm
1216 5016 1349 5081 vilitatis
1366 5022 1469 5082 metus
1484 5016 1516 5080 in
1532 5016 1701 5099 angustias
1716 5015 1858 5099 coegerit

235 5121 402 5204 civitatem,
420 5127 495 5185 tune
510 5141 606 5205 opum
622 5119 739 5184 validis
754 5127 921 5204 quaestum
939 5126 1059 5201 augeat
1072 5139 1172 5184 avara
1187 5118 1338 5184 venditio.
1373 5118 1502 5183 hoscine
1519 5119 1663 5183 lromines
1679 5119 1853 5199 arbitreris,

315 5381 331 5430 4
349 5376 536 5447 expectatione]
553 5382 656 5439 furetur,
676 5383 829 5443 spectatione
843 5381 866 5428 P
964 5379 992 5430 11
1013 5377 1186 5446 legendorum]
1199 5378 1232 5443 Φ,
1247 5379 1446 5442 legendorumP
1544 5378 1575 5427 12
1593 5379 1739 5427 deliberatio
1752 5373 1815 5444 non]
1827 5376 1857 5437 P,

235 5468 408 5518 deliberatione
427 5481 476 5516 non
496 5464 521 5515 Φ
624 5471 705 5514 cessat
722 5481 779 5527 ergo
796 5472 895 5528 petroni
914 5466 1069 5529 deliberato,
1091 5481 1152 5515 num
1171 5480 1287 5515 nocemur
1306 5465 1449 5529 Mommsen,
1469 5470 1584 5515 cessante
1602 5478 1659 5524 ergo
1677 5470 1775 5527 patrum
1795 5464 1858 5512 dell-

237 5555 358 5604 bcretlone
377 5569 496 5604 necamus
514 5555 575 5604 Sace
916 5602 919 5607 ,

320 5640 350 5691 18
368 5642 514 5690 cureulmue
534 5641 579 5688 Pl
594 5654 639 5699 aa,
661 5646 732 5687 curet
751 5653 823 5687 nurus
843 5637 909 5700 lffl’l
1018 5638 1048 5688 19
1067 5640 1178 5688 luxoriae
1198 5638 1243 5687 ΡΙ
1258 5655 1292 5689 m.

318 5726 348 5775 nt
370 5727 509 5786 symmacus
530 5728 552 5774 P
654 5724 686 5774 24
705 5727 764 5786 quie
781 5726 848 5779 Sacc
948 5726 1060 5775 tabellari
1079 5726 1143 5774 ultio
1162 5724 1299 5774 Mammam

318 5812 347 5862 31
370 5827 400 5859 ee
419 5815 445 5860 ln
457 5828 507 5860 roe.
528 5813 551 5859 P
654 5812 686 5860 33
705 5812 823 5859 inefficax
842 5811 870 5871 P,
891 5825 930 5859 res
950 5813 1064 5859 lneltleax
1082 5809 1137 5873 (Γ),
1156 5813 1182 5858 tn
1201 5813 1332 5873 penuriam
1352 5826 1391 5860 ree
1408 5813 1497 5859 elllcar
1519 5810 1654 5859 Mommsen

1616 5910 1652 5961 8*
