4736 6478
1097 422 1294 479 SYMMAOHI
1311 420 1523 480 EPISTVLAE

1147 753 1203 819 LV
1238 774 1269 819 a.
1289 754 1470 817 382-391.

1058 890 1318 958 SYMMAchs
1344 890 1562 959 RIGOMIIRI.

585 1063 623 1128 In
647 1063 830 1129 suburbano
853 1062 986 1148 praedio
1010 1063 1122 1128 fovens
1145 1062 1243 1128 otium
1267 1061 1390 1146 sumpsi
1412 1061 1537 1127 litteras
1559 1068 1643 1127 tuas.
1683 1080 1739 1127 cur
1760 1060 1845 1127 enim
1860 1062 1982 1129 Romae
2003 1067 2036 1127 tc
2058 1060 2128 1127 dis-

498 1165 629 1232 cedente
651 1172 872 1232 remanerem?
908 1187 987 1251 ager
1009 1173 1128 1247 autem,
1153 1165 1208 1250 qui
1231 1186 1282 1231 mc
1305 1165 1433 1231 interim
1457 1171 1555 1245 tenet,
1580 1164 1722 1230 'liberim
1744 1170 1886 1231 nostrum
1909 1164 2015 1231 iuncto
2034 1164 2128 1248 aquis

497 1269 599 1335 latere
629 1277 823 1353 prospectat.
872 1270 946 1336 binc
969 1271 1073 1337 libens
1096 1270 1209 1352 video,
1241 1269 1320 1352 quid
1341 1275 1494 1334 aeternae
1517 1267 1587 1333 urbi
1609 1267 1715 1334 indies
1738 1267 1841 1351 frugis
1864 1267 2017 1351 accedat,
2050 1268 2162 1350 quide

497 1373 650 1437 Romanis
673 1372 796 1438 horreis
819 1373 1047 1439 Macedonicus
1069 1373 1190 1438 adiciat
1212 1378 1419 1438 commeatus.
1467 1392 1542 1437 nam
1566 1390 1686 1456 paene,
1711 1378 1747 1437 ut
1769 1371 1956 1451 recordaris,
1982 1378 2128 1437 cosmum

497 1475 608 1551 Africa
629 1475 732 1541 fames
753 1477 788 1542 in
810 1476 920 1542 limine
943 1484 1021 1559 crat,
1047 1498 1143 1560 quam
1166 1475 1436 1543 clementissimus
1458 1484 1491 1541 ct
1512 1474 1555 1540 ad
1578 1475 1716 1542 salutem
1739 1474 1901 1560 publicam
1922 1474 2051 1559 genitus
2065 1474 2129 1539 im-

457 1580 477 1639 2
500 1586 628 1663 perator
648 1580 817 1662 praevenit
836 1579 988 1645 indebitis
1003 1580 1101 1644 alieni
1117 1580 1177 1645 soli
1194 1579 1305 1663 copiis.
1345 1580 1410 1644 iarn
1429 1585 1553 1663 portum
1569 1584 1711 1646 nostrum
1726 1615 1771 1627 -
1785 1577 1914 1662 conpari
1929 1578 2067 1663 primasi
2087 1615 2129 1624 -

498 1681 614 1746 classis
637 1682 773 1759 salutat;
800 1683 864 1747 iam
889 1684 1059 1749 securitate
1083 1689 1282 1761 saturamur;
1309 1682 1372 1747 iam
1396 1681 1531 1747 dicimus
1553 1687 1695 1747 nostrum
1718 1700 1802 1763 esse,
1829 1679 1985 1764 quidquid
2006 1680 2126 1763 ubique

498 1784 580 1849 bono
605 1784 740 1869 principi
762 1785 914 1851 nascitur.
954 1786 1034 1851 baec
1058 1806 1096 1852 eo
1119 1786 1233 1867 scribo,
1261 1792 1350 1851 utet
1372 1784 1499 1850 domino
1522 1785 1609 1850 orbis
1632 1786 1781 1850 effectum
1804 1783 1948 1850 beneficii
1973 1783 2022 1849 sui
2044 1803 2129 1849 nun·
2150 1805 2181 1844 ro

497 1888 561 1953 ties
583 1894 616 1953 et
637 1888 708 1971 ipsc
733 1888 869 1953 fructum
899 1888 1011 1973 gaudii
1040 1889 1216 1976 communis
1247 1906 1396 1973 usurpes.
1443 1907 1504 1971 ego
1535 1887 1632 1971 paulo
1661 1894 1734 1972 post
1762 1887 1851 1952 abire
1881 1887 2008 1970 longius
2037 1906 2127 1971 paro,

499 2011 558 2057 nco
581 1998 690 2057 tamen
712 1991 828 2058 dandis
851 1992 893 2056 ad
916 1998 947 2058 te
971 1992 1087 2056 litteris
1110 1991 1290 2057 abstinebo.
1338 1990 1399 2055 erit
1421 2010 1499 2067 cura
1520 1991 1637 2057 nostris
1664 1991 1698 2055 in
1726 1991 1805 2056 urbe
1835 1989 2074 2056 remanentibus
2096 1995 2130 2054 et

500 2115 606 2160 meum
630 2114 808 2159 sermonem
833 2095 890 2159 tibi
913 2116 972 2180 per
994 2094 1126 2195 idoneos
1149 2093 1288 2179 mittere,
1314 2094 1449 2161 etmihi
1472 2093 1542 2179 pari
1564 2093 1638 2176 fide,
1665 2114 1747 2178 quae
1763 2094 1939 2179 scripseris,
1966 2092 2128 2160 exhibere.

1157 2352 1230 2417 LVI
1259 2357 1334 2418 ante
1349 2373 1381 2417 a.
1400 2354 1474 2417 394.

421 2495 488 2558 PF
1143 2490 1203 2554 AD
1226 2489 1490 2557 RIOOMEREM.
2153 2511 2183 2551 rs

557 2652 561 2661 ⁴
590 2664 723 2729 Possem
748 2662 911 2728 silentium
934 2669 1023 2728 tuum
1047 2662 1130 2728 ferre
1153 2662 1313 2748 patienter
1335 2681 1455 2728 morem
1478 2668 1566 2728 tuum
1582 2661 1738 2745 cogitans,
1763 2660 1825 2726 nisi
1841 2681 1893 2727 me
1908 2660 2132 2744 aegritudinis,

502 2788 565 2850 qua
588 2766 734 2847 laboras,
761 2764 882 2831 dudum
905 2765 1036 2832 nuntius
1059 2765 1260 2850 perculisset.
1308 2771 1414 2832 metuo
1436 2765 1550 2849 igitur,
1586 2785 1628 2832 ne
1651 2764 1791 2832 sollicita
1812 2764 1917 2848 magis
1939 2785 2036 2847 quam
2059 2783 2135 2829 con·

507 2876 601 2935 sueta
624 2868 761 2935 cessatio
784 2868 940 2934 sermonis
962 2869 1008 2935 tui
1031 2888 1147 2934 munus
1168 2867 1335 2954 impediat,
1361 2875 1457 2951 atque
1479 2867 1553 2934 idco
1575 2887 1707 2952 quaeso,
1734 2875 1769 2933 ut
1782 2888 1877 2933 curas
1891 2887 1982 2934 meas
1998 2867 2138 2932 fraterno

508 2993 615 3038 amore
639 2979 806 3056 susceptas
830 2972 958 3057 scriptis
980 2979 1036 3037 aut
1058 2971 1219 3038 mandatis
1242 2972 1387 3055 digneris
1409 2972 1590 3037 absolvere.
1638 2992 1711 3037 nam
1734 2992 1807 3037 cum
1831 2970 1890 3036 sim
1920 2969 2056 3056 cupidus
2084 2970 2140 3036 iit

507 3083 666 3155 terarum,
693 3076 726 3140 in
750 3076 901 3141 secundis
923 3082 1032 3141 tamen
1055 3095 1138 3160 pono
1161 3075 1308 3159 solaciis,
1335 3082 1370 3141 ut
1391 3075 1517 3141 animus
1539 3094 1630 3140 meus
1653 3094 1710 3159 pro
1732 3081 1765 3139 te
1786 3074 1921 3157 anxius,
1947 3074 1975 3138 si
1997 3072 2139 3139 nondum
2159 3095 2189 3136 ro

508 3178 666 3263 epistulis,
694 3178 810 3243 saitem
833 3178 954 3244 nuntiis
977 3178 1130 3262 erigatur.

1153 3437 1240 3501 LVII
1277 3441 1352 3502 anic
1368 3456 1399 3502 a.
1419 3439 1493 3501 334.

1151 3574 1210 3638 ΑΙ)
1234 3574 1497 3640 RICOMEREM.

599 3746 692 3812 Vltro
714 3746 748 3811 in
770 3766 822 3811 me
844 3766 944 3829 arguo
967 3746 1094 3831 culpam
1118 3745 1257 3819 silentii,
1292 3745 1470 3827 siquando
1500 3767 1592 3812 usum
1622 3742 1721 3812 oflicii
1750 3746 1813 3811 mei
1836 3746 1999 3830 quaelibet
2021 3745 2146 3813 dierum

513 3849 684 3915 intervalla
706 3856 914 3915 remorantur.
954 3850 1046 3914 nulla
1067 3848 1151 3915 enirn
1176 3848 1325 3933 purgatio
1348 3849 1635 3933 subpetit.....io‚
1662 3869 1733 3915 curn
1755 3849 1890 3915 muitum
1913 3848 2146 3915 familiaritatis
2164 3841 2195 3910 aa

514 3953 643 4038 publico
656 3953 745 4019 actui
761 3954 946 4037 ircquenter
959 3953 1145 4018 interseras.
1187 3951 1245 4018 sed
1260 3951 1358 4033 idem,
1384 3952 1439 4035 qui
1453 3958 1620 4037 peccatum
1635 3952 1701 4018 vito
1716 3951 1872 4033 desidiae,
1899 3971 2003 4036 aeque
2017 3952 2051 4017 in
2067 3951 2146 4017 scri-

514 4056 621 4123 bendo
642 4056 758 4140 longus
781 4076 854 4122 csse
876 4055 1000 4122 desino.
1041 4077 1116 4121 narn
1139 4055 1216 4121 licet
1239 4055 1348 4136 sciam,
1375 4056 1517 4121 animum
1539 4063 1629 4122 tuum
1651 4075 1854 4139 nequaquam
1877 4055 2048 4121 obnoxium
2071 4074 2145 4121 essa

515 4160 658 4242 fastidio,
685 4160 817 4226 adverto
839 4166 946 4225 tamen
968 4180 1025 4243 pro
1048 4159 1234 4225 condicione
1257 4179 1402 4224 curarum
1426 4166 1551 4224 tuarum
1574 4158 1757 4244 ponendum
1772 4159 1880 4224 verbis
1895 4157 2040 4227 modum:
2067 4158 2146 4241 quia

516 4271 551 4329 ut
573 4263 732 4330 decidenti
754 4262 922 4347 prolixitas
945 4269 1041 4347 grata
1062 4268 1120 4345 est,
1146 4262 1193 4328 ita
1214 4261 1389 4347 displicere
1412 4282 1475 4327 non
1497 4263 1614 4346 poterit
1635 4262 1776 4328 brevitas
1798 4270 1961 4348 occupato.

1202 4519 1308 4585 LVIII
1338 4540 1369 4585 a.
1389 4520 1464 4585 382.

1159 4657 1218 4722 AD
1241 4657 1503 4724 RIOOMEREII.

608 4831 691 4895 Amo
724 4836 757 4895 ct
785 4828 925 4914 suspicio
954 4828 1088 4895 virtutes
1117 4836 1206 4907 tuas3
1239 4828 1296 4894 sed
1326 4827 1460 4912 accidit,
1494 4828 1579 4912 quod
1607 4828 1663 4894 tibi
1694 4828 1790 4894 eliam
1821 4827 1944 4894 amicus
1976 4829 2150 4897 invideam.

521 4934 680 5000 Flaviano
712 4952 784 4999 meo
813 4932 1012 5015 aliquamdiu
1043 4933 1131 4997 solus
1159 4931 1287 4999 frueris.
1341 4932 1452 5019 accipe
1480 4931 1627 5017 planius,
1661 4932 1738 5016 quid
1767 4931 1865 4997 velim
1894 4932 2017 5000 dicere:
2050 4934 2094 5001 ad
2121 4943 2153 5001 te

522 5110 933 5126 .....-—-.—-.-,..

612 5213 627 5262 3
646 5213 814 5263 descendente
836 5210 857 5257 P
969 5210 984 5259 5
1003 5211 1048 5272 qul
1067 5211 1090 5259 P
1199 5211 1437 5259 idementlssimus
1456 5210 1479 5257 P
1581 5208 1597 5259 8
1616 5206 1724 5276 primus]
1741 5221 1793 5272 epo,
1815 5211 1907 5273 prImas
1928 5210 1949 5258 P
2051 5215 2156 5278 liquie-

524 5301 585 5365 quid
605 5300 710 5364 Pica,
730 5299 793 5362 quid
811 5298 858 5347 Pl
873 5313 907 5347 m.
1018 5296 1048 5347 ia
1067 5311 1141 5348 curae
1163 5296 1330 5359 Wlapeadorp

551 5448 558 5457 .
612 5385 643 5436 ib
661 5400 711 5436 om.
725 5387 749 5434 I'
852 5383 884 5435 is
903 5388 970 5433 iuras
990 5383 1012 5431 P
1031 5385 1049 5450 (i
1068 5388 1096 5434 iu
1112 5387 1174 5449 rur.)

610 5473 642 5523 23
661 5488 709 5522 om.
724 5474 748 5521 F
861 5470 895 5521 24
913 5477 970 5519 utro
990 5470 1036 5520 Pl
1051 5489 1085 5522 m.
1204 5470 1237 5521 25
1256 5473 1374 5533 subpetit
1390 5472 1473 5520 locum
1491 5471 1600 5519 multum
1619 5468 1693 5532 PI'F,
1714 5470 1834 5532 micam.-
1853 5471 1966 5532 subpetit
1982 5472 2080 5533 sarlato,
2100 5487 2156 5521 cum

524 5570 552 5610 tu
571 5562 670 5609 cultum
687 5565 711 5608 ct
723 5575 745 5622 q.
760 5573 780 5607 r.
888 5557 921 5607 23
939 5558 1031 5606 aduerc
1050 5556 1096 5605 Pl
1111 5573 1145 5607 m.
1251 5558 1396 5607 conditione
1413 5556 1508 5605 Pim.
1617 5555 1649 5605 23
1669 5552 1808 5623 decidenti]
1829 5570 1883 5619 epo,
1902 5557 2055 5607 desideranti
2074 5559 2120 5607 Pr

612 5646 640 5697 3¹
662 5660 711 5695 orn.
726 5646 749 5693 F
850 5643 882 5694 32
902 5640 991 5711 etiam]
1012 5645 1041 5705 F,
1061 5649 1091 5692 ut
1108 5646 1157 5692 lam
1178 5643 1200 5690 P
1310 5643 1342 5693 33
1360 5644 1508 5706 aliquandiu
1530 5641 1551 5689 P
1654 5641 1775 5703 sermm
1794 5645 1824 5691 ad
1843 5647 1869 5692 tc
1886 5644 2015 5706 migrauit,
2035 5646 2157 5707 quidquid

525 5736 616 5784 Itomae
634 5734 757 5795 optimum
775 5732 833 5779 fult.
860 5730 945 5791 accipe
962 5731 1074 5791 planius,
1095 5730 1154 5791 qnid
1173 5731 1251 5778 uelim
1271 5730 1368 5779 dicere:
1389 5730 1512 5779 Flauiano
1530 5743 1584 5779 meo
1602 5730 1757 5792 aliquamdiu
1775 5730 1843 5778 solus
1861 5730 1952 5778 frueris
