4722 6470
501 441 698 506 CLXXXIV
1027 443 1291 501 CHRONOLOGIA
1309 446 1596 501 studuerimus..

501 672 610 730 tumno
633 686 663 730 a.
691 670 752 730 397
775 667 939 750 usquead
964 688 996 733 a.
1015 671 1077 732 399
1100 669 1236 753 primurn
1260 689 1368 735 comes
1390 690 1495 735 rerum
1518 668 1724 753 privatarum,
1751 673 1817 732 turn
1841 685 2003 730 sacramm
2026 664 2130 747 largi-

502 783 620 850 tionum
652 793 722 851 erat
746 787 788 869 (v.
814 807 846 871 p.
873 788 1022 873 extu),
1057 787 1177 854 Decius
1205 809 1306 872 usque
1333 789 1376 855 ad
1406 809 1463 855 ver
1490 795 1547 855 aut
1572 793 1728 854 aestatem
1751 807 1783 852 a.
1810 789 1871 850 398
1894 785 1928 850 45
1950 783 2131 869 Campania

501 904 620 971 mansit
646 906 715 987 (VII
731 907 782 990 38)
809 927 914 991 neque
936 915 1011 974 ante
1033 916 1219 975 autumnum
1243 909 1386 976 eiusdem
1409 909 1485 975 anni
1508 908 1691 976 comitatum
1713 907 1835 973 adiisse
1857 912 1973 990 potest.
2020 904 2130 988 itaque

501 1025 660 1110 epistulae
683 1033 740 1092 aut
761 1047 792 1091 a.
819 1030 881 1092 398
905 1035 1043 1094 exeunte
1066 1038 1123 1095 554
1143 1051 1174 1094 5.
1201 1034 1263 1095 399
1285 1030 1416 1095 4555545
1438 1030 1576 1115 scriptae
1599 1034 1684 1094 sunt.
1727 1027 1770 1092 cf.
1789 1026 1884 1112 epist.
1902 1027 1963 1091 VII
1978 1030 2032 1090 94.
2054 1028 2126 1109 ‚¹⁰3-

588 1146 828 1212 4711555555
858 1147 901 1213 ad
930 1148 1091 1215 Theodori
1121 1151 1321 1216 consulatum
1344 1149 1575 1216 Mediolanium
1604 1148 1810 1234 proficiscens
1838 1147 1938 1213 Decio
1968 1166 2131 1212 commen-

501 1265 604 1348 datur,
631 1288 662 1331 a.
689 1269 750 1331 398
774 1274 924 1335 exeunte.
970 1290 1002 1334 u.
1027 1269 1103 1334 adn.
1129 1272 1204 1333 327.
1736 1249 1742 1259 x

507 1452 509 1455 .
589 1391 629 1451 48
648 1387 840 1471 Symmachi
872 1387 1050 1454 familiares
1079 1389 1122 1455 ad
1151 1409 1250 1474 equos
1278 1390 1407 1457 curules
1430 1389 1583 1455 emendos
1605 1389 1637 1453 in
1659 1388 1834 1473 Hispanias
1856 1388 1963 1469 missi,
1996 1408 2072 1452 vere
2095 1407 2126 1452 a.

502 1509 576 1571 399.
624 1528 654 1572 v.
680 1507 756 1573 adn.
783 1510 856 1572 330.

589 1631 629 1690 49
652 1627 773 1693 Decius
795 1636 954 1712 quaestor,
982 1630 1023 1695 ab
1046 1638 1198 1696 autumno
1220 1652 1250 1696 a.
1278 1633 1339 1695 398
1363 1649 1465 1713 usque
1488 1630 1531 1696 ad
1553 1629 1691 1695 hiemem
1712 1650 1743 1694 a.
1771 1634 1844 1693 llll.
1892 1649 1923 1693 v.
1948 1628 2024 1694 adn.
2052 1631 2127 1692 933.

588 1752 629 1812 50
652 1748 774 1815 Decius
795 1750 951 1816 Flaviano
974 1751 1134 1835 praefecto
1157 1750 1227 1816 urbi
1250 1750 1414 1831 successit,
1440 1749 1532 1815 initio
1555 1771 1585 1814 a.
1613 1755 1686 1814 491.
1734 1771 1765 1814 v.
1790 1747 1866 1813 adn.
1892 1751 1967 1813 842.

590 1874 630 1932 52
652 1868 685 1933 45
708 1869 803 1954 epist.
831 1874 871 1934 49
895 1870 1107 1956 Symmachus
1130 1871 1231 1936 Decio
1255 1871 1343 1936 litem
1367 1865 1493 1954 nepotis
1516 1869 1688 1951 uxorisque
1712 1868 1782 1935 eius
1804 1868 2050 1934 commendavit:
2079 1868 2130 1933 his

503 1988 617 2054 litteris
640 1989 688 2070 ei,
721 1989 771 2055 eui
794 1990 894 2056 missa
916 1997 980 2072 est,
1013 2012 1069 2076 pro
1093 2012 1170 2056 eura
1192 1990 1252 2056 sihi
1276 1991 1434 2074 suisque
1456 1990 1604 2075 impensa
1625 1989 1749 2073 gratias
1772 1989 1851 2073 agit.
1898 1988 1927 2054 si
1950 1988 2032 2054 hanc
2055 2008 2130 2053 suc-

503 2130 571 2174 rum
595 2110 925 2177 commemorationem
948 2111 991 2175 ad
1014 2111 1105 2177 illum
1128 2111 1246 2177 sororis
1269 2110 1368 2175 filium
1392 2110 1526 2193 eiusque
1549 2110 1718 2193 coniugem
1741 2109 1874 2190 referas,
1901 2109 1982 2174 haec
2001 2128 2131 2192 quoque

503 2229 644 2315 epistula
667 2229 766 2296 Decio
788 2230 1002 2297 adscribenda
1024 2250 1129 2313 neque
1151 2232 1250 2296 multo
1273 2237 1346 2316 post
1368 2233 1409 2294 49
1433 2229 1620 2297 collocanda
1642 2229 1712 2296 erit.

590 2352 630 2413 53
653 2350 768 2416 iisdem
797 2351 904 2417 verbis
933 2357 1088 2435 concepta
1117 2358 1167 2417 est
1196 2358 1291 2435 atque
1313 2352 1346 2416 11
1370 2354 1429 2431 67;
1461 2371 1545 2434 quae
1576 2370 1648 2415 cum
1678 2350 1721 2416 ad
1743 2350 1936 2415 Flavianum
1959 2349 2036 2414 data
2058 2358 2131 2434 post
2170 2406 2176 2413 ,

503 2491 533 2535 a.
561 2473 640 2553 394,
674 2492 736 2554 quc
759 2471 842 2538 diem
867 2472 961 2553 obiit,
996 2472 1115 2556 scripta
1138 2490 1210 2538 csse
1233 2492 1296 2537 non
1318 2471 1434 2556 possit,
1467 2471 1699 2554 huncquoque
1721 2478 1795 2536 ante
1818 2492 1849 2536 a.
1877 2474 1938 2535 395
1962 2469 2128 2536 collocavi.

504 2598 608 2655 utrum
632 2592 674 2657 ad
698 2592 833 2658 Decium
855 2614 896 2657 an
919 2593 962 2658 ad
984 2592 1156 2658 Patricium
1181 2591 1335 2673 datach,
1362 2592 1453 2657 cuius
1476 2591 1635 2676 epistulae
1658 2597 1828 2674 sequentes
1851 2598 1933 2672 sunt,
1960 2589 2132 2655 diiudicari

503 2711 622 2794 nequit.
2006 2706 2009 2711 ’

593 3147 633 3205 54
657 3141 941 3209 commendaticiae
963 3144 1071 3209 Attalo
1100 3143 1256 3225 traditae,
1290 3163 1361 3207 cum
1390 3162 1501 3208 mense
1523 3141 1637 3206 Martio
1659 3162 1690 3206 a.
1717 3145 1778 3206 398
1809 3143 1936 3225 legatus
1965 3142 2007 3208 ad
2034 3141 2132 3207 comi-

504 3267 604 3327 tatum
628 3262 882 3345 proficisceretur
908 3265 948 3346 (v.
977 3263 1052 3329 adn.
1080 3266 1169 3346 3484.
1216 3261 1259 3328 ad
1282 3262 1417 3328 Decium
1439 3262 1537 3346 igitur
1560 3262 1698 3347 scriptae
1721 3281 1793 3328 csse
1816 3282 1879 3327 non
1901 3269 2052 3347 possunt,
2079 3269 2132 3328 ut·

506 3389 580 3467 pote
609 3383 664 3465 qui
695 3403 732 3448 ec
760 3389 904 3469 tempore
933 3384 1103 3469 proconsul
1126 3383 1324 3468 Campaniae
1347 3382 1461 3463 fuerit,
1493 3383 1614 3467 optime
1635 3389 1743 3449 autem
1766 3382 1903 3449 Patricio
1925 3382 2128 3449 conveniunt.

504 3502 533 3567 is
563 3501 647 3567 enim
678 3509 744 3567 turn
776 3503 997 3587 magisterium
1026 3505 1236 3591 epistularum
1266 3504 1417 3587 gerebat,
1451 3523 1514 3586 quc
1542 3503 1574 3568 in
1604 3504 1723 3569 honore
1752 3503 1951 3587 legationum
1980 3523 2057 3569 cura
2079 3505 2131 3568 vel

505 3622 678 3707 praecipue
700 3622 743 3688 ad
766 3623 905 3689 officium
929 3625 999 3690 eius
1022 3625 1273 3710 pertinebatllll.

592 3745 632 3807 58
656 3742 813 3809 Patricius
842 3743 939 3809 simul
968 3765 1040 3809 cum
1070 3744 1148 3810 viris
1173 3744 1353 3811 illustribus
1376 3744 1485 3810 Felice
1507 3750 1540 3810 54
1560 3743 1715 3809 Minervio
1737 3745 1771 3809 in
1793 3744 1871 3809 aula
1892 3744 1978 3828 agit,
2011 3765 2043 3809 5.
2069 3747 2130 3809 397

505 3869 643 3929 exeunte
666 3866 806 3929 554398
830 3863 971 3930 ineunte.
1017 3886 1048 3930 v.
1075 3887 1107 3950 p.
1132 3865 1204 3930 VII.

593 3988 633 4047 59
664 4005 773 4048 saeros
801 3986 876 4049 eniti
903 3988 1021 4049 litterar
1051 3988 1151 4049 lulius
1182 4007 1275 4070 opens
1305 3989 1336 4047 io
1366 3986 1458 4048 rebeus
1487 3986 1626 4048 ontibus
1654 3988 1867 4068 leopardorum
1898 3990 2131 4069 urrcnr'ylcentr'onr

506 4107 708 4181 continentes;
733 4107 811 4167 idem
834 4115 918 4168 tuom
941 4108 1146 4170 desederotcm
1168 4107 1253 4169 rachis
1273 4109 1420 4190 papinum
1443 4107 1534 4169 sicud
1557 4107 1694 4169 tradidit.
1733 4107 1819 4189 quod
1841 4106 1981 4192 epistula
2001 4106 2131 4171 Patrieii

506 4223 610 4289 eidem
641 4225 751 4308 agenti
780 4225 814 4290 in
843 4226 938 4291 rebus
967 4225 1138 4291 commissa
1166 4232 1250 4303 erat,
1282 4226 1339 4309 qui
1369 4244 1477 4291 sacras
1507 4225 1631 4291 litteras
1658 4225 1702 4290 ad
1729 4226 1957 4309 Symmachum
1988 4225 2128 4311 pertulit,

507 4345 597 4409 illum
629 4352 704 4411 tunc
729 4344 918 4430 magistrum
942 4346 1152 4431 epistularum
1175 4345 1277 4412 luisse
1299 4344 1437 4428 indicat,
1471 4346 1590 4431 quippe
1612 4345 1664 4411 cui
1686 4365 1802 4410 munus
1824 4345 2001 4411 litterarum
2025 4366 2133 4411 sacra-

506 4486 575 4530 rum
605 4464 885 4550 concipiendamm
914 4473 946 4533 et
973 4466 1218 4533 amittendarum
1246 4466 1452 4532 incumberet.
1501 4466 1645 4552 leopardi
1672 4464 1707 4531 in
1735 4473 1919 4551 praeturam
1950 4466 2007 4532 filii
2034 4466 2132 4551 Sym-

507 4586 620 4653 macho
642 4606 674 4651 a.
700 4589 763 4650 400
785 4607 807 4652 5
829 4587 1006 4653 Stilichone
1029 4587 1112 4653 dono
1134 4587 1203 4653 dati
1225 4594 1309 4653 suut.
1357 4607 1387 4651 v.
1413 4587 1458 4652 IV
1483 4589 1540 4666 12;
1568 4588 1628 4652 VH
1654 4590 1725 4653 122.

1009 5034 1077 5117 VII
1104 5035 1247 5118 (tc-65
1275 5035 1337 5117 AD
1364 5034 1628 5117 Pnuulcrvu.

593 5223 766 5290 Patricium
796 5226 984 5308 magistrum
1015 5224 1225 5310 epistularum
1253 5224 1371 5306 fuisse,
1406 5224 1484 5291 dicit
1505 5223 1718 5307 Symmachus
1746 5226 1815 5306 493,
1842 5227 1901 5286 27;
1935 5245 1976 5285 on
1999 5246 2051 5307 epo
2074 5226 2134 5287 od-

508 5366 631 5409 ecrsum
661 5348 807 5410 iudicium
832 5347 987 5429 publicum
1016 5367 1175 5428 provocem
1204 5350 1327 5430 streptis
1354 5348 1556 5429 epistularum
1587 5348 1744 5428 replerunt
1766 5347 1971 5427 magistrum?
2014 5364 2077 5427 quc
2098 5343 2134 5408 in

592 5658 652 5720 934)
673 5658 729 5706 Not.
751 5659 827 5719 Dlgu.
849 5658 891 5707 Or.
912 5658 988 5721 xlx3
1013 5658 1055 5707 Oc.
1077 5658 1152 5707 XVII
1175 5661 1292 5718 mcpr'sler
1314 5658 1477 5717 epistularum
1499 5659 1680 5716 legationes
1703 5658 1872 5703 civitatum
1895 5660 1917 5703 et
1941 5657 2134 5704 consultationes

507 5750 529 5790 et
546 5759 627 5804 preces
645 5749 742 5793 tractat.
