<?xml version="1.0" encoding="UTF-8"?>
<!DOCTYPE html PUBLIC "-//W3C//DTD XHTML 1.0 Transitional//EN"
    "http://www.w3.org/TR/xhtml1/DTD/xhtml1-transitional.dtd">
<html xmlns="http://www.w3.org/1999/xhtml" xml:lang="en" lang="en">
 <head>
  <title>
</title>
<meta http-equiv="Content-Type" content="text/html;charset=utf-8" />
  <meta name='ocr-system' content='tesseract 3.04.00' />
  <meta name='ocr-capabilities' content='ocr_page ocr_carea ocr_par ocr_line ocrx_word'/>
</head>
<body>
  <div class='ocr_page' id='page_1' title='image "./qaureliisymmach00seecgoog_0401.png"; bbox 0 0 4716 6476; ppageno 0'>
   <div class='ocr_carea' id='block_1_1' title="bbox 526 451 1548 516">
    <p class='ocr_par' dir='ltr' id='par_1_1' title="bbox 526 451 1548 516">
     <span class='ocr_line' id='line_1_1' title="bbox 526 451 1548 516; baseline -0.005 -2"><span class='ocrx_word' id='word_1_1' title='bbox 526 454 587 516; x_wconf 83' lang='grc'><strong>182</strong></span> <span class='ocrx_word' id='word_1_2' title='bbox 1124 451 1321 509; x_wconf 79' lang='lat' dir='ltr'>SYMMACHI</span> <span class='ocrx_word' id='word_1_3' title='bbox 1337 451 1548 509; x_wconf 78' lang='lat' dir='ltr'>EPISTVLAE</span> 
     </span>
    </p>
   </div>
   <div class='ocr_carea' id='block_1_2' title="bbox 426 641 2191 2179">
    <p class='ocr_par' dir='ltr' id='par_1_2' title="bbox 426 641 2177 1249">
     <span class='ocr_line' id='line_1_2' title="bbox 426 641 2146 730; baseline 0.005 -23"><span class='ocrx_word' id='word_1_4' title='bbox 426 644 460 707; x_wconf 93' lang='lat' dir='ltr'><em>P</em></span> <span class='ocrx_word' id='word_1_5' title='bbox 479 644 499 705; x_wconf 98' lang='grc'>2</span> <span class='ocrx_word' id='word_1_6' title='bbox 521 642 619 708; x_wconf 87' lang='lat' dir='ltr'><strong>fuerit</strong></span> <span class='ocrx_word' id='word_1_7' title='bbox 648 641 857 725; x_wconf 77' lang='lat' dir='ltr'><strong>benignitatis</strong></span> <span class='ocrx_word' id='word_1_8' title='bbox 886 650 960 709; x_wconf 88' lang='lat' dir='ltr'><strong>tuae</strong></span> <span class='ocrx_word' id='word_1_9' title='bbox 987 649 1115 709; x_wconf 82' lang='lat' dir='ltr'><strong>actuum</strong></span> <span class='ocrx_word' id='word_1_10' title='bbox 1142 665 1283 711; x_wconf 89' lang='lat' dir='ltr'><strong>meorum</strong></span> <span class='ocrx_word' id='word_1_11' title='bbox 1306 644 1438 729; x_wconf 85' lang='lat' dir='ltr'><strong>fastigia</strong></span> <span class='ocrx_word' id='word_1_12' title='bbox 1460 653 1493 711; x_wconf 89' lang='lat' dir='ltr'><strong>et</strong></span> <span class='ocrx_word' id='word_1_13' title='bbox 1514 645 1621 730; x_wconf 91' lang='lat' dir='ltr'><strong>capita</strong></span> <span class='ocrx_word' id='word_1_14' title='bbox 1642 644 1819 727; x_wconf 83' lang='lat' dir='ltr'><strong>disquirere</strong></span> <span class='ocrx_word' id='word_1_15' title='bbox 1842 685 1884 694; x_wconf 97' lang='lat'>—</span> <span class='ocrx_word' id='word_1_16' title='bbox 1907 653 2011 712; x_wconf 90' lang='lat' dir='ltr'><strong>utrum</strong></span> <span class='ocrx_word' id='word_1_17' title='bbox 2035 647 2146 715; x_wconf 88' lang='lat' dir='ltr'><strong>crebra</strong></span> 
     </span>
     <span class='ocr_line' id='line_1_3' title="bbox 522 744 2141 835; baseline 0.005 -26"><span class='ocrx_word' id='word_1_18' title='bbox 522 745 661 810; x_wconf 91' lang='lat' dir='ltr'><strong>vectatio</strong></span> <span class='ocrx_word' id='word_1_19' title='bbox 692 744 798 829; x_wconf 88' lang='lat' dir='ltr'><strong>campi</strong></span> <span class='ocrx_word' id='word_1_20' title='bbox 826 753 882 812; x_wconf 88' lang='lat' dir='ltr'><strong>aut</strong></span> <span class='ocrx_word' id='word_1_21' title='bbox 910 746 1009 812; x_wconf 88' lang='lat' dir='ltr'><strong>maris</strong></span> <span class='ocrx_word' id='word_1_22' title='bbox 1038 748 1256 815; x_wconf 90' lang='lat' dir='ltr'><strong>valetudinem</strong></span> <span class='ocrx_word' id='word_1_23' title='bbox 1285 770 1390 815; x_wconf 87' lang='lat' dir='ltr'><strong>meam</strong></span> <span class='ocrx_word' id='word_1_24' title='bbox 1412 749 1546 833; x_wconf 90' lang='lat' dir='ltr'><strong>iuverit,</strong></span> <span class='ocrx_word' id='word_1_25' title='bbox 1579 770 1621 815; x_wconf 91' lang='lat' dir='ltr'><strong>an</strong></span> <span class='ocrx_word' id='word_1_26' title='bbox 1651 749 1737 815; x_wconf 92' lang='lat' dir='ltr'><strong>ullus</strong></span> <span class='ocrx_word' id='word_1_27' title='bbox 1766 750 1855 835; x_wconf 89' lang='lat' dir='ltr'><strong>agris</strong></span> <span class='ocrx_word' id='word_1_28' title='bbox 1882 752 1999 817; x_wconf 91' lang='lat' dir='ltr'><strong>nostris</strong></span> <span class='ocrx_word' id='word_1_29' title='bbox 2027 752 2141 831; x_wconf 87' lang='lat' dir='ltr'><strong>cultus,</strong></span> 
     </span>
     <span class='ocr_line' id='line_1_4' title="bbox 522 848 2144 940; baseline 0.003 -25"><span class='ocrx_word' id='word_1_30' title='bbox 522 849 659 915; x_wconf 89' lang='lat' dir='ltr'><strong>aedibus</strong></span> <span class='ocrx_word' id='word_1_31' title='bbox 688 848 787 933; x_wconf 90' lang='lat' dir='ltr'><strong>nitor,</strong></span> <span class='ocrx_word' id='word_1_32' title='bbox 820 851 927 934; x_wconf 88' lang='lat' dir='ltr'><strong>pecori</strong></span> <span class='ocrx_word' id='word_1_33' title='bbox 954 871 1105 918; x_wconf 89' lang='lat' dir='ltr'><strong>numerus</strong></span> <span class='ocrx_word' id='word_1_34' title='bbox 1134 853 1323 935; x_wconf 87' lang='lat' dir='ltr'><strong>accesserit,</strong></span> <span class='ocrx_word' id='word_1_35' title='bbox 1356 853 1433 937; x_wconf 90' lang='lat' dir='ltr'><strong>qnid</strong></span> <span class='ocrx_word' id='word_1_36' title='bbox 1461 853 1633 920; x_wconf 85' lang='lat' dir='ltr'><strong>adduxerit</strong></span> <span class='ocrx_word' id='word_1_37' title='bbox 1659 854 1800 919; x_wconf 82' lang='lat' dir='ltr'><strong>edulium</strong></span> <span class='ocrx_word' id='word_1_38' title='bbox 1824 855 2008 940; x_wconf 88' lang='lat' dir='ltr'><strong>copiarum,</strong></span> <span class='ocrx_word' id='word_1_39' title='bbox 2040 861 2144 920; x_wconf 88' lang='lat' dir='ltr'><strong>utrum</strong></span> 
     </span>
     <span class='ocr_line' id='line_1_5' title="bbox 522 952 2145 1040; baseline 0.004 -24"><span class='ocrx_word' id='word_1_40' title='bbox 522 952 722 1017; x_wconf 89' lang='lat' dir='ltr'><strong>consularem</strong></span> <span class='ocrx_word' id='word_1_41' title='bbox 753 973 897 1018; x_wconf 87' lang='lat' dir='ltr'><strong>mensam</strong></span> <span class='ocrx_word' id='word_1_42' title='bbox 926 955 1118 1021; x_wconf 86' lang='lat' dir='ltr'><strong>succinxerit</strong></span> <span class='ocrx_word' id='word_1_43' title='bbox 1145 956 1259 1022; x_wconf 92' lang='lat' dir='ltr'><strong>modus</strong></span> <span class='ocrx_word' id='word_1_44' title='bbox 1285 957 1501 1039; x_wconf 87' lang='lat' dir='ltr'><strong>voluntarius,</strong></span> <span class='ocrx_word' id='word_1_45' title='bbox 1535 978 1576 1022; x_wconf 90' lang='lat' dir='ltr'><strong>an</strong></span> <span class='ocrx_word' id='word_1_46' title='bbox 1599 976 1751 1040; x_wconf 87' lang='lat' dir='ltr'><strong>umquam</strong></span> <span class='ocrx_word' id='word_1_47' title='bbox 1773 956 1918 1022; x_wconf 88' lang='lat' dir='ltr'><strong>Formias</strong></span> <span class='ocrx_word' id='word_1_48' title='bbox 1940 956 2046 1023; x_wconf 92' lang='lat' dir='ltr'><strong>vicina</strong></span> <span class='ocrx_word' id='word_1_49' title='bbox 2067 958 2145 1023; x_wconf 90' lang='lat' dir='ltr'><strong>urbe</strong></span> 
     </span>
     <span class='ocr_line' id='line_1_6' title="bbox 521 1055 2177 1145; baseline 0.002 -25"><span class='ocrx_word' id='word_1_50' title='bbox 521 1064 578 1122; x_wconf 90' lang='lat' dir='ltr'><strong>aut</strong></span> <span class='ocrx_word' id='word_1_51' title='bbox 607 1055 827 1139; x_wconf 79' lang='lat' dir='ltr'><strong>longinquiore</strong></span> <span class='ocrx_word' id='word_1_52' title='bbox 857 1058 1047 1123; x_wconf 79' lang='lat' dir='ltr'><strong>mutaverim</strong></span> <span class='ocrx_word' id='word_1_53' title='bbox 1070 1082 1128 1139; x_wconf 91' lang='grc'><strong>-;</strong></span> <span class='ocrx_word' id='word_1_54' title='bbox 1166 1060 1306 1125; x_wconf 83' lang='lat' dir='ltr'><strong>etiamne</strong></span> <span class='ocrx_word' id='word_1_55' title='bbox 1335 1061 1503 1144; x_wconf 87' lang='lat' dir='ltr'><strong>explorare</strong></span> <span class='ocrx_word' id='word_1_56' title='bbox 1525 1067 1556 1126; x_wconf 89' lang='lat' dir='ltr'><strong>te</strong></span> <span class='ocrx_word' id='word_1_57' title='bbox 1579 1060 1630 1126; x_wconf 83' lang='lat' dir='ltr'><strong>fas</strong></span> <span class='ocrx_word' id='word_1_58' title='bbox 1652 1059 1730 1141; x_wconf 84' lang='lat' dir='ltr'><strong>fuit,</strong></span> <span class='ocrx_word' id='word_1_59' title='bbox 1762 1060 1841 1144; x_wconf 91' lang='lat' dir='ltr'><strong>quid</strong></span> <span class='ocrx_word' id='word_1_60' title='bbox 1863 1060 1974 1145; x_wconf 90' lang='lat' dir='ltr'><strong>procul</strong></span> <span class='ocrx_word' id='word_1_61' title='bbox 1995 1061 2036 1125; x_wconf 91' lang='lat' dir='ltr'><strong>ab</strong></span> <span class='ocrx_word' id='word_1_62' title='bbox 2059 1061 2177 1125; x_wconf 81' lang='lat' dir='ltr'><strong>arbi-r</strong></span> 
     </span>
     <span class='ocr_line' id='line_1_7' title="bbox 522 1158 2144 1249; baseline 0.002 -26"><span class='ocrx_word' id='word_1_63' title='bbox 522 1159 580 1223; x_wconf 87' lang='lat' dir='ltr'><strong>tris</strong></span> <span class='ocrx_word' id='word_1_64' title='bbox 609 1158 786 1224; x_wconf 90' lang='lat' dir='ltr'><strong>studiorum</strong></span> <span class='ocrx_word' id='word_1_65' title='bbox 815 1180 956 1225; x_wconf 87' lang='lat' dir='ltr'><strong>meorum</strong></span> <span class='ocrx_word' id='word_1_66' title='bbox 988 1182 1064 1227; x_wconf 90' lang='lat' dir='ltr'><strong>cura</strong></span> <span class='ocrx_word' id='word_1_67' title='bbox 1093 1163 1262 1230; x_wconf 88' lang='lat' dir='ltr'><strong>contulerit</strong></span> <span class='ocrx_word' id='word_1_68' title='bbox 1289 1163 1323 1228; x_wconf 93' lang='lat' dir='ltr'><strong>in</strong></span> <span class='ocrx_word' id='word_1_69' title='bbox 1345 1164 1497 1249; x_wconf 89' lang='lat' dir='ltr'><strong>paginas,</strong></span> <span class='ocrx_word' id='word_1_70' title='bbox 1531 1171 1636 1230; x_wconf 90' lang='lat' dir='ltr'><strong>utrum</strong></span> <span class='ocrx_word' id='word_1_71' title='bbox 1658 1183 1709 1229; x_wconf 89' lang='lat' dir='ltr'><strong>me</strong></span> <span class='ocrx_word' id='word_1_72' title='bbox 1731 1170 1896 1248; x_wconf 90' lang='lat' dir='ltr'><strong>operatum</strong></span> <span class='ocrx_word' id='word_1_73' title='bbox 1919 1163 2001 1228; x_wconf 92' lang='lat' dir='ltr'><strong>ceris</strong></span> <span class='ocrx_word' id='word_1_74' title='bbox 2023 1169 2144 1229; x_wconf 85' lang='lat' dir='ltr'><strong>stantes</strong></span> 
     </span>
    </p>

    <p class='ocr_par' dir='ltr' id='par_1_3' title="bbox 481 1263 2191 1761">
     <span class='ocr_line' id='line_1_8' title="bbox 481 1263 2141 1352; baseline 0.002 -25"><span class='ocrx_word' id='word_1_75' title='bbox 481 1267 499 1327; x_wconf 86' lang='lat'><strong>3</strong></span> <span class='ocrx_word' id='word_1_76' title='bbox 522 1264 711 1348; x_wconf 88' lang='lat' dir='ltr'><strong>plerumque</strong></span> <span class='ocrx_word' id='word_1_77' title='bbox 741 1263 826 1329; x_wconf 91' lang='lat' dir='ltr'><strong>oculi</strong></span> <span class='ocrx_word' id='word_1_78' title='bbox 855 1271 888 1330; x_wconf 92' lang='lat' dir='ltr'><strong>et</strong></span> <span class='ocrx_word' id='word_1_79' title='bbox 917 1265 1050 1349; x_wconf 90' lang='lat' dir='ltr'><strong>palloris</strong></span> <span class='ocrx_word' id='word_1_80' title='bbox 1078 1265 1172 1349; x_wconf 87' lang='lat' dir='ltr'><strong>signa</strong></span> <span class='ocrx_word' id='word_1_81' title='bbox 1202 1267 1403 1332; x_wconf 78' lang='lat' dir='ltr'><strong>detexerint?</strong></span> <span class='ocrx_word' id='word_1_82' title='bbox 1446 1268 1680 1352; x_wconf 81' lang='lat' dir='ltr'><strong>exploratorem</strong></span> <span class='ocrx_word' id='word_1_83' title='bbox 1710 1273 1742 1332; x_wconf 89' lang='lat' dir='ltr'><strong>te</strong></span> <span class='ocrx_word' id='word_1_84' title='bbox 1770 1267 1863 1332; x_wconf 91' lang='lat' dir='ltr'><strong>stilus</strong></span> <span class='ocrx_word' id='word_1_85' title='bbox 1892 1285 1984 1331; x_wconf 85' lang='lat' dir='ltr'><strong>mens</strong></span> <span class='ocrx_word' id='word_1_86' title='bbox 2012 1266 2141 1351; x_wconf 87' lang='lat' dir='ltr'><strong>patitur.</strong></span> 
     </span>
     <span class='ocr_line' id='line_1_9' title="bbox 522 1366 2144 1454; baseline 0.002 -23"><span class='ocrx_word' id='word_1_87' title='bbox 522 1366 618 1431; x_wconf 90' lang='lat' dir='ltr'><strong>doces</strong></span> <span class='ocrx_word' id='word_1_88' title='bbox 640 1366 759 1431; x_wconf 90' lang='lat' dir='ltr'><strong>amicos</strong></span> <span class='ocrx_word' id='word_1_89' title='bbox 782 1367 998 1451; x_wconf 79' lang='lat' dir='ltr'><strong>suspicionum</strong></span> <span class='ocrx_word' id='word_1_90' title='bbox 1021 1369 1110 1451; x_wconf 87' lang='lat' dir='ltr'><strong>vias,</strong></span> <span class='ocrx_word' id='word_1_91' title='bbox 1144 1378 1177 1436; x_wconf 87' lang='lat' dir='ltr'><strong>et</strong></span> <span class='ocrx_word' id='word_1_92' title='bbox 1198 1370 1226 1434; x_wconf 91' lang='lat' dir='ltr'><strong>si</strong></span> <span class='ocrx_word' id='word_1_93' title='bbox 1249 1370 1314 1436; x_wconf 92' lang='lat' dir='ltr'><strong>dici</strong></span> <span class='ocrx_word' id='word_1_94' title='bbox 1335 1378 1455 1454; x_wconf 90' lang='lat' dir='ltr'><strong>potest,</strong></span> <span class='ocrx_word' id='word_1_95' title='bbox 1490 1370 1585 1436; x_wconf 90' lang='lat' dir='ltr'><strong>odore</strong></span> <span class='ocrx_word' id='word_1_96' title='bbox 1607 1376 1703 1453; x_wconf 87' lang='lat' dir='ltr'><strong>atque</strong></span> <span class='ocrx_word' id='word_1_97' title='bbox 1727 1369 1873 1454; x_wconf 87' lang='lat' dir='ltr'><strong>vestigiis</strong></span> <span class='ocrx_word' id='word_1_98' title='bbox 1895 1368 2015 1453; x_wconf 85' lang='lat' dir='ltr'><strong>scripta</strong></span> <span class='ocrx_word' id='word_1_99' title='bbox 2036 1376 2144 1434; x_wconf 90' lang='lat' dir='ltr'><strong>nostra</strong></span> 
     </span>
     <span class='ocr_line' id='line_1_10' title="bbox 521 1469 2144 1558; baseline 0.001 -24"><span class='ocrx_word' id='word_1_100' title='bbox 521 1469 662 1536; x_wconf 88' lang='lat' dir='ltr'><strong>venaris.</strong></span> <span class='ocrx_word' id='word_1_101' title='bbox 708 1490 785 1535; x_wconf 91' lang='lat' dir='ltr'><strong>num</strong></span> <span class='ocrx_word' id='word_1_102' title='bbox 814 1490 876 1553; x_wconf 92' lang='lat' dir='ltr'><strong>ego</strong></span> <span class='ocrx_word' id='word_1_103' title='bbox 905 1471 988 1537; x_wconf 89' lang='lat' dir='ltr'><strong>scire</strong></span> <span class='ocrx_word' id='word_1_104' title='bbox 1017 1473 1161 1557; x_wconf 88' lang='lat' dir='ltr'><strong>postulo,</strong></span> <span class='ocrx_word' id='word_1_105' title='bbox 1195 1472 1272 1556; x_wconf 90' lang='lat' dir='ltr'><strong>quid</strong></span> <span class='ocrx_word' id='word_1_106' title='bbox 1301 1474 1335 1538; x_wconf 90' lang='lat' dir='ltr'><strong>in</strong></span> <span class='ocrx_word' id='word_1_107' title='bbox 1358 1474 1545 1539; x_wconf 64' lang='lat' dir='ltr'><strong>Tiburtibus</strong></span> <span class='ocrx_word' id='word_1_108' title='bbox 1573 1473 1726 1558; x_wconf 86' lang='lat' dir='ltr'><strong>pomariis</strong></span> <span class='ocrx_word' id='word_1_109' title='bbox 1754 1472 1901 1539; x_wconf 89' lang='lat' dir='ltr'><strong>litterarii</strong></span> <span class='ocrx_word' id='word_1_110' title='bbox 1923 1472 2029 1557; x_wconf 89' lang='lat' dir='ltr'><strong>operis</strong></span> <span class='ocrx_word' id='word_1_111' title='bbox 2051 1493 2144 1538; x_wconf 85' lang='lat' dir='ltr'><strong>exer-</strong></span> 
     </span>
     <span class='ocr_line' id='line_1_11' title="bbox 521 1572 2191 1661; baseline 0.001 -25"><span class='ocrx_word' id='word_1_112' title='bbox 521 1578 618 1637; x_wconf 84' lang='lat' dir='ltr'><strong>ceas‘l</strong></span> <span class='ocrx_word' id='word_1_113' title='bbox 662 1572 766 1638; x_wconf 91' lang='lat' dir='ltr'><strong>solum</strong></span> <span class='ocrx_word' id='word_1_114' title='bbox 794 1574 854 1639; x_wconf 85' lang='lat' dir='ltr'><strong>lroc</strong></span> <span class='ocrx_word' id='word_1_115' title='bbox 884 1574 972 1640; x_wconf 84' lang='lat' dir='ltr'><strong>sama</strong></span> <span class='ocrx_word' id='word_1_116' title='bbox 999 1576 1123 1657; x_wconf 90' lang='lat' dir='ltr'><strong>attulit,</strong></span> <span class='ocrx_word' id='word_1_117' title='bbox 1154 1576 1317 1642; x_wconf 90' lang='lat' dir='ltr'><strong>balineum</strong></span> <span class='ocrx_word' id='word_1_118' title='bbox 1347 1577 1405 1642; x_wconf 91' lang='lat' dir='ltr'><strong>tibi</strong></span> <span class='ocrx_word' id='word_1_119' title='bbox 1434 1597 1537 1661; x_wconf 85' lang='lat' dir='ltr'><strong>nuper</strong></span> <span class='ocrx_word' id='word_1_120' title='bbox 1566 1583 1762 1657; x_wconf 77' lang='lat' dir='ltr'><strong>exbuctum,</strong></span> <span class='ocrx_word' id='word_1_121' title='bbox 1796 1576 1848 1642; x_wconf 91' lang='lat' dir='ltr'><strong>cui</strong></span> <span class='ocrx_word' id='word_1_122' title='bbox 1877 1576 1970 1641; x_wconf 87' lang='lat' dir='ltr'><strong>torris</strong></span> <span class='ocrx_word' id='word_1_123' title='bbox 1996 1596 2080 1641; x_wconf 90' lang='lat' dir='ltr'><strong>unus</strong></span> <span class='ocrx_word' id='word_1_124' title='bbox 2100 1575 2142 1640; x_wconf 93' lang='lat' dir='ltr'><strong>ad</strong></span> <span class='ocrx_word' id='word_1_125' title='bbox 2163 1599 2191 1639; x_wconf 78' lang='lat' dir='ltr'><strong>rc</strong></span> 
     </span>
     <span class='ocr_line' id='line_1_12' title="bbox 519 1674 2143 1761; baseline 0.003 -23"><span class='ocrx_word' id='word_1_126' title='bbox 519 1674 597 1739; x_wconf 90' lang='lat' dir='ltr'><strong>iusti</strong></span> <span class='ocrx_word' id='word_1_127' title='bbox 627 1675 742 1741; x_wconf 87' lang='lat' dir='ltr'><strong>caloris</strong></span> <span class='ocrx_word' id='word_1_128' title='bbox 764 1677 918 1761; x_wconf 87' lang='lat' dir='ltr'><strong>pabulum</strong></span> <span class='ocrx_word' id='word_1_129' title='bbox 941 1679 1127 1745; x_wconf 80' lang='lat' dir='ltr'><strong>satisfacere</strong></span> <span class='ocrx_word' id='word_1_130' title='bbox 1150 1686 1313 1759; x_wconf 83' lang='lat' dir='ltr'><strong>narratur3</strong></span> <span class='ocrx_word' id='word_1_131' title='bbox 1348 1680 1511 1746; x_wconf 86' lang='lat' dir='ltr'><strong>lectitasse</strong></span> <span class='ocrx_word' id='word_1_132' title='bbox 1533 1686 1640 1745; x_wconf 87' lang='lat' dir='ltr'><strong>autern</strong></span> <span class='ocrx_word' id='word_1_133' title='bbox 1662 1688 1695 1746; x_wconf 90' lang='lat' dir='ltr'><strong>te</strong></span> <span class='ocrx_word' id='word_1_134' title='bbox 1716 1680 1749 1744; x_wconf 94' lang='lat' dir='ltr'><strong>in</strong></span> <span class='ocrx_word' id='word_1_135' title='bbox 1772 1680 1871 1745; x_wconf 92' lang='lat' dir='ltr'><strong>multo</strong></span> <span class='ocrx_word' id='word_1_136' title='bbox 1894 1678 1958 1745; x_wconf 86' lang='lat' dir='ltr'><strong>otio</strong></span> <span class='ocrx_word' id='word_1_137' title='bbox 1979 1679 2143 1761; x_wconf 88' lang='lat' dir='ltr'><strong>utriusque</strong></span> 
     </span>
    </p>

    <p class='ocr_par' dir='ltr' id='par_1_4' title="bbox 477 1777 2142 2074">
     <span class='ocr_line' id='line_1_13' title="bbox 477 1777 2138 1868; baseline 0.002 -25"><span class='ocrx_word' id='word_1_138' title='bbox 477 1785 496 1843; x_wconf 82' lang='grc'><strong>4</strong></span> <span class='ocrx_word' id='word_1_139' title='bbox 519 1777 651 1861; x_wconf 88' lang='lat' dir='ltr'><strong>linguae</strong></span> <span class='ocrx_word' id='word_1_140' title='bbox 673 1785 836 1863; x_wconf 84' lang='lat' dir='ltr'><strong>auctores,</strong></span> <span class='ocrx_word' id='word_1_141' title='bbox 870 1780 940 1865; x_wconf 91' lang='lat' dir='ltr'><strong>ipse</strong></span> <span class='ocrx_word' id='word_1_142' title='bbox 961 1781 1060 1847; x_wconf 87' lang='lat' dir='ltr'><strong>index</strong></span> <span class='ocrx_word' id='word_1_143' title='bbox 1082 1782 1182 1847; x_wconf 85' lang='lat' dir='ltr'><strong>suisti.</strong></span> <span class='ocrx_word' id='word_1_144' title='bbox 1230 1803 1290 1866; x_wconf 93' lang='lat' dir='ltr'><strong>ego</strong></span> <span class='ocrx_word' id='word_1_145' title='bbox 1312 1790 1420 1849; x_wconf 86' lang='lat' dir='ltr'><strong>tamen</strong></span> <span class='ocrx_word' id='word_1_146' title='bbox 1442 1804 1506 1848; x_wconf 91' lang='lat' dir='ltr'><strong>non</strong></span> <span class='ocrx_word' id='word_1_147' title='bbox 1528 1803 1665 1865; x_wconf 86' lang='lat' dir='ltr'><strong>quaero,</strong></span> <span class='ocrx_word' id='word_1_148' title='bbox 1694 1804 1736 1849; x_wconf 87' lang='lat' dir='ltr'><strong>an</strong></span> <span class='ocrx_word' id='word_1_149' title='bbox 1758 1784 1882 1866; x_wconf 87' lang='lat' dir='ltr'><strong>aliquid</strong></span> <span class='ocrx_word' id='word_1_150' title='bbox 1904 1789 1938 1849; x_wconf 93' lang='lat' dir='ltr'><strong>et</strong></span> <span class='ocrx_word' id='word_1_151' title='bbox 1958 1782 2138 1868; x_wconf 77' lang='lat' dir='ltr'><strong>scripseris3</strong></span> 
     </span>
     <span class='ocr_line' id='line_1_14' title="bbox 520 1881 2138 1973; baseline 0.005 -26"><span class='ocrx_word' id='word_1_152' title='bbox 520 1881 740 1948; x_wconf 88' lang='lat' dir='ltr'><strong>animadverto</strong></span> <span class='ocrx_word' id='word_1_153' title='bbox 769 1883 855 1949; x_wconf 88' lang='lat' dir='ltr'><strong>euim</strong></span> <span class='ocrx_word' id='word_1_154' title='bbox 886 1890 918 1949; x_wconf 89' lang='lat' dir='ltr'><strong>te</strong></span> <span class='ocrx_word' id='word_1_155' title='bbox 947 1885 1161 1951; x_wconf 89' lang='lat' dir='ltr'><strong>eonscientiae</strong></span> <span class='ocrx_word' id='word_1_156' title='bbox 1187 1887 1291 1970; x_wconf 87' lang='lat' dir='ltr'><strong>gloria</strong></span> <span class='ocrx_word' id='word_1_157' title='bbox 1312 1886 1430 1972; x_wconf 89' lang='lat' dir='ltr'><strong>proprii</strong></span> <span class='ocrx_word' id='word_1_158' title='bbox 1453 1886 1558 1971; x_wconf 90' lang='lat' dir='ltr'><strong>operis</strong></span> <span class='ocrx_word' id='word_1_159' title='bbox 1579 1906 1751 1953; x_wconf 85' lang='lat' dir='ltr'><strong>accensum</strong></span> <span class='ocrx_word' id='word_1_160' title='bbox 1772 1887 1915 1953; x_wconf 89' lang='lat' dir='ltr'><strong>voluisse</strong></span> <span class='ocrx_word' id='word_1_161' title='bbox 1938 1908 2138 1973; x_wconf 84' lang='lat' dir='ltr'><strong>cognoscere,</strong></span> 
     </span>
     <span class='ocr_line' id='line_1_15' title="bbox 519 1986 2142 2074; baseline 0.006 -26"><span class='ocrx_word' id='word_1_162' title='bbox 519 2005 562 2049; x_wconf 90' lang='lat' dir='ltr'><strong>an</strong></span> <span class='ocrx_word' id='word_1_163' title='bbox 583 2004 644 2068; x_wconf 86' lang='lat' dir='ltr'><strong>ego</strong></span> <span class='ocrx_word' id='word_1_164' title='bbox 666 2006 792 2070; x_wconf 89' lang='lat' dir='ltr'><strong>quoque</strong></span> <span class='ocrx_word' id='word_1_165' title='bbox 813 1986 898 2052; x_wconf 92' lang='lat' dir='ltr'><strong>idem</strong></span> <span class='ocrx_word' id='word_1_166' title='bbox 922 1987 1064 2053; x_wconf 81' lang='lat' dir='ltr'><strong>fecerim.</strong></span> <span class='ocrx_word' id='word_1_167' title='bbox 1111 1988 1170 2055; x_wconf 90' lang='lat' dir='ltr'><strong>sed</strong></span> <span class='ocrx_word' id='word_1_168' title='bbox 1192 1990 1256 2055; x_wconf 91' lang='lat' dir='ltr'><strong>iam</strong></span> <span class='ocrx_word' id='word_1_169' title='bbox 1279 1990 1407 2055; x_wconf 88' lang='lat' dir='ltr'><strong>omissis</strong></span> <span class='ocrx_word' id='word_1_170' title='bbox 1430 1989 1576 2074; x_wconf 86' lang='lat' dir='ltr'><strong>epistulis</strong></span> <span class='ocrx_word' id='word_1_171' title='bbox 1599 1990 1696 2055; x_wconf 89' lang='lat' dir='ltr'><strong>velim</strong></span> <span class='ocrx_word' id='word_1_172' title='bbox 1718 1990 1852 2073; x_wconf 88' lang='lat' dir='ltr'><strong>redeas,</strong></span> <span class='ocrx_word' id='word_1_173' title='bbox 1883 1992 1946 2057; x_wconf 90' lang='lat' dir='ltr'><strong>nisi</strong></span> <span class='ocrx_word' id='word_1_174' title='bbox 1968 1993 2049 2058; x_wconf 88' lang='lat' dir='ltr'><strong>forte</strong></span> <span class='ocrx_word' id='word_1_175' title='bbox 2070 1993 2142 2058; x_wconf 87' lang='lat' dir='ltr'><strong>bal-</strong></span> 
     </span>
    </p>

    <p class='ocr_par' dir='ltr' id='par_1_5' title="bbox 444 2087 2190 2179">
     <span class='ocr_line' id='line_1_16' title="bbox 444 2087 2190 2179; baseline 0.002 -27"><span class='ocrx_word' id='word_1_176' title='bbox 444 2129 449 2137; x_wconf 90' lang='lat'>·</span> <span class='ocrx_word' id='word_1_177' title='bbox 518 2087 572 2152; x_wconf 90' lang='lat' dir='ltr'><strong>nei</strong></span> <span class='ocrx_word' id='word_1_178' title='bbox 593 2088 641 2153; x_wconf 92' lang='lat' dir='ltr'><strong>tui</strong></span> <span class='ocrx_word' id='word_1_179' title='bbox 662 2089 770 2155; x_wconf 90' lang='lat' dir='ltr'><strong>brevis</strong></span> <span class='ocrx_word' id='word_1_180' title='bbox 793 2097 938 2177; x_wconf 90' lang='lat' dir='ltr'><strong>sumptus</strong></span> <span class='ocrx_word' id='word_1_181' title='bbox 961 2090 1113 2175; x_wconf 85' lang='lat' dir='ltr'><strong>hortatur,</strong></span> <span class='ocrx_word' id='word_1_182' title='bbox 1139 2113 1180 2160; x_wconf 91' lang='lat' dir='ltr'><strong>ne</strong></span> <span class='ocrx_word' id='word_1_183' title='bbox 1204 2093 1336 2160; x_wconf 89' lang='lat' dir='ltr'><strong>deseras</strong></span> <span class='ocrx_word' id='word_1_184' title='bbox 1358 2094 1574 2179; x_wconf 87' lang='lat' dir='ltr'><strong>parsimoniae</strong></span> <span class='ocrx_word' id='word_1_185' title='bbox 1596 2093 1872 2160; x_wconf 87' lang='lat' dir='ltr'><strong>consuetudinem.</strong></span> <span class='ocrx_word' id='word_1_186' title='bbox 1918 2096 2003 2161; x_wconf 88' lang='lat' dir='ltr'><strong>vale.</strong></span> <span class='ocrx_word' id='word_1_187' title='bbox 2162 2116 2190 2156; x_wconf 77' lang='lat' dir='ltr'><strong>rs</strong></span> 
     </span>
    </p>
   </div>
   <div class='ocr_carea' id='block_1_3' title="bbox 1096 2421 1560 2645">
    <p class='ocr_par' dir='ltr' id='par_1_6' title="bbox 1096 2421 1560 2645">
     <span class='ocr_line' id='line_1_17' title="bbox 1260 2421 1397 2487; baseline 0 -1"><span class='ocrx_word' id='word_1_188' title='bbox 1260 2421 1397 2487; x_wconf 86' lang='lat' dir='ltr'><strong>XVIIII.</strong></span> 
     </span>
     <span class='ocr_line' id='line_1_18' title="bbox 1096 2576 1560 2645; baseline 0.002 -3"><span class='ocrx_word' id='word_1_189' title='bbox 1096 2576 1357 2644; x_wconf 77' lang='lat' dir='ltr'>SYMMAGHVS</span> <span class='ocrx_word' id='word_1_190' title='bbox 1378 2578 1560 2645; x_wconf 81' lang='lat' dir='ltr'><strong>ATTALO.</strong></span> 
     </span>
    </p>
   </div>
   <div class='ocr_carea' id='block_1_4' title="bbox 513 2744 2187 3453">
    <p class='ocr_par' dir='ltr' id='par_1_7' title="bbox 513 2744 2187 3453">
     <span class='ocr_line' id='line_1_19' title="bbox 601 2744 2135 2836; baseline 0.007 -28"><span class='ocrx_word' id='word_1_191' title='bbox 601 2744 673 2810; x_wconf 89' lang='lat' dir='ltr'><strong>Duo</strong></span> <span class='ocrx_word' id='word_1_192' title='bbox 695 2744 816 2829; x_wconf 89' lang='lat' dir='ltr'><strong>pariter</strong></span> <span class='ocrx_word' id='word_1_193' title='bbox 837 2747 1008 2813; x_wconf 90' lang='lat' dir='ltr'><strong>commissa</strong></span> <span class='ocrx_word' id='word_1_194' title='bbox 1028 2748 1062 2813; x_wconf 90' lang='lat' dir='ltr'><strong>in</strong></span> <span class='ocrx_word' id='word_1_195' title='bbox 1084 2749 1259 2815; x_wconf 89' lang='lat' dir='ltr'><strong>amicitiam</strong></span> <span class='ocrx_word' id='word_1_196' title='bbox 1281 2750 1448 2817; x_wconf 89' lang='lat' dir='ltr'><strong>redemisti</strong></span> <span class='ocrx_word' id='word_1_197' title='bbox 1470 2751 1630 2836; x_wconf 89' lang='lat' dir='ltr'><strong>epistulae</strong></span> <span class='ocrx_word' id='word_1_198' title='bbox 1651 2758 1727 2818; x_wconf 88' lang='lat' dir='ltr'><strong>tuae</strong></span> <span class='ocrx_word' id='word_1_199' title='bbox 1750 2752 1893 2819; x_wconf 88' lang='lat' dir='ltr'><strong>salibus:</strong></span> <span class='ocrx_word' id='word_1_200' title='bbox 1919 2752 1974 2818; x_wconf 90' lang='lat' dir='ltr'><strong>diu</strong></span> <span class='ocrx_word' id='word_1_201' title='bbox 1997 2753 2135 2835; x_wconf 84' lang='lat' dir='ltr'><strong>afueras,</strong></span> 
     </span>
     <span class='ocr_line' id='line_1_20' title="bbox 514 2846 2139 2933; baseline 0.006 -23"><span class='ocrx_word' id='word_1_202' title='bbox 514 2846 596 2911; x_wconf 90' lang='lat' dir='ltr'><strong>nibil</strong></span> <span class='ocrx_word' id='word_1_203' title='bbox 618 2848 805 2933; x_wconf 87' lang='lat' dir='ltr'><strong>scripseras.</strong></span> <span class='ocrx_word' id='word_1_204' title='bbox 846 2850 918 2933; x_wconf 90' lang='lat' dir='ltr'><strong>quis</strong></span> <span class='ocrx_word' id='word_1_205' title='bbox 934 2851 1074 2918; x_wconf 80' lang='lat' dir='ltr'><strong>Colchus</strong></span> <span class='ocrx_word' id='word_1_206' title='bbox 1096 2859 1153 2918; x_wconf 89' lang='lat' dir='ltr'><strong>aut</strong></span> <span class='ocrx_word' id='word_1_207' title='bbox 1167 2852 1346 2920; x_wconf 84' lang='lat' dir='ltr'><strong>Thessalus</strong></span> <span class='ocrx_word' id='word_1_208' title='bbox 1369 2861 1463 2920; x_wconf 89' lang='lat' dir='ltr'><strong>cantu</strong></span> <span class='ocrx_word' id='word_1_209' title='bbox 1486 2862 1543 2920; x_wconf 89' lang='lat' dir='ltr'><strong>aut</strong></span> <span class='ocrx_word' id='word_1_210' title='bbox 1563 2875 1661 2921; x_wconf 84' lang='lat' dir='ltr'><strong>mauu</strong></span> <span class='ocrx_word' id='word_1_211' title='bbox 1683 2854 1744 2920; x_wconf 90' lang='lat' dir='ltr'><strong>bas</strong></span> <span class='ocrx_word' id='word_1_212' title='bbox 1766 2854 1961 2922; x_wconf 83' lang='lat' dir='ltr'><strong>offensiones</strong></span> <span class='ocrx_word' id='word_1_213' title='bbox 1982 2857 2139 2923; x_wconf 73' lang='lat' dir='ltr'><strong>levasset?</strong></span> 
     </span>
     <span class='ocr_line' id='line_1_21' title="bbox 515 2951 2187 3046; baseline 0.008 -33"><span class='ocrx_word' id='word_1_214' title='bbox 515 2969 592 3034; x_wconf 92' lang='lat' dir='ltr'><strong>ergo</strong></span> <span class='ocrx_word' id='word_1_215' title='bbox 614 2951 654 3016; x_wconf 94' lang='lat' dir='ltr'><strong>ob</strong></span> <span class='ocrx_word' id='word_1_216' title='bbox 677 2951 836 3036; x_wconf 88' lang='lat' dir='ltr'><strong>epistulae</strong></span> <span class='ocrx_word' id='word_1_217' title='bbox 859 2953 1108 3021; x_wconf 89' lang='lat' dir='ltr'><strong>delenimentum</strong></span> <span class='ocrx_word' id='word_1_218' title='bbox 1131 2956 1247 3023; x_wconf 88' lang='lat' dir='ltr'><strong>veniae</strong></span> <span class='ocrx_word' id='word_1_219' title='bbox 1270 2958 1406 3042; x_wconf 88' lang='lat' dir='ltr'><strong>pretium</strong></span> <span class='ocrx_word' id='word_1_220' title='bbox 1428 2958 1525 3025; x_wconf 84' lang='lat' dir='ltr'><strong>feres.</strong></span> <span class='ocrx_word' id='word_1_221' title='bbox 1573 2958 1654 3041; x_wconf 91' lang='lat' dir='ltr'><strong>sino,</strong></span> <span class='ocrx_word' id='word_1_222' title='bbox 1679 2965 1715 3023; x_wconf 88' lang='lat' dir='ltr'><strong>nt</strong></span> <span class='ocrx_word' id='word_1_223' title='bbox 1729 2958 1834 3024; x_wconf 87' lang='lat' dir='ltr'><strong>amici</strong></span> <span class='ocrx_word' id='word_1_224' title='bbox 1855 2959 1903 3025; x_wconf 90' lang='lat' dir='ltr'><strong>tui</strong></span> <span class='ocrx_word' id='word_1_225' title='bbox 1924 2959 2069 3046; x_wconf 87' lang='lat' dir='ltr'><strong>nuptiale</strong></span> <span class='ocrx_word' id='word_1_226' title='bbox 2090 2960 2138 3026; x_wconf 85' lang='lat' dir='ltr'><strong>fe·</strong></span> <span class='ocrx_word' id='word_1_227' title='bbox 2156 2978 2187 3019; x_wconf 79' lang='lat'><strong>2⁰</strong></span> 
     </span>
     <span class='ocr_line' id='line_1_22' title="bbox 514 3059 2139 3148; baseline 0.007 -30"><span class='ocrx_word' id='word_1_228' title='bbox 514 3059 599 3118; x_wconf 91' lang='lat' dir='ltr'><strong>stum</strong></span> <span class='ocrx_word' id='word_1_229' title='bbox 621 3074 717 3120; x_wconf 88' lang='lat' dir='ltr'><strong>curae</strong></span> <span class='ocrx_word' id='word_1_230' title='bbox 738 3076 860 3122; x_wconf 89' lang='lat' dir='ltr'><strong>vacuus</strong></span> <span class='ocrx_word' id='word_1_231' title='bbox 882 3078 1034 3124; x_wconf 85' lang='lat' dir='ltr'><strong>exerceas</strong></span> <span class='ocrx_word' id='word_1_232' title='bbox 1058 3065 1091 3125; x_wconf 91' lang='lat' dir='ltr'><strong>et</strong></span> <span class='ocrx_word' id='word_1_233' title='bbox 1111 3060 1224 3126; x_wconf 89' lang='lat' dir='ltr'><strong>urbem</strong></span> <span class='ocrx_word' id='word_1_234' title='bbox 1243 3061 1419 3144; x_wconf 77' lang='lat' dir='ltr'><strong>libertem,</strong></span> <span class='ocrx_word' id='word_1_235' title='bbox 1445 3082 1529 3145; x_wconf 87' lang='lat' dir='ltr'><strong>quae</strong></span> <span class='ocrx_word' id='word_1_236' title='bbox 1550 3082 1654 3147; x_wconf 91' lang='lat' dir='ltr'><strong>nuper</strong></span> <span class='ocrx_word' id='word_1_237' title='bbox 1675 3061 1733 3127; x_wconf 89' lang='lat' dir='ltr'><strong>tibi</strong></span> <span class='ocrx_word' id='word_1_238' title='bbox 1755 3061 1844 3128; x_wconf 82' lang='lat' dir='ltr'><strong>faces</strong></span> <span class='ocrx_word' id='word_1_239' title='bbox 1866 3064 2027 3148; x_wconf 87' lang='lat' dir='ltr'><strong>praetulit,</strong></span> <span class='ocrx_word' id='word_1_240' title='bbox 2054 3084 2139 3130; x_wconf 91' lang='lat' dir='ltr'><strong>com-</strong></span> 
     </span>
     <span class='ocr_line' id='line_1_23' title="bbox 514 3158 2135 3250; baseline 0.007 -29"><span class='ocrx_word' id='word_1_241' title='bbox 514 3176 642 3223; x_wconf 90' lang='lat' dir='ltr'><strong>munem</strong></span> <span class='ocrx_word' id='word_1_242' title='bbox 666 3158 780 3224; x_wconf 90' lang='lat' dir='ltr'><strong>lunoni</strong></span> <span class='ocrx_word' id='word_1_243' title='bbox 802 3167 835 3226; x_wconf 89' lang='lat' dir='ltr'><strong>et</strong></span> <span class='ocrx_word' id='word_1_244' title='bbox 855 3160 987 3226; x_wconf 86' lang='lat' dir='ltr'><strong>Herculi</strong></span> <span class='ocrx_word' id='word_1_245' title='bbox 1009 3161 1122 3228; x_wconf 83' lang='lat' dir='ltr'><strong>iacias.</strong></span> <span class='ocrx_word' id='word_1_246' title='bbox 1162 3164 1344 3246; x_wconf 86' lang='lat' dir='ltr'><strong>reverteris,</strong></span> <span class='ocrx_word' id='word_1_247' title='bbox 1371 3171 1406 3230; x_wconf 91' lang='lat' dir='ltr'><strong>ut</strong></span> <span class='ocrx_word' id='word_1_248' title='bbox 1428 3185 1535 3250; x_wconf 92' lang='lat' dir='ltr'><strong>spero,</strong></span> <span class='ocrx_word' id='word_1_249' title='bbox 1561 3174 1635 3248; x_wconf 88' lang='lat' dir='ltr'><strong>post</strong></span> <span class='ocrx_word' id='word_1_250' title='bbox 1655 3165 1780 3248; x_wconf 91' lang='lat' dir='ltr'><strong>repotia</strong></span> <span class='ocrx_word' id='word_1_251' title='bbox 1801 3165 1835 3229; x_wconf 92' lang='lat' dir='ltr'><strong>in</strong></span> <span class='ocrx_word' id='word_1_252' title='bbox 1850 3165 1996 3232; x_wconf 82' lang='lat' dir='ltr'><strong>Caelium</strong></span> <span class='ocrx_word' id='word_1_253' title='bbox 2018 3167 2135 3239; x_wconf 79' lang='lat' dir='ltr'><strong>larem:</strong></span> 
     </span>
     <span class='ocr_line' id='line_1_24' title="bbox 514 3258 2140 3353; baseline 0.008 -31"><span class='ocrx_word' id='word_1_254' title='bbox 514 3259 567 3323; x_wconf 90' lang='lat' dir='ltr'><strong>vel</strong></span> <span class='ocrx_word' id='word_1_255' title='bbox 598 3258 627 3323; x_wconf 92' lang='lat' dir='ltr'><strong>si</strong></span> <span class='ocrx_word' id='word_1_256' title='bbox 655 3261 762 3327; x_wconf 91' lang='lat' dir='ltr'><strong>adbuc</strong></span> <span class='ocrx_word' id='word_1_257' title='bbox 788 3261 880 3328; x_wconf 89' lang='lat' dir='ltr'><strong>iuvat</strong></span> <span class='ocrx_word' id='word_1_258' title='bbox 907 3265 1048 3330; x_wconf 90' lang='lat' dir='ltr'><strong>aestivos</strong></span> <span class='ocrx_word' id='word_1_259' title='bbox 1070 3265 1141 3332; x_wconf 90' lang='lat' dir='ltr'><strong>dies</strong></span> <span class='ocrx_word' id='word_1_260' title='bbox 1163 3266 1196 3331; x_wconf 94' lang='lat' dir='ltr'><strong>in</strong></span> <span class='ocrx_word' id='word_1_261' title='bbox 1218 3266 1371 3352; x_wconf 89' lang='lat' dir='ltr'><strong>pomariis</strong></span> <span class='ocrx_word' id='word_1_262' title='bbox 1393 3267 1459 3333; x_wconf 89' lang='lat' dir='ltr'><strong>tuis</strong></span> <span class='ocrx_word' id='word_1_263' title='bbox 1482 3266 1615 3349; x_wconf 86' lang='lat' dir='ltr'><strong>ducere,</strong></span> <span class='ocrx_word' id='word_1_264' title='bbox 1648 3267 1763 3333; x_wconf 86' lang='lat' dir='ltr'><strong>iterum</strong></span> <span class='ocrx_word' id='word_1_265' title='bbox 1785 3268 1844 3334; x_wconf 84' lang='lat' dir='ltr'><strong>tibi</strong></span> <span class='ocrx_word' id='word_1_266' title='bbox 1865 3268 2046 3353; x_wconf 88' lang='lat' dir='ltr'><strong>indignatio</strong></span> <span class='ocrx_word' id='word_1_267' title='bbox 2068 3290 2140 3335; x_wconf 87' lang='lat' dir='ltr'><strong>mea</strong></span> 
     </span>
     <span class='ocr_line' id='line_1_25' title="bbox 513 3361 1355 3453; baseline 0.011 -27"><span class='ocrx_word' id='word_1_268' title='bbox 513 3361 690 3428; x_wconf 89' lang='lat' dir='ltr'><strong>litterarum</strong></span> <span class='ocrx_word' id='word_1_269' title='bbox 713 3370 838 3431; x_wconf 90' lang='lat' dir='ltr'><strong>tuarum</strong></span> <span class='ocrx_word' id='word_1_270' title='bbox 861 3368 958 3434; x_wconf 88' lang='lat' dir='ltr'><strong>melle</strong></span> <span class='ocrx_word' id='word_1_271' title='bbox 980 3368 1143 3453; x_wconf 89' lang='lat' dir='ltr'><strong>placanda</strong></span> <span class='ocrx_word' id='word_1_272' title='bbox 1163 3376 1224 3436; x_wconf 92' lang='lat' dir='ltr'><strong>est.</strong></span> <span class='ocrx_word' id='word_1_273' title='bbox 1270 3371 1355 3436; x_wconf 90' lang='lat' dir='ltr'><strong>vale.</strong></span> 
     </span>
    </p>
   </div>
   <div class='ocr_carea' id='block_1_5' title="bbox 1092 3696 1561 3919">
    <p class='ocr_par' dir='ltr' id='par_1_8' title="bbox 1092 3696 1561 3919">
     <span class='ocr_line' id='line_1_26' title="bbox 1171 3696 1480 3763; baseline 0.003 -2"><span class='ocrx_word' id='word_1_274' title='bbox 1171 3696 1236 3761; x_wconf 88' lang='lat' dir='ltr'><strong>XX</strong></span> <span class='ocrx_word' id='word_1_275' title='bbox 1264 3703 1340 3763; x_wconf 89' lang='lat' dir='ltr'><strong>ante</strong></span> <span class='ocrx_word' id='word_1_276' title='bbox 1355 3717 1386 3762; x_wconf 91' lang='lat' dir='ltr'><strong>a.</strong></span> <span class='ocrx_word' id='word_1_277' title='bbox 1405 3699 1480 3763; x_wconf 80' lang='lat'><strong>398.</strong></span> 
     </span>
     <span class='ocr_line' id='line_1_27' title="bbox 1092 3852 1561 3919; baseline 0.004 -3"><span class='ocrx_word' id='word_1_278' title='bbox 1092 3852 1351 3919; x_wconf 80' lang='lat' dir='ltr'>SYMMACHVS</span> <span class='ocrx_word' id='word_1_279' title='bbox 1378 3852 1561 3919; x_wconf 83' lang='lat' dir='ltr'><strong>ATTALO.</strong></span> 
     </span>
    </p>
   </div>
   <div class='ocr_carea' id='block_1_6' title="bbox 511 4019 2184 4419">
    <p class='ocr_par' dir='ltr' id='par_1_9' title="bbox 511 4019 2184 4419">
     <span class='ocr_line' id='line_1_28' title="bbox 599 4019 2139 4112; baseline 0.006 -27"><span class='ocrx_word' id='word_1_280' title='bbox 599 4019 686 4086; x_wconf 88' lang='lat' dir='ltr'><strong>Villa</strong></span> <span class='ocrx_word' id='word_1_281' title='bbox 708 4020 843 4104; x_wconf 86' lang='lat' dir='ltr'><strong>Tiburs,</strong></span> <span class='ocrx_word' id='word_1_282' title='bbox 869 4043 952 4105; x_wconf 89' lang='lat' dir='ltr'><strong>quae</strong></span> <span class='ocrx_word' id='word_1_283' title='bbox 975 4023 1120 4108; x_wconf 91' lang='lat' dir='ltr'><strong>proxime</strong></span> <span class='ocrx_word' id='word_1_284' title='bbox 1141 4023 1176 4089; x_wconf 91' lang='lat' dir='ltr'><strong>in</strong></span> <span class='ocrx_word' id='word_1_285' title='bbox 1198 4024 1248 4089; x_wconf 90' lang='lat' dir='ltr'><strong>ius</strong></span> <span class='ocrx_word' id='word_1_286' title='bbox 1270 4032 1360 4090; x_wconf 91' lang='lat' dir='ltr'><strong>tuum</strong></span> <span class='ocrx_word' id='word_1_287' title='bbox 1383 4025 1488 4108; x_wconf 92' lang='lat' dir='ltr'><strong>venit,</strong></span> <span class='ocrx_word' id='word_1_288' title='bbox 1514 4024 1644 4092; x_wconf 89' lang='lat' dir='ltr'><strong>maioris</strong></span> <span class='ocrx_word' id='word_1_289' title='bbox 1666 4026 1790 4110; x_wconf 87' lang='lat' dir='ltr'><strong>ingenii</strong></span> <span class='ocrx_word' id='word_1_290' title='bbox 1811 4027 2067 4112; x_wconf 88' lang='lat' dir='ltr'><strong>praedicatorem</strong></span> <span class='ocrx_word' id='word_1_291' title='bbox 2088 4048 2139 4094; x_wconf 87' lang='lat' dir='ltr'><strong>re-</strong></span> 
     </span>
     <span class='ocr_line' id='line_1_29' title="bbox 512 4122 2140 4213; baseline 0.006 -27"><span class='ocrx_word' id='word_1_292' title='bbox 512 4122 626 4204; x_wconf 83' lang='lat' dir='ltr'><strong>quirit;</strong></span> <span class='ocrx_word' id='word_1_293' title='bbox 653 4143 714 4206; x_wconf 90' lang='lat' dir='ltr'><strong>ego</strong></span> <span class='ocrx_word' id='word_1_294' title='bbox 735 4129 844 4190; x_wconf 87' lang='lat' dir='ltr'><strong>tamen</strong></span> <span class='ocrx_word' id='word_1_295' title='bbox 866 4125 997 4210; x_wconf 87' lang='lat' dir='ltr'><strong>linguae</strong></span> <span class='ocrx_word' id='word_1_296' title='bbox 1019 4128 1180 4209; x_wconf 89' lang='lat' dir='ltr'><strong>modicus,</strong></span> <span class='ocrx_word' id='word_1_297' title='bbox 1207 4134 1243 4193; x_wconf 90' lang='lat' dir='ltr'><strong>ut</strong></span> <span class='ocrx_word' id='word_1_298' title='bbox 1263 4134 1388 4212; x_wconf 87' lang='lat' dir='ltr'><strong>potero,</strong></span> <span class='ocrx_word' id='word_1_299' title='bbox 1415 4129 1524 4195; x_wconf 89' lang='lat' dir='ltr'><strong>verbis</strong></span> <span class='ocrx_word' id='word_1_300' title='bbox 1544 4129 1696 4195; x_wconf 90' lang='lat' dir='ltr'><strong>honorem</strong></span> <span class='ocrx_word' id='word_1_301' title='bbox 1718 4130 1788 4195; x_wconf 90' lang='lat' dir='ltr'><strong>loeo</strong></span> <span class='ocrx_word' id='word_1_302' title='bbox 1809 4130 1939 4196; x_wconf 85' lang='lat' dir='ltr'><strong>faciam.</strong></span> <span class='ocrx_word' id='word_1_303' title='bbox 1986 4130 2065 4213; x_wconf 92' lang='lat' dir='ltr'><strong>quid</strong></span> <span class='ocrx_word' id='word_1_304' title='bbox 2087 4131 2140 4196; x_wconf 89' lang='lat' dir='ltr'><strong>bic</strong></span> 
     </span>
     <span class='ocr_line' id='line_1_30' title="bbox 511 4223 2134 4318; baseline 0.006 -30"><span class='ocrx_word' id='word_1_305' title='bbox 511 4223 544 4288; x_wconf 93' lang='lat' dir='ltr'><strong>in</strong></span> <span class='ocrx_word' id='word_1_306' title='bbox 572 4226 678 4308; x_wconf 90' lang='lat' dir='ltr'><strong>positu</strong></span> <span class='ocrx_word' id='word_1_307' title='bbox 705 4226 834 4293; x_wconf 89' lang='lat' dir='ltr'><strong>aedium</strong></span> <span class='ocrx_word' id='word_1_308' title='bbox 864 4230 1044 4305; x_wconf 68' lang='lat' dir='ltr'><strong>venustatis</strong></span> <span class='ocrx_word' id='word_1_309' title='bbox 1071 4233 1136 4297; x_wconf 81' lang='lat' dir='ltr'><strong>esti</strong></span> <span class='ocrx_word' id='word_1_310' title='bbox 1181 4236 1253 4315; x_wconf 83' lang='lat' dir='ltr'><strong>quis</strong></span> <span class='ocrx_word' id='word_1_311' title='bbox 1283 4231 1346 4298; x_wconf 82' lang='lat' dir='ltr'><strong>sita</strong></span> <span class='ocrx_word' id='word_1_312' title='bbox 1374 4252 1415 4297; x_wconf 87' lang='lat' dir='ltr'><strong>ex</strong></span> <span class='ocrx_word' id='word_1_313' title='bbox 1444 4232 1531 4298; x_wconf 89' lang='lat' dir='ltr'><strong>edito</strong></span> <span class='ocrx_word' id='word_1_314' title='bbox 1558 4232 1603 4316; x_wconf 79' lang='lat' dir='ltr'><strong>sit</strong></span> <span class='ocrx_word' id='word_1_315' title='bbox 1630 4232 1664 4298; x_wconf 93' lang='lat' dir='ltr'><strong>in</strong></span> <span class='ocrx_word' id='word_1_316' title='bbox 1691 4233 1791 4318; x_wconf 91' lang='lat' dir='ltr'><strong>plana</strong></span> <span class='ocrx_word' id='word_1_317' title='bbox 1819 4233 1922 4299; x_wconf 89' lang='lat' dir='ltr'><strong>iactus</strong></span> <span class='ocrx_word' id='word_1_318' title='bbox 1952 4234 2134 4299; x_wconf 87' lang='lat' dir='ltr'><strong>oculorum!</strong></span> 
     </span>
     <span class='ocr_line' id='line_1_31' title="bbox 512 4325 2184 4419; baseline 0.004 -29"><span class='ocrx_word' id='word_1_319' title='bbox 512 4325 715 4409; x_wconf 83' lang='lat' dir='ltr'><strong>frequentare</strong></span> <span class='ocrx_word' id='word_1_320' title='bbox 738 4331 798 4396; x_wconf 92' lang='lat' dir='ltr'><strong>bas</strong></span> <span class='ocrx_word' id='word_1_321' title='bbox 820 4333 916 4398; x_wconf 88' lang='lat' dir='ltr'><strong>sedes</strong></span> <span class='ocrx_word' id='word_1_322' title='bbox 939 4333 1168 4400; x_wconf 90' lang='lat' dir='ltr'><strong>Orchomenias</strong></span> <span class='ocrx_word' id='word_1_323' title='bbox 1191 4334 1326 4401; x_wconf 69' lang='lat' dir='ltr'><strong>dmenm</strong></span> <span class='ocrx_word' id='word_1_324' title='bbox 1349 4335 1428 4402; x_wconf 89' lang='lat' dir='ltr'><strong>deas</strong></span> <span class='ocrx_word' id='word_1_325' title='bbox 1450 4343 1547 4418; x_wconf 88' lang='lat' dir='ltr'><strong>atque</strong></span> <span class='ocrx_word' id='word_1_326' title='bbox 1570 4356 1627 4402; x_wconf 91' lang='lat' dir='ltr'><strong>eas</strong></span> <span class='ocrx_word' id='word_1_327' title='bbox 1649 4336 1763 4402; x_wconf 87' lang='lat' dir='ltr'><strong>sedulo</strong></span> <span class='ocrx_word' id='word_1_328' title='bbox 1784 4336 1927 4419; x_wconf 87' lang='lat' dir='ltr'><strong>adnisas,</strong></span> <span class='ocrx_word' id='word_1_329' title='bbox 1954 4347 1988 4403; x_wconf 89' lang='lat' dir='ltr'><strong>ut</strong></span> <span class='ocrx_word' id='word_1_330' title='bbox 2008 4345 2040 4403; x_wconf 94' lang='lat' dir='ltr'><strong>te</strong></span> <span class='ocrx_word' id='word_1_331' title='bbox 2063 4357 2138 4403; x_wconf 79' lang='lat' dir='ltr'><strong>con·</strong></span> <span class='ocrx_word' id='word_1_332' title='bbox 2156 4356 2184 4397; x_wconf 84' lang='lat' dir='ltr'><strong>co</strong></span> 
     </span>
    </p>
   </div>
   <div class='ocr_carea' id='block_1_7' title="bbox 510 4429 2138 4829">
    <p class='ocr_par' dir='ltr' id='par_1_10' title="bbox 510 4429 2138 4829">
     <span class='ocr_line' id='line_1_32' title="bbox 511 4429 2138 4523; baseline 0.007 -30"><span class='ocrx_word' id='word_1_333' title='bbox 511 4429 657 4497; x_wconf 91' lang='lat' dir='ltr'><strong>ciliarent</strong></span> <span class='ocrx_word' id='word_1_334' title='bbox 685 4432 821 4500; x_wconf 87' lang='lat' dir='ltr'><strong>aedibus</strong></span> <span class='ocrx_word' id='word_1_335' title='bbox 851 4436 918 4501; x_wconf 90' lang='lat' dir='ltr'><strong>suis</strong></span> <span class='ocrx_word' id='word_1_336' title='bbox 940 4435 1114 4502; x_wconf 89' lang='lat' dir='ltr'><strong>dominum.</strong></span> <span class='ocrx_word' id='word_1_337' title='bbox 1162 4457 1260 4523; x_wconf 89' lang='lat' dir='ltr'><strong>perge</strong></span> <span class='ocrx_word' id='word_1_338' title='bbox 1282 4438 1395 4521; x_wconf 88' lang='lat' dir='ltr'><strong>igitur,</strong></span> <span class='ocrx_word' id='word_1_339' title='bbox 1430 4444 1466 4504; x_wconf 89' lang='lat' dir='ltr'><strong>ut</strong></span> <span class='ocrx_word' id='word_1_340' title='bbox 1487 4438 1584 4519; x_wconf 83' lang='lat' dir='ltr'><strong>facis,</strong></span> <span class='ocrx_word' id='word_1_341' title='bbox 1619 4446 1651 4505; x_wconf 90' lang='lat' dir='ltr'><strong>et</strong></span> <span class='ocrx_word' id='word_1_342' title='bbox 1672 4440 1766 4505; x_wconf 92' lang='lat' dir='ltr'><strong>victis</strong></span> <span class='ocrx_word' id='word_1_343' title='bbox 1789 4460 1869 4506; x_wconf 89' lang='lat' dir='ltr'><strong>aevo</strong></span> <span class='ocrx_word' id='word_1_344' title='bbox 1891 4439 1992 4505; x_wconf 87' lang='lat' dir='ltr'><strong>redde</strong></span> <span class='ocrx_word' id='word_1_345' title='bbox 2013 4440 2138 4505; x_wconf 86' lang='lat' dir='ltr'><strong>novita-</strong></span> 
     </span>
     <span class='ocr_line' id='line_1_33' title="bbox 510 4535 2136 4628; baseline 0.006 -31"><span class='ocrx_word' id='word_1_346' title='bbox 510 4539 587 4598; x_wconf 89' lang='lat' dir='ltr'><strong>tem.</strong></span> <span class='ocrx_word' id='word_1_347' title='bbox 634 4536 735 4600; x_wconf 89' lang='lat' dir='ltr'><strong>molto</strong></span> <span class='ocrx_word' id='word_1_348' title='bbox 757 4535 818 4603; x_wconf 91' lang='lat' dir='ltr'><strong>boc</strong></span> <span class='ocrx_word' id='word_1_349' title='bbox 841 4538 928 4604; x_wconf 82' lang='lat' dir='ltr'><strong>sactu</strong></span> <span class='ocrx_word' id='word_1_350' title='bbox 951 4541 1140 4625; x_wconf 88' lang='lat' dir='ltr'><strong>promptius,</strong></span> <span class='ocrx_word' id='word_1_351' title='bbox 1167 4561 1263 4625; x_wconf 86' lang='lat' dir='ltr'><strong>qnam</strong></span> <span class='ocrx_word' id='word_1_352' title='bbox 1287 4541 1371 4624; x_wconf 91' lang='lat' dir='ltr'><strong>quod</strong></span> <span class='ocrx_word' id='word_1_353' title='bbox 1393 4541 1570 4607; x_wconf 88' lang='lat' dir='ltr'><strong>Hesiodum</strong></span> <span class='ocrx_word' id='word_1_354' title='bbox 1593 4542 1700 4608; x_wconf 87' lang='lat' dir='ltr'><strong>ferunt</strong></span> <span class='ocrx_word' id='word_1_355' title='bbox 1720 4543 1825 4628; x_wconf 89' lang='lat' dir='ltr'><strong>posito</strong></span> <span class='ocrx_word' id='word_1_356' title='bbox 1848 4543 1939 4609; x_wconf 88' lang='lat' dir='ltr'><strong>senio</strong></span> <span class='ocrx_word' id='word_1_357' title='bbox 1963 4543 1995 4608; x_wconf 93' lang='lat' dir='ltr'><strong>in</strong></span> <span class='ocrx_word' id='word_1_358' title='bbox 2018 4542 2136 4608; x_wconf 85' lang='lat' dir='ltr'><strong>virides</strong></span> 
     </span>
     <span class='ocr_line' id='line_1_34' title="bbox 510 4638 2137 4729; baseline 0.006 -29"><span class='ocrx_word' id='word_1_359' title='bbox 510 4656 611 4703; x_wconf 91' lang='lat' dir='ltr'><strong>annos</strong></span> <span class='ocrx_word' id='word_1_360' title='bbox 633 4638 767 4704; x_wconf 90' lang='lat' dir='ltr'><strong>redisse.</strong></span> <span class='ocrx_word' id='word_1_361' title='bbox 815 4640 940 4708; x_wconf 90' lang='lat' dir='ltr'><strong>interea</strong></span> <span class='ocrx_word' id='word_1_362' title='bbox 961 4644 1125 4727; x_wconf 90' lang='lat' dir='ltr'><strong>gratulare</strong></span> <span class='ocrx_word' id='word_1_363' title='bbox 1146 4644 1240 4709; x_wconf 91' lang='lat' dir='ltr'><strong>nobis</strong></span> <span class='ocrx_word' id='word_1_364' title='bbox 1263 4645 1378 4711; x_wconf 87' lang='lat' dir='ltr'><strong>bonam</strong></span> <span class='ocrx_word' id='word_1_365' title='bbox 1400 4644 1636 4728; x_wconf 87' lang='lat' dir='ltr'><strong>valetudinem,</strong></span> <span class='ocrx_word' id='word_1_366' title='bbox 1669 4666 1752 4729; x_wconf 90' lang='lat' dir='ltr'><strong>quae</strong></span> <span class='ocrx_word' id='word_1_367' title='bbox 1782 4653 1818 4712; x_wconf 91' lang='lat' dir='ltr'><strong>ut</strong></span> <span class='ocrx_word' id='word_1_368' title='bbox 1838 4646 1897 4711; x_wconf 90' lang='lat' dir='ltr'><strong>tibi</strong></span> <span class='ocrx_word' id='word_1_369' title='bbox 1920 4666 2046 4729; x_wconf 91' lang='lat' dir='ltr'><strong>quoque</strong></span> <span class='ocrx_word' id='word_1_370' title='bbox 2069 4646 2137 4710; x_wconf 90' lang='lat' dir='ltr'><strong>lou-</strong></span> 
     </span>
     <span class='ocr_line' id='line_1_35' title="bbox 511 4741 1583 4829; baseline 0.009 -25"><span class='ocrx_word' id='word_1_371' title='bbox 511 4758 587 4821; x_wconf 89' lang='lat' dir='ltr'><strong>gum</strong></span> <span class='ocrx_word' id='word_1_372' title='bbox 611 4741 775 4821; x_wconf 87' lang='lat' dir='ltr'><strong>secundet,</strong></span> <span class='ocrx_word' id='word_1_373' title='bbox 800 4744 884 4810; x_wconf 87' lang='lat' dir='ltr'><strong>inter</strong></span> <span class='ocrx_word' id='word_1_374' title='bbox 905 4745 1039 4829; x_wconf 85' lang='lat' dir='ltr'><strong>fastigia</strong></span> <span class='ocrx_word' id='word_1_375' title='bbox 1060 4754 1110 4813; x_wconf 90' lang='lat' dir='ltr'><strong>est</strong></span> <span class='ocrx_word' id='word_1_376' title='bbox 1130 4755 1274 4814; x_wconf 90' lang='lat' dir='ltr'><strong>votorum</strong></span> <span class='ocrx_word' id='word_1_377' title='bbox 1297 4769 1450 4815; x_wconf 87' lang='lat' dir='ltr'><strong>meorum.</strong></span> <span class='ocrx_word' id='word_1_378' title='bbox 1498 4749 1583 4814; x_wconf 90' lang='lat' dir='ltr'><strong>vale.</strong></span> 
     </span>
    </p>
   </div>
   <div class='ocr_carea' id='block_1_8' title="bbox 508 5067 2263 5751">
    <p class='ocr_par' dir='ltr' id='par_1_11' title="bbox 508 5067 2134 5273">
     <span class='ocr_line' id='line_1_36' title="bbox 598 5067 2133 5144; baseline 0.005 -26"><span class='ocrx_word' id='word_1_379' title='bbox 598 5068 609 5118; x_wconf 94' lang='lat' dir='ltr'><strong>l</strong></span> <span class='ocrx_word' id='word_1_380' title='bbox 630 5067 703 5135; x_wconf 65' lang='lat' dir='ltr'><strong>slerlt</strong></span> <span class='ocrx_word' id='word_1_381' title='bbox 720 5070 748 5130; x_wconf 89' lang='lat' dir='ltr'><strong>P,</strong></span> <span class='ocrx_word' id='word_1_382' title='bbox 770 5074 848 5122; x_wconf 79' lang='lat' dir='ltr'><strong>buerit</strong></span> <span class='ocrx_word' id='word_1_383' title='bbox 865 5076 933 5123; x_wconf 87' lang='lat' dir='ltr'><strong>enlm</strong></span> <span class='ocrx_word' id='word_1_384' title='bbox 955 5075 1004 5137; x_wconf 81' lang='grc' dir='ltr'><strong>(Π)</strong></span> <span class='ocrx_word' id='word_1_385' title='bbox 1113 5081 1226 5126; x_wconf 81' lang='lat' dir='ltr'><strong>actutum</strong></span> <span class='ocrx_word' id='word_1_386' title='bbox 1240 5077 1326 5128; x_wconf 76' lang='lat' dir='ltr'><strong>Pam.</strong></span> <span class='ocrx_word' id='word_1_387' title='bbox 1455 5078 1470 5127; x_wconf 85' lang='lat'><strong>3</strong></span> <span class='ocrx_word' id='word_1_388' title='bbox 1489 5079 1593 5128; x_wconf 89' lang='lat' dir='ltr'><strong>edlllum</strong></span> <span class='ocrx_word' id='word_1_389' title='bbox 1614 5076 1654 5140; x_wconf 71' lang='lat' dir='ltr'><strong>(Il</strong></span> <span class='ocrx_word' id='word_1_390' title='bbox 1762 5077 1777 5126; x_wconf 83' lang='lat'><strong>5</strong></span> <span class='ocrx_word' id='word_1_391' title='bbox 1795 5073 1978 5144; x_wconf 78' lang='lat' dir='ltr'><strong>longinquiore]</strong></span> <span class='ocrx_word' id='word_1_392' title='bbox 1996 5077 2133 5140; x_wconf 76' lang='lat' dir='ltr'><strong>Scioppius,</strong></span> 
     </span>
     <span class='ocr_line' id='line_1_37' title="bbox 508 5154 2134 5231; baseline 0.004 -27"><span class='ocrx_word' id='word_1_393' title='bbox 508 5154 646 5217; x_wconf 80' lang='lat' dir='ltr'><strong>longinquo</strong></span> <span class='ocrx_word' id='word_1_394' title='bbox 663 5157 701 5205; x_wconf 86' lang='lat' dir='ltr'><strong>lre</strong></span> <span class='ocrx_word' id='word_1_395' title='bbox 720 5156 769 5208; x_wconf 82' lang='lat' dir='ltr'><strong>Pl&#39;</strong></span> <span class='ocrx_word' id='word_1_396' title='bbox 867 5159 973 5222; x_wconf 78' lang='lat' dir='ltr'><strong>isigna</strong></span> <span class='ocrx_word' id='word_1_397' title='bbox 989 5174 1037 5212; x_wconf 87' lang='lat' dir='ltr'><strong>om.</strong></span> <span class='ocrx_word' id='word_1_398' title='bbox 1058 5162 1085 5211; x_wconf 88' lang='grc' dir='ltr'><em>Γ</em></span> <span class='ocrx_word' id='word_1_399' title='bbox 1185 5162 1358 5214; x_wconf 73' lang='lat' dir='ltr'><strong>illitteratum</strong></span> <span class='ocrx_word' id='word_1_400' title='bbox 1381 5164 1422 5227; x_wconf 76' lang='grc' dir='ltr'><strong>(Γ)</strong></span> <span class='ocrx_word' id='word_1_401' title='bbox 1534 5167 1563 5214; x_wconf 80' lang='lat' dir='ltr'><strong>lb</strong></span> <span class='ocrx_word' id='word_1_402' title='bbox 1581 5166 1667 5213; x_wconf 78' lang='lat' dir='ltr'><strong>adusti</strong></span> <span class='ocrx_word' id='word_1_403' title='bbox 1685 5162 1712 5212; x_wconf 85' lang='grc' dir='ltr'><em>Γ</em></span> <span class='ocrx_word' id='word_1_404' title='bbox 1813 5162 1845 5214; x_wconf 80' lang='grc'><strong>13</strong></span> <span class='ocrx_word' id='word_1_405' title='bbox 1863 5160 2007 5231; x_wconf 72' lang='lat' dir='ltr'><strong>accensum]</strong></span> <span class='ocrx_word' id='word_1_406' title='bbox 2026 5166 2134 5225; x_wconf 76' lang='lat' dir='ltr'><strong>leretur,</strong></span> 
     </span>
     <span class='ocr_line' id='line_1_38' title="bbox 509 5224 704 5273; baseline 0.005 -1"><span class='ocrx_word' id='word_1_407' title='bbox 509 5236 636 5273; x_wconf 66' lang='lat' dir='ltr'><strong>mosum</strong></span> <span class='ocrx_word' id='word_1_408' title='bbox 656 5224 704 5273; x_wconf 77' lang='lat' dir='ltr'><strong>PF</strong></span> 
     </span>
    </p>

    <p class='ocr_par' dir='ltr' id='par_1_12' title="bbox 509 5327 2263 5551">
     <span class='ocr_line' id='line_1_39' title="bbox 597 5327 2105 5409; baseline 0.009 -32"><span class='ocrx_word' id='word_1_409' title='bbox 597 5327 627 5377; x_wconf 76' lang='lat' dir='ltr'><strong>li</strong></span> <span class='ocrx_word' id='word_1_410' title='bbox 644 5343 695 5380; x_wconf 87' lang='lat' dir='ltr'><strong>om.</strong></span> <span class='ocrx_word' id='word_1_411' title='bbox 717 5332 739 5379; x_wconf 87' lang='lat' dir='ltr'><strong>P</strong></span> <span class='ocrx_word' id='word_1_412' title='bbox 856 5332 888 5383; x_wconf 87' lang='grc'><strong>18</strong></span> <span class='ocrx_word' id='word_1_413' title='bbox 906 5333 949 5381; x_wconf 89' lang='lat' dir='ltr'><strong>dlu</strong></span> <span class='ocrx_word' id='word_1_414' title='bbox 967 5338 1024 5382; x_wconf 77' lang='lat' dir='ltr'><strong>onte</strong></span> <span class='ocrx_word' id='word_1_415' title='bbox 1042 5337 1166 5396; x_wconf 83' lang='lat' dir='ltr'><strong>eplstalae</strong></span> <span class='ocrx_word' id='word_1_416' title='bbox 1183 5337 1268 5387; x_wconf 85' lang='lat' dir='ltr'><strong>cottoc.</strong></span> <span class='ocrx_word' id='word_1_417' title='bbox 1290 5338 1312 5385; x_wconf 84' lang='lat' dir='ltr'><strong>P</strong></span> <span class='ocrx_word' id='word_1_418' title='bbox 1427 5337 1459 5387; x_wconf 85' lang='lat'><strong>19</strong></span> <span class='ocrx_word' id='word_1_419' title='bbox 1477 5345 1549 5388; x_wconf 80' lang='lat' dir='ltr'><strong>canto</strong></span> <span class='ocrx_word' id='word_1_420' title='bbox 1570 5338 1592 5386; x_wconf 95' lang='lat' dir='ltr'><strong>P</strong></span> <span class='ocrx_word' id='word_1_421' title='bbox 1609 5344 1666 5389; x_wconf 86' lang='lat' dir='ltr'><strong>lm.</strong></span> <span class='ocrx_word' id='word_1_422' title='bbox 1786 5338 1819 5388; x_wconf 81' lang='grc'><strong>20</strong></span> <span class='ocrx_word' id='word_1_423' title='bbox 1838 5344 1918 5409; x_wconf 69' lang='lat' dir='ltr'><strong>lepras</strong></span> <span class='ocrx_word' id='word_1_424' title='bbox 1937 5341 1964 5400; x_wconf 85' lang='lat' dir='ltr'><strong>P,</strong></span> <span class='ocrx_word' id='word_1_425' title='bbox 1985 5342 2063 5401; x_wconf 79' lang='lat' dir='ltr'><strong>terres</strong></span> <span class='ocrx_word' id='word_1_426' title='bbox 2085 5338 2105 5384; x_wconf 81' lang='lat' dir='ltr'><em>F</em></span> 
     </span>
     <span class='ocr_line' id='line_1_40' title="bbox 509 5410 2263 5501; baseline 0.008 -40"><span class='ocrx_word' id='word_1_427' title='bbox 509 5416 566 5462; x_wconf 87' lang='lat' dir='ltr'><strong>slno</strong></span> <span class='ocrx_word' id='word_1_428' title='bbox 582 5410 624 5482; x_wconf 86' lang='lat' dir='ltr'><strong>ut]</strong></span> <span class='ocrx_word' id='word_1_429' title='bbox 642 5417 662 5465; x_wconf 86' lang='lat' dir='ltr'><strong>si</strong></span> <span class='ocrx_word' id='word_1_430' title='bbox 682 5417 753 5466; x_wconf 88' lang='lat' dir='ltr'><strong>modo</strong></span> <span class='ocrx_word' id='word_1_431' title='bbox 771 5418 794 5464; x_wconf 86' lang='lat' dir='ltr'><strong>P</strong></span> <span class='ocrx_word' id='word_1_432' title='bbox 929 5419 959 5469; x_wconf 84' lang='grc'><strong>21</strong></span> <span class='ocrx_word' id='word_1_433' title='bbox 980 5426 1078 5482; x_wconf 73' lang='lat' dir='ltr'><strong>repetes</strong></span> <span class='ocrx_word' id='word_1_434' title='bbox 1093 5426 1148 5482; x_wconf 81' lang='lat' dir='ltr'><strong>post</strong></span> <span class='ocrx_word' id='word_1_435' title='bbox 1166 5423 1297 5470; x_wconf 82' lang='lat' dir='ltr'><strong>Tiburtem</strong></span> <span class='ocrx_word' id='word_1_436' title='bbox 1316 5426 1389 5472; x_wconf 78' lang='lat' dir='ltr'><strong>incer.</strong></span> <span class='ocrx_word' id='word_1_437' title='bbox 1405 5425 1428 5471; x_wconf 83' lang='lat' dir='ltr'><strong>P</strong></span> <span class='ocrx_word' id='word_1_438' title='bbox 1563 5424 1596 5474; x_wconf 89' lang='grc'><strong>22</strong></span> <span class='ocrx_word' id='word_1_439' title='bbox 1614 5425 1691 5474; x_wconf 74' lang='lat' dir='ltr'><strong>factas</strong></span> <span class='ocrx_word' id='word_1_440' title='bbox 1708 5441 1757 5476; x_wconf 89' lang='lat' dir='ltr'><strong>om.</strong></span> <span class='ocrx_word' id='word_1_441' title='bbox 1772 5428 1795 5474; x_wconf 86' lang='lat' dir='ltr'><strong>P</strong></span> <span class='ocrx_word' id='word_1_442' title='bbox 1930 5429 2027 5476; x_wconf 73' lang='lat' dir='ltr'><strong>eaelum</strong></span> <span class='ocrx_word' id='word_1_443' title='bbox 2047 5427 2077 5486; x_wconf 88' lang='lat' dir='ltr'><strong>P,</strong></span> <span class='ocrx_word' id='word_1_444' title='bbox 2095 5426 2136 5475; x_wconf 81' lang='lat' dir='ltr'><strong>scd</strong></span> <span class='ocrx_word' id='word_1_445' title='bbox 2260 5495 2263 5501; x_wconf 27' lang='grc' dir='ltr'><strong><em>Ι</em></strong></span> 
     </span>
     <span class='ocr_line' id='line_1_41' title="bbox 509 5507 655 5551; baseline 0.027 -4"><span class='ocrx_word' id='word_1_446' title='bbox 509 5514 572 5549; x_wconf 79' lang='lat' dir='ltr'><strong>corr.</strong></span> <span class='ocrx_word' id='word_1_447' title='bbox 595 5507 655 5551; x_wconf 84' lang='lat' dir='ltr'><strong>tm.</strong></span> 
     </span>
    </p>

    <p class='ocr_par' dir='ltr' id='par_1_13' title="bbox 511 5587 2136 5751">
     <span class='ocr_line' id='line_1_42' title="bbox 596 5587 2136 5663; baseline 0.008 -28"><span class='ocrx_word' id='word_1_448' title='bbox 596 5587 628 5636; x_wconf 76' lang='lat' dir='ltr'><strong>at</strong></span> <span class='ocrx_word' id='word_1_449' title='bbox 648 5590 739 5638; x_wconf 86' lang='lat' dir='ltr'><strong>tlbnrls</strong></span> <span class='ocrx_word' id='word_1_450' title='bbox 760 5589 782 5636; x_wconf 90' lang='lat' dir='ltr'><strong>P</strong></span> <span class='ocrx_word' id='word_1_451' title='bbox 902 5590 935 5640; x_wconf 89' lang='grc'><strong>29</strong></span> <span class='ocrx_word' id='word_1_452' title='bbox 953 5594 1010 5654; x_wconf 89' lang='lat' dir='ltr'><strong>quls</strong></span> <span class='ocrx_word' id='word_1_453' title='bbox 1028 5593 1079 5641; x_wconf 84' lang='lat' dir='ltr'><strong>situ</strong></span> <span class='ocrx_word' id='word_1_454' title='bbox 1098 5608 1131 5642; x_wconf 82' lang='lat' dir='ltr'><strong>ex</strong></span> <span class='ocrx_word' id='word_1_455' title='bbox 1149 5595 1217 5643; x_wconf 84' lang='lat' dir='ltr'><strong>edito</strong></span> <span class='ocrx_word' id='word_1_456' title='bbox 1234 5591 1275 5662; x_wconf 86' lang='lat' dir='ltr'><strong>tlt]</strong></span> <span class='ocrx_word' id='word_1_457' title='bbox 1294 5596 1395 5659; x_wconf 82' lang='lat' dir='ltr'><strong>Haupt,</strong></span> <span class='ocrx_word' id='word_1_458' title='bbox 1419 5611 1482 5659; x_wconf 76' lang='lat' dir='ltr'><strong>quas</strong></span> <span class='ocrx_word' id='word_1_459' title='bbox 1500 5600 1565 5647; x_wconf 85' lang='lat' dir='ltr'><strong>situs</strong></span> <span class='ocrx_word' id='word_1_460' title='bbox 1583 5612 1615 5646; x_wconf 85' lang='lat' dir='ltr'><strong>cx</strong></span> <span class='ocrx_word' id='word_1_461' title='bbox 1633 5599 1717 5649; x_wconf 81' lang='lat' dir='ltr'><strong>aedito</strong></span> <span class='ocrx_word' id='word_1_462' title='bbox 1735 5600 1770 5649; x_wconf 86' lang='lat' dir='ltr'><strong>sit</strong></span> <span class='ocrx_word' id='word_1_463' title='bbox 1788 5600 1819 5663; x_wconf 89' lang='lat' dir='ltr'><strong>P,</strong></span> <span class='ocrx_word' id='word_1_464' title='bbox 1845 5603 1903 5663; x_wconf 89' lang='lat' dir='ltr'><strong>quis</strong></span> <span class='ocrx_word' id='word_1_465' title='bbox 1921 5602 1999 5648; x_wconf 78' lang='lat' dir='ltr'><strong>ottus!</strong></span> <span class='ocrx_word' id='word_1_466' title='bbox 2025 5604 2136 5663; x_wconf 79' lang='lat' dir='ltr'><strong>quantus</strong></span> 
     </span>
     <span class='ocr_line' id='line_1_43' title="bbox 511 5673 1655 5751; baseline 0.011 -30"><span class='ocrx_word' id='word_1_467' title='bbox 511 5686 542 5721; x_wconf 79' lang='lat' dir='ltr'><strong>cx</strong></span> <span class='ocrx_word' id='word_1_468' title='bbox 561 5673 628 5723; x_wconf 82' lang='lat' dir='ltr'><strong>cdltc</strong></span> <span class='ocrx_word' id='word_1_469' title='bbox 646 5675 696 5723; x_wconf 79' lang='lat' dir='ltr'><strong>late</strong></span> <span class='ocrx_word' id='word_1_470' title='bbox 718 5674 760 5738; x_wconf 84' lang='grc' dir='ltr'><strong>(Γ)</strong></span> <span class='ocrx_word' id='word_1_471' title='bbox 869 5676 901 5725; x_wconf 81' lang='grc'><strong>30</strong></span> <span class='ocrx_word' id='word_1_472' title='bbox 920 5674 1129 5746; x_wconf 77' lang='lat' dir='ltr'><strong>utte]1uretnc,</strong></span> <span class='ocrx_word' id='word_1_473' title='bbox 1150 5683 1219 5729; x_wconf 73' lang='lat' dir='ltr'><strong>uitae</strong></span> <span class='ocrx_word' id='word_1_474' title='bbox 1238 5683 1261 5730; x_wconf 97' lang='lat' dir='ltr'><strong>P</strong></span> <span class='ocrx_word' id='word_1_475' title='bbox 1362 5682 1395 5733; x_wconf 76' lang='lat'><strong>34</strong></span> <span class='ocrx_word' id='word_1_476' title='bbox 1413 5680 1464 5751; x_wconf 81' lang='lat' dir='ltr'><strong>est]</strong></span> <span class='ocrx_word' id='word_1_477' title='bbox 1484 5689 1498 5733; x_wconf 72' lang='grc' dir='ltr'>ὁ</span> <span class='ocrx_word' id='word_1_478' title='bbox 1516 5687 1543 5733; x_wconf 77' lang='lat' dir='ltr'><strong>in</strong></span> <span class='ocrx_word' id='word_1_479' title='bbox 1560 5699 1610 5734; x_wconf 82' lang='lat' dir='ltr'><strong>rus.</strong></span> <span class='ocrx_word' id='word_1_480' title='bbox 1632 5685 1655 5733; x_wconf 91' lang='lat' dir='ltr'><strong>P</strong></span> 
     </span>
    </p>
   </div>
   <div class='ocr_carea' id='block_1_9' title="bbox 0 0 2362 6472">
    <p class='ocr_par' dir='ltr' id='par_1_14' title="bbox 0 0 2362 6472">
     <span class='ocr_line' id='line_1_44' title="bbox 0 0 2362 6472; baseline 0 0"><span class='ocrx_word' id='word_1_481' title='bbox 0 0 2362 6472; x_wconf 95' lang='lat' dir='ltr'><strong> </strong></span> 
     </span>
    </p>
   </div>
  </div>
 </body>
</html>
