4736 6478
942 513 1056 569 LIBER
1074 514 1125 567 111.
1806 522 1841 582 91

211 704 281 781 ille,
310 704 366 786 qui
389 703 584 769 meliorest.
625 704 717 787 plura
739 702 921 784 scriberem,
948 702 975 767 si
998 709 1054 767 aut
1075 711 1109 768 tu
1132 702 1187 769 diu
1211 703 1313 769 velles
1335 704 1452 787 rogari,
1478 712 1535 770 aut
1556 706 1634 771 tanti
1657 706 1716 771 viri
1731 707 1845 772 merita
1869 708 1933 770 PF

214 806 528 872 commendationem
551 806 785 872 desiderarent.
833 826 910 888 ergo
934 814 984 871 sat
1007 813 1067 887 est,
1093 805 1179 890 qnod
1200 807 1356 890 accepisti
1379 806 1446 872 voti
1467 807 1531 874 mei
1552 808 1685 874 indicia.
1729 810 1849 875 ambitu

215 917 249 976 et
272 909 385 976 labore
408 930 472 975 non
494 929 577 995 opus
599 918 659 989 est,
686 929 758 975 cum
782 930 823 975 cr
845 915 961 975 natura
984 909 1101 989 ueniat
1130 915 1164 974 ut
1186 916 1253 976 ate
1268 910 1410 976 moribus
1425 911 1489 977 tuis
1503 912 1667 997 proximus
1682 912 1846 998 dIIIgatnr.

850 1237 970 1304 LXVII
1003 1246 1079 1304 unte
1095 1259 1125 1303 a.
1145 1242 1220 1303 394.

860 1392 918 1456 ΑΙ)
941 1393 1205 1459 ΒΙΟΟΜΕΒΕΜ.

306 1566 447 1630 Firmum
487 1565 695 1630 domestIcum
733 1585 839 1629 meum
870 1564 1005 1630 militiae
1033 1564 1204 1648 stipendiis
1235 1586 1305 1630 cum
1335 1566 1501 1632 honestate
1532 1567 1731 1651 perfunctum
1760 1570 1850 1635 testi-

217 1668 325 1733 monio
348 1688 420 1733 mec
443 1666 551 1733 decuit
572 1667 736 1747 adiuvari,
770 1674 806 1732 ut
833 1666 977 1733 faciliore
1006 1667 1098 1732 aditu
1127 1668 1169 1733 ad
1198 1675 1284 1733 tuam
1315 1668 1460 1733 notitiam
1483 1671 1674 1754 perveniret.
1722 1673 1850 1756 porrige

216 1773 327 1855 igitur,
355 1792 410 1836 oro
432 1778 474 1853 te,
501 1770 693 1837 adiutricem
716 1792 846 1836 manum
864 1771 1010 1854 legitima
1024 1771 1169 1855 praemia
1184 1792 1225 1836 ex
1240 1791 1326 1836 more
1342 1771 1494 1856 cupienti.
1535 1773 1716 1839 huiusmodi
1732 1775 1850 1860 quippe

216 1874 380 1940 ueteranis
408 1874 633 1959 praerogativa
663 1872 816 1954 debetur,
849 1881 884 1940 ut
910 1874 977 1939 illis
1004 1879 1214 1959 protectorum
1247 1873 1388 1957 dignitas
1415 1882 1578 1959 tamquam
1602 1878 1739 1960 pretium
1761 1879 1849 1961 longi

171 1998 197 2037 ro
217 1978 340 2044 laboris
362 1976 505 2042 accedat.
543 1976 631 2061 quod
652 1976 761 2042 Firmo
785 1976 1007 2043 incunctanter
1029 1972 1165 2057 eueniet,
1193 1976 1221 2049 si
1243 1984 1317 2043 tuus
1340 1977 1430 2043 favor
1452 1985 1527 2044 vota
1549 1979 1686 2046 bominis
1707 1981 1751 2047 ad
1773 2002 1850 2047 con-

217 2087 313 2147 sueta
334 2080 466 2146 nitentis
488 2079 657 2146 adiuverit.

840 2388 975 2453 LXVIII
1010 2394 1086 2453 ante
1101 2409 1133 2453 a.
1152 2392 1228 2453 39⁴.

860 2545 918 2609 AD
941 2544 1204 2611 RICOMEREM.
1871 2554 1904 2615 P

306 2720 487 2785 Meritorum
511 2727 635 2784 tuorum
661 2719 746 2782 iusta
768 2717 849 2782 ratio
872 2716 1035 2800 deposcit,
1069 2722 1104 2782 nt
1132 2715 1346 2782 familiaribus
1376 2717 1491 2784 litteris
1514 2741 1643 2803 opernm
1667 2721 1851 2806 frequenter

173 2844 201 2883 ra
220 2822 406 2908 inpendam,
433 2828 585 2907 expertus
607 2821 742 2905 qnippe,
767 2840 831 2885 nnn
855 2819 957 2905 perire
980 2818 1087 2884 oflicIa
1110 2819 1220 2884 delata
1240 2808 1454 2904 sapientibus.
1501 2822 1618 2904 fungor
1638 2823 1739 2908 igitur
1761 2826 1850 2892 salu-

221 2927 359 3007 tatione,
385 2946 469 3008 quae
491 2926 562 2991 sola
584 2945 691 2990 curam
715 2929 852 2989 testatur
873 2921 1072 3003 absentium,
1100 2929 1251 3005 tuamque
1274 2943 1329 2988 oro
1351 2924 1598 3007 praestantiam,
1633 2934 1667 2992 ut
1688 2928 1849 2995 amicitiae

222 3030 351 3112 bonnm,
378 3028 474 3094 sicuti
497 3028 602 3094 faeere
624 3028 720 3105 soles,
747 3035 780 3094 et
803 3046 950 3092 sermone
974 3026 1104 3092 excolas
1127 3032 1159 3091 et
1181 3033 1288 3092 mente
1311 3026 1483 3092 custodias.

880 3353 1033 3419 LXVIIII
1066 3374 1098 3418 a.
1117 3356 1190 3419 383.

865 3511 922 3575 ΑΒ
945 3509 1207 3576 nicosinum,
1875 3516 1939 3578 PF

178 3702 208 3743 ιιι
312 3686 483 3752 Dominum
514 3704 618 3749 meurn
649 3690 682 3749 et
711 3682 840 3747 batrcm
871 3688 1012 3746 nostmm
1043 3679 1233 3745 Flavianum
1264 3681 1385 3746 celsum
1414 3680 1584 3747 virtutibus
1617 3690 1650 3749 et
1682 3683 1856 3750 bonoribus

226 3790 328 3855 uirum
352 3788 495 3855 iustitiae
516 3794 592 3853 tuae
614 3792 775 3851 exsortem
798 3804 871 3851 esse
894 3805 957 3849 non
981 3784 1093 3867 patior.
1135 3783 1248 3849 merito
1271 3804 1328 3868 pro
1349 3782 1522 3849 bonoribus
1544 3783 1625 3865 eius,
1651 3806 1734 3868 qnae
1757 3806 1856 3853 eausa

227 3893 340 3979 poscit,
367 3892 474 3974 allego
498 3891 603 3956 sciens
626 3889 696 3954 sine
718 3896 775 3955 tna
796 3887 985 3953 auctoritate
1008 3886 1189 3968 commissa,
1216 3906 1300 3969 quae
1322 3887 1381 3952 snb
1404 3886 1534 3952 obtentu
1558 3894 1611 3952 tuo
1627 3909 1647 3953 a
1662 3889 1854 3971 quibusdam

227 3996 352 4063 scaevis
375 3994 554 4077 dissignata
577 3992 735 4057 dicuntur.
782 3990 868 4057 unde
891 3991 970 4056 milri
999 3990 1101 4055 maior
1127 3989 1264 4069 fiducia,
1295 4008 1390 4074 posse
1419 4010 1485 4056 rem
1514 3992 1656 4074 graviter
1684 3993 1852 4077 vindicari,

227 4120 297 4166 cum
328 4107 384 4165 tna
413 4118 540 4182 quoque
569 4095 657 4160 sama
686 4096 815 4180 pulsata
844 4094 897 4158 sit.
943 4094 1108 4177 querellae
1137 4100 1244 4158 autem
1270 4113 1373 4177 genus
1396 4094 1558 4159 bominum
1583 4095 1653 4160 eius
1676 4097 1852 4179 suggestio,

181 4218 211 4259 ²⁵
228 4204 255 4269 si
281 4202 434 4283 iusseris,
470 4207 691 4284 per-sequetur,
724 4198 800 4281 quia
828 4197 997 4282 multiplex
1026 4196 1144 4261 iniuria
1172 4196 1301 4261 modum
1329 4196 1488 4281 epistulae
1518 4198 1686 4263 familiaris
1716 4198 1852 4265 excedit.

228 4328 290 4372 non
314 4306 438 4371 minora
460 4305 557 4369 etiam
580 4303 666 4368 filius
689 4301 834 4367 inlustris
856 4300 925 4381 viri,
953 4299 1078 4384 etipse
1100 4300 1163 4363 iam
1180 4299 1308 4365 honoris
1323 4307 1356 4365 et
1369 4300 1484 4379 meriti,
1511 4301 1543 4366 in
1560 4322 1620 4366 sua
1633 4303 1852 4386 proconsulari
1876 4307 1896 4368 2

227 4408 431 4496 possessione
452 4406 616 4487 toleravit,
648 4425 732 4488 quae
755 4404 798 4470 ad
821 4402 1067 4485 uniusquidem
1091 4404 1251 4488 pertinent
1277 4423 1393 4468 noxam
1423 4404 1482 4469 sed
1511 4403 1555 4469 ad
1584 4405 1750 4487 utriusque
1778 4427 1856 4472 con-

228 4520 391 4597 temptum.
440 4517 664 4594 ergoutmos
687 4507 832 4589 esttibi,
864 4506 984 4571 auditis
1007 4527 1113 4572 eorum
1137 4505 1404 4589 allegationibus,
1436 4506 1491 4589 qui
1521 4514 1649 4573 tuentur
1674 4509 1855 4574 absentium

229 4617 407 4694 facultates,
433 4613 535 4700 primo
558 4612 687 4688 famam,
714 4631 798 4693 quae
820 4610 940 4695 optimo
954 4610 1070 4692 cuique
1086 4610 1226 4693 pretiosa
1240 4617 1299 4689 est,
1326 4616 1400 4675 tunc
1414 4609 1588 4674 amicitiam
1604 4609 1681 4676 fidei
1702 4611 1851 4695 indicem,

182 4736 211 4775 ιο
228 4725 387 4803 postremo
409 4718 518 4801 leges,
544 4736 601 4800 pro
623 4715 738 4798 quibus
761 4714 920 4793 excubas,
954 4712 1089 4795 dignare
1112 4712 1303 4791 defendere,
1334 4718 1369 4777 nt
1390 4712 1433 4777 ad
1455 4711 1623 4779 inlustrem
1646 4715 1768 4797 virum,
1800 4716 1856 4797 qui

230 4842 286 4908 per
308 4820 490 4887 absentiam
514 4837 641 4883 suorum
663 4817 767 4883 nescit
786 4815 998 4895 incommoda,
1024 4815 1114 4901 prius
1137 4816 1242 4897 gratia
1263 4815 1412 4881 beneficii
1431 4814 1477 4880 tui
1499 4836 1594 4899 quam
1619 4837 1746 4883 suorum
1768 4817 1859 4884 dolor

229 4934 261 4992 et
281 4924 428 5008 querella
450 4922 630 5009 perveniat.

314 5178 390 5268 aaut
406 5216 510 5280 opnsF

315 5303 437 5352 som]
515 5301 761 5381 'quuldPluu
870 5300 992 5349 tlrmlol‘

317 5388 346 5438 17
367 5402 492 5451 sermonen
510 5388 533 5435 P

316 5474 348 5524 ra
365 5475 453 5524 oua?
554 5473 588 5523 20
606 5478 705 5534 etpost
723 5487 807 5521 meum
826 5473 912 5521 oraF
1014 5470 1043 5521 tr
1065 5469 1126 5531 fort.
1146 5485 1190 5533 pro
1209 5472 1352 5522 bominibus
1369 5474 1426 5523 alus
1530 5476 1586 5523 elna
1603 5486 1668 5538 qnae
1685 5491 1760 5524 eausa
1778 5478 1857 5539 poscit

232 5562 375 5625 (pocultPI
389 5560 434 5621 m.)
455 5562 534 5622 allego
552 5560 580 5624 P,
602 5562 794 5622 alnoquacansa
805 5558 995 5621 poclulegol'
1096 5556 1129 5606 ⁸23
1148 5558 1278 5618 designata
1292 5561 1314 5606 l·'
1415 5565 1455 5609 est
1470 5565 1526 5622 port
1544 5560 1636 5610 fiducia
1653 5561 1711 5611 add.
1726 5562 1820 5611 le.
1838 5564 1859 5610 l'

230 5646 262 5696 ld
280 5648 407 5696 bominum
425 5643 494 5713 clus]
512 5644 564 5709 FF,
584 5646 694 5695 bomlnls
712 5660 752 5694 rue
770 5646 811 5693 ins
822 5644 845 5692 P
858 5649 868 5692 1
883 5661 928 5703 nu,
949 5644 1059 5692 lrornlula
1077 5645 1168 5693 mellus
1182 5645 1277 5694 Pam.
1383 5645 1417 5695 25
1436 5643 1612 5713 persequetur]
1632 5647 1776 5711 nannum,
1799 5664 1856 5712 pro·

231 5736 342 5796 mquitur
360 5733 406 5781 PF
507 5734 602 5782 exeldlt
620 5731 666 5780 ΡΙ
681 5748 716 5782 m.
834 5728 868 5779 26
886 5738 912 5778 et
928 5732 985 5792 lpse
1003 5730 1122 5778 etlamF
1231 5730 1264 5780 29
1282 5729 1461 5812 culparique?
1562 5734 1659 5781 tumF
1761 5734 1790 5784 31
1812 5737 1856 5783 ab·

231 5822 336 5871 seutiam
355 5823 383 5868 lo
399 5832 449 5869 ror.
472 5818 494 5868 P

1596 5920 1651 5972 It*
