4716 6476
510 512 570 574 rar
1110 504 1304 561 svunacm
1323 501 1532 560 mrsnvnnn

457 702 491 763 P
509 697 656 782 quamvis
683 696 825 779 regionis
854 696 949 762 istius
972 698 1096 762 caelum
1121 695 1282 762 salubrius
1305 702 1338 761 et
1358 715 1454 781 pares
1477 693 1588 780 copiae
1611 694 1685 760 sint.
1734 692 1794 759 erit
1815 691 1902 779 optio
1924 700 1995 774 tua,
2029 690 2140 759 inten-

509 801 585 867 dere
614 800 675 866 iter
696 821 740 865 an
761 799 907 883 relegere
930 798 1117 865 debeamus.
1163 799 1207 864 ad
1230 797 1449 864 defensionem
1470 818 1576 864 meam
1598 797 1737 883 pertinet
1759 818 1797 863 eo
1819 798 2006 863 redeuntem
2029 803 2061 862 te
2084 816 2140 861 se-

508 904 573 988 qui,
600 903 655 1005 ub'r
676 902 905 970 adventantem
928 911 1098 988 expectare
1119 923 1183 968 non
1205 902 1304 989 potui.
1351 904 1434 968 vale.

1271 1127 1374 1192 XXV.

428 1271 493 1333 PF
1089 1264 1349 1331 SYMMACHVS
1371 1262 1554 1329 ATTALO.
2160 1284 2173 1323 s

595 1437 631 1503 Si
653 1437 876 1522 respondisses
899 1437 1057 1522 epistulae
1080 1458 1184 1518 meae,
1211 1437 1356 1502 levasses
1378 1456 1474 1502 onere
1498 1434 1724 1501 conscientiam
1746 1442 1852 1501 tuam:
1887 1455 1972 1500 nunc
1993 1441 2138 1500 nostram

509 1541 725 1607 taciturnitate
749 1542 873 1607 iuvisti.
920 1562 1057 1626 repensa
1073 1542 1164 1625 eninr
1188 1540 1295 1605 officia
1317 1539 1474 1605 laetitiam
1497 1539 1575 1604 mibi
1598 1545 1778 1623 praestant,
1811 1545 1931 1621 negata
1956 1538 2135 1604 victoriam.

490 1652 542 1711 »et
564 1645 630 1710 scio
653 1665 693 1710 ex
716 1644 894 1710 abundanti
915 1664 1011 1729 posse
1033 1652 1065 1709 te
1088 1644 1215 1727 facere,
1242 1642 1328 1726 quod
1349 1663 1408 1708 nos
1431 1643 1531 1708 multo
1555 1643 1670 1707 sudore
1693 1640 1933 1725 destringimus.
1981 1641 2040 1707 sed
2062 1641 2140 1723 quia

509 1748 637 1814 invides
664 1748 749 1814 bona
776 1749 876 1813 verba
904 1747 1094 1829 lectoribus,
1128 1768 1169 1812 ne
1197 1746 1263 1812 vim
1292 1746 1399 1812 facere
1429 1746 1594 1811 existimer
1622 1744 1777 1811 avaritiae
1807 1752 1898 1827 tuae,
1932 1744 2136 1828 dispendium

509 1871 614 1916 meum
638 1850 766 1916 devoro.
815 1852 899 1916 vale.
2159 1872 2188 1911 ro

1093 2127 1163 2199 AD
1194 2125 1553 2201 MACEDONIVM.

1186 2298 1295 2364 XXVI
1326 2317 1356 2363 a.
1376 2299 1461 2361 397⁶?

1049 2435 1309 2501 SYMMAGHVS
1331 2434 1595 2500 MACEDONIO.

597 2608 709 2673 Audeo
731 2615 763 2674 te
785 2608 820 2673 in
842 2628 955 2690 agrum
978 2608 1166 2673 Lavinatem
1189 2627 1295 2672 meum
1318 2614 1389 2691 post
1403 2607 1553 2672 Tiburtes
1576 2627 1690 2689 rogare
1713 2606 1860 2689 delicias,
1886 2627 1946 2673 nec
1968 2628 2040 2674 sum
2062 2607 2137 2674 reli-

510 2710 592 2794 giosi
622 2710 774 2777 desiderii
803 2711 919 2794 longus
949 2717 1105 2795 precator.
1153 2731 1192 2776 ea
1214 2710 1332 2795 quippe
1355 2711 1439 2775 inter
1460 2710 1579 2775 amicos
1602 2710 1789 2794 petitionum
1813 2710 1909 2776 debet
1931 2730 2004 2776 esse
2027 2708 2137 2776 condi-
2157 2732 2186 2774 rs

510 2814 571 2895 cie,
597 2821 631 2878 ut
653 2813 891 2899 praestantibus
914 2834 1015 2898 prona
1037 2813 1217 2897 videantur,
1242 2834 1326 2896 quae
1348 2820 1423 2879 sunt
1444 2834 1563 2898 magna
1586 2813 1801 2897 poscentibus.
1849 2814 1933 2879 vale.

1255 3037 1393 3104 XXVII.

1049 3173 1309 3242 SYMMACHVS
1332 3174 1595 3242 MACEDONIO.

599 3347 690 3413 Soles
720 3347 909 3431 adfirmare,
942 3346 1027 3430 quod
1054 3368 1105 3413 me
1133 3348 1191 3413 tibi
1219 3347 1396 3432 praeferas.
1444 3353 1554 3432 posset
1583 3347 1643 3411 hoc
1674 3366 1746 3412 esse
1775 3346 1944 3429 credibile,
1980 3348 2008 3414 si
2036 3347 2135 3414 filium

510 3471 616 3516 meum
633 3451 775 3516 Attalum
798 3450 841 3516 ad
862 3470 921 3516 nos
944 3450 1053 3516 venire
1076 3450 1243 3535 patereris.
1282 3450 1316 3516 in
1338 3458 1394 3516 tuo
1417 3450 1502 3516 eninr
1525 3450 1594 3515 iure
1616 3456 1674 3531 est,
1701 3449 1764 3515 tuis
1787 3451 1916 3516 monitis
1937 3451 2131 3535 adquiescit;
2154 3473 2184 3516 ao

510 3555 598 3636 quod
630 3554 760 3637 quidem
793 3554 863 3620 fieri
895 3561 1041 3638 oportere
1071 3555 1251 3637 consentio,
1289 3554 1436 3620 sednon
1466 3560 1601 3619 eatenus
1630 3551 1826 3637 pontificium
1852 3560 1941 3619 tuum
1969 3555 2002 3619 in
2030 3561 2137 3621 nostra

512 3657 630 3723 damna
652 3657 840 3742 protendasl
879 3676 1034 3742 parumne
1057 3664 1124 3739 est,
1156 3657 1240 3740 quod
1263 3658 1332 3742 ipse
1354 3677 1459 3738 aeque
1481 3655 1715 3722 desiderandus
1737 3656 1931 3721 consortium
1952 3677 2058 3722 meum
2081 3658 2138 3724 de-

512 3760 592 3826 seris
616 3767 649 3826 et
669 3760 795 3826 invides
817 3759 911 3826 nobis
933 3759 1209 3845 exoptatissimam
1233 3761 1279 3825 tui
1302 3760 1513 3826 societateml
1555 3759 1688 3843 insuper
1709 3759 1844 3826 alterurn
1865 3780 1993 3844 quoque
2015 3760 2137 3826 deleni-

507 3863 576 3945 ficis
599 3864 717 3928 amoris
739 3863 862 3928 artibus
884 3863 1020 3945 retines,
1047 3862 1142 3929 credo
1164 3863 1340 3944 coniciens,
1367 3862 1628 3928 adceleraturum
1651 3881 1724 3928 esse
1745 3884 1797 3928 me
1819 3862 1973 3943 reditum,
2002 3864 2030 3929 si
2051 3871 2137 3929 utrc-

510 3986 572 4048 que
603 3966 769 4032 destituar.
816 3973 849 4032 at
870 3986 931 4049 ego
954 3965 1121 4048 denuntio,
1155 3986 1236 4052 opus
1268 3986 1340 4032 esse
1363 3967 1533 4048 monitore,
1568 3966 1623 4048 qui
1645 3966 1789 4031 retrahat
1809 3967 2014 4047 haerentem
2046 3987 2130 4048 nam,
2153 3989 2184 4031 aa

510 4076 546 4136 ut
575 4069 656 4149 scis,
691 4090 763 4134 amo
793 4068 910 4152 otium,
944 4090 1059 4153 pascor
1080 4070 1197 4153 quiete.
1245 4069 1366 4136 instruo
1388 4070 1496 4153 itaque
1518 4076 1550 4135 te
1572 4068 1743 4134 adversum
1765 4070 1990 4137 lentitudinem
2012 4091 2129 4137 meam:

513 4172 541 4238 si
564 4171 708 4238 absentis
731 4171 826 4237 amici
848 4172 912 4237 iam
936 4171 1103 4238 desideras
1125 4173 1273 4257 reditum,
1299 4180 1410 4260 patere
1431 4174 1562 4239 brevem
1585 4172 1764 4258 praesentis
1786 4191 1966 4242 excursum.

1244 4398 1400 4465 XXVHI.

1049 4534 1308 4602 SYMMAOHVS
1330 4533 1595 4602 MACEDONIO.

602 4704 690 4772 Licet
714 4705 915 4789 gravissimis
937 4706 1081 4774 febribus
1103 4708 1273 4792 inpedirer,
1299 4730 1361 4775 non
1384 4710 1474 4795 potui
1496 4709 1656 4790 denegare
1678 4706 1737 4773 tibi
1759 4707 2031 4775 honorificentiam
2053 4708 2139 4777 litte-
2155 4733 2187 4777 ao

512 4827 629 4890 rarum,
656 4831 697 4875 ne
720 4810 887 4893 religionis
908 4813 1087 4894 neglegens
1109 4811 1279 4877 iudicarer.
1325 4833 1385 4878 nec
1405 4820 1513 4878 tamon
1534 4812 1569 4876 in
1591 4812 1723 4876 multam
1747 4813 1862 4877 seriem
1885 4834 2063 4898 propagare
2085 4816 2138 4881 lit-

511 4919 597 4978 teras
621 4913 727 4995 valui,
761 4932 896 4996 quarum
917 4915 1061 4980 brevitas
1082 4915 1288 5000 inculpabilis
1310 4923 1375 4996 est,
1403 4935 1474 4981 cum
1497 4935 1538 4980 ex
1559 4914 1677 4979 iniuria
1698 4915 1908 4998 valetudinis,
1934 4937 1997 4983 non
2020 4940 2061 4985 ex
2082 4940 2137 4985 vo

511 5016 634 5083 luntate
657 5016 841 5082 descendat.

601 5296 682 5346 bom.
703 5297 727 5343 F
827 5296 972 5347 bnostrsm
994 5300 1040 5362 (arn
1058 5300 1119 5348 dm.
1135 5300 1163 5348 ia
1173 5296 1279 5362 ecs.)P
1381 5296 1612 5349 ltsciinrnltatsm
1631 5296 1676 5347 Pr
1779 5298 2011 5360 Bbabnndantll’
2112 5308 2138 5354 te

511 5396 582 5445 posse
601 5383 629 5445 F,
650 5396 767 5444 reposce
787 5380 833 5445 (Γ)
941 5383 1106 5433 ilexistimes
1124 5387 1148 5433 F
1250 5384 1281 5435 li)
1300 5388 1412 5435 deuoueo
1430 5384 1457 5434 Γ

599 5467 627 5516 ll
648 5468 776 5529 explicari
789 5470 905 5533 attalum,
921 5472 1139 5533 ineipltciusdem
1152 5472 1407 5522 admacedoninmP
1511 5472 1543 5522 13
1561 5473 1727 5535 macereas>
1830 5474 1862 5524 lb
1879 5476 2028 5537 petitionem
2041 5475 2087 5527 Pl
2102 5494 2136 5529 m.

597 5552 628 5604 21
648 5560 678 5602 ut
693 5561 749 5616 post
767 5564 873 5606 eatenus
891 5556 950 5606 add.
966 5559 993 5605 ia
1004 5557 1093 5619 mm
1197 5557 1228 5606 23
1248 5562 1463 5624 exoptatissunam
1484 5560 1530 5607 Pr
1544 5574 1579 5609 m.
1685 5558 1836 5627 delenificis]
1856 5563 1963 5623 luceius,
1984 5562 2141 5613 delenicisP

511 5638 543 5688 24
562 5639 776 5690 adcelebraturum
795 5642 818 5690 P
920 5642 952 5693 25
971 5641 1008 5710 at]
1025 5645 1055 5692 ad
1077 5645 1122 5692 Pl
1137 5659 1172 5693 m.

597 5725 631 5774 29
650 5741 789 5787 symmacus
802 5728 825 5776 P
918 5729 949 5779 31
970 5745 1002 5779 ne
1014 5732 1143 5792 religionis
1159 5731 1199 5793 (ne
1211 5746 1223 5780 r
1235 5736 1262 5781 ia
1273 5735 1335 5795 rus.)
1352 5733 1375 5779 P
1470 5732 1501 5781 32
1521 5735 1614 5781 iniuria
1626 5731 1793 5802 ualetudinis]
1806 5733 1872 5799 (Π),
1891 5732 2107 5803 lf'),lljsssfflffsrris
2120 5735 2141 5783 P

511 5810 544 5861 33
563 5809 708 5880 descendat]
728 5812 791 5877 (Π),
811 5813 938 5882 derasum
958 5816 980 5862 P
