4722 6470
455 442 558 509 CXVI
888 439 898 451 '
982 440 1248 499 CHRONOLOGIA
1266 437 1553 498 sustinemus.

542 667 664 747 Annus,
691 686 753 749 quo
775 664 809 730 in
831 666 940 731 aulam
955 665 1132 732 Theodosii
1155 666 1277 733 accitus
1299 673 1357 746 cst,
1385 665 1512 731 duabus
1532 665 1629 730 rebus
1645 663 1805 747 definitur,
1831 671 1974 749 tempore
1990 682 2104 749 prae-

457 787 601 853 fecturae
622 785 790 872 praetorio,
817 805 912 869 quam
935 792 1111 869 quaestura
1133 785 1279 872 deposita
1300 786 1412 872 primis
1434 806 1465 851 a.
1485 787 1547 850 383
1567 783 1734 850 mensibus
1749 785 1851 868 gessit
1864 792 1897 850 ot
1913 785 2102 850 honoribus

458 906 574 987 Rufini,
602 927 696 990 quem
720 927 793 972 oum
808 905 985 971 Flavianus
1007 914 1158 989 quaestor
1180 907 1284 973 fuctus
1307 913 1366 987 est,
1393 906 1499 990 ipsum
1522 925 1647 989 quoque
1671 904 1804 988 aliquod
1819 904 1985 989 dignitatis
2002 925 2100 987 aug-

457 1033 600 1093 mentum
621 1027 802 1111 uccepisse,
835 1025 1049 1111 Symmachus
1070 1026 1265 1110 indiout⁵⁶⁴l.
1313 1025 1399 1109 quod
1421 1027 1512 1091 cuius
1534 1026 1663 1109 generis
1685 1025 1799 1107 fuerit,
1832 1046 1874 1091 ex
1897 1046 1935 1091 eo
1957 1025 2099 1111 perspi-

458 1147 554 1227 citur,
582 1137 668 1229 quod
689 1145 823 1211 Rufinus
845 1146 1001 1212 Flaviano
1023 1147 1184 1231 quaestori
1206 1152 1365 1231 potestate
1386 1166 1446 1231 pur
1466 1146 1519 1211 vel
1542 1147 1639 1212 etiam
1662 1146 1763 1212 maior
1788 1150 1932 1227 crat⁵⁶⁵j.
1980 1145 2098 1229 magi-

459 1267 555 1333 sterio
582 1266 681 1350 igitur
710 1265 885 1331 officiorum
908 1274 1080 1333 exornatus
1103 1272 1153 1332 est
1161 1270 1233 1349 ⁶⁰⁶),
1265 1288 1340 1332 nam
1363 1264 1466 1332 omnis
1488 1266 1572 1330 alius
1595 1265 1697 1330 honor
1718 1266 1860 1347 aulicus,
1894 1286 1989 1349 quem
2012 1272 2097 1332 ante

457 1387 692 1470 praefecturam
714 1386 873 1473 praetorio
900 1386 941 1468 (a.
968 1390 1038 1472 392)
1067 1388 1169 1471 gessit
1190 1395 1246 1453 aut
1266 1387 1409 1470 gessisse
1430 1391 1552 1473 potest,
1580 1394 1772 1468 quaesturae
1795 1386 1952 1471 dignitate
1974 1386 2091 1453 cessit.

458 1511 534 1572 ante
549 1506 697 1571 Rufinum
712 1506 880 1571 Palladius
902 1507 1056 1590 magister
1077 1507 1251 1573 officiorum
1268 1514 1345 1587 erat,
1372 1507 1427 1590 qui
1442 1513 1706 1573 commemoratur
1720 1507 1751 1572 6.
1771 1510 1809 1571 21
1828 1508 1921 1573 Mart.
1941 1509 2003 1572 382
2014 1510 2084 1591 617);

459 1646 536 1711 ergo
558 1634 631 1712 post
653 1647 725 1691 eum
749 1625 834 1692 diem
857 1633 922 1692 tam
944 1628 1122 1693 Flavianus
1144 1647 1241 1709 quam
1263 1626 1396 1693 Rufinus
1417 1628 1552 1712 promoti
1575 1633 1659 1693 sunt.

544 1747 582 1811 In
603 1746 680 1812 aula
701 1746 799 1829 igitur
821 1747 996 1813 Theodosii
1019 1748 1143 1832 positus
1164 1747 1255 1813 brevi
1276 1753 1419 1834 tempore
1441 1754 1565 1814 tantum
1591 1748 1792 1833 imperatoris
1821 1749 1964 1815 favorem
1992 1766 2086 1813 asse-

457 1873 549 1932 cutus
586 1869 714 1949 661111),
757 1873 792 1932 61
827 1868 939 1954 666616
975 1868 1140 1934 mensibus
1176 1868 1316 1953 peractis
1352 1868 1422 1952 ipse
1458 1869 1642 1952 praefectus
1675 1868 1832 1948 praetorio
1865 1889 1924 1953 per
1954 1868 2083 1934 Italiam

457 1986 625 2069 66661119),
663 1958 726 2052 filii
750 1986 853 2053 minor
880 1988 1078 2074 provintiam
1107 1989 1247 2072 aliquam
1276 1987 1422 2054 Italicam
1452 1989 1630 2074 acciperet,
1666 1990 1785 2071 maior,
1821 1989 1877 2072 qui
1906 1988 2084 2055 consularis

459 2106 658 2190 Campaniae
680 2106 743 2171 iam
766 2107 950 2191 1666661111),
976 2108 1009 2172 16
1032 2128 1122 2193 spem
1146 2107 1274 2174 honoris
1297 2107 1461 2193 amplioris
1482 2109 1517 2173 in
1540 2108 1722 2174 comitatum
1744 2107 1975 2191 acciretur⁵⁷¹l.
2022 2128 2086 2192 quo

459 2226 620 2311 profectus
643 2234 693 2293 cst
715 2249 735 2293 a
758 2228 950 2312 Symmacho
974 2227 1246 2294 commendaticiis
1275 2228 1318 2293 ad
1341 2227 1489 2294 Rufinum
1517 2229 1574 2310 (ΙΙΙ
1597 2230 1647 2312 89)
1681 2235 1715 2294 61
1737 2228 1946 2295 Stilichonem
1974 2228 2028 2311 (IV
2051 2228 2081 2309 2)

546 2469 605 2532 564)
624 2472 664 2519 lll
683 2470 713 2521 61
737 2472 906 2522 suscensebam
924 2475 1019 2521 sitentio
1037 2478 1096 2532 tuo,·
1120 2472 1162 2521 sed
1177 2477 1310 2535 postquam
1327 2473 1389 2522 miii
1407 2473 1529 2523 indicium
1546 2472 1576 2520 de
1593 2471 1682 2532 (ratris
1699 2472 1788 2521 honore
1805 2473 1899 2536 1661611,
1924 2475 1983 2522 61611
2007 2473 2086 2535 offat-

458 2557 552 2604 sionern
575 2557 697 2618 66166166.
723 2584 758 2594 -
781 2558 823 2607 sed
841 2559 906 2620 quod
923 2560 1119 2608 oiaeuclueis
1138 2557 1606 2621 166666166666656616666611661,
1632 2572 1684 2607 non
1700 2562 1728 2606 ut
1746 2559 1872 2607 insotitrsm
1889 2560 1928 2607 661
1946 2558 2086 2607 usmetum

458 2655 540 2690 reeens
561 2644 681 2704 66616166.
718 2645 834 2693 solumne
858 2649 893 2692 est
916 2645 1017 2694 domino
1035 2650 1119 2693 nostro
1139 2645 1271 2693 Theodosio
1289 2647 1316 2691 in
1333 2658 1390 2693 suos
1408 2658 1515 2693 66666666
1533 2658 1663 2694 sensurum
1679 2658 1822 2707 morumque
1839 2658 1911 2705 opere
1928 2644 2046 2693 dilectum
2063 2649 2086 2692 et

459 2730 571 2788 61666166
592 2735 620 2778 ut
642 2744 718 2780 nouos
741 2745 836 2793 semper
858 2732 990 2792 expendere
1009 2746 1054 2779 666
1070 2731 1242 2779 consuetudini
1259 2731 1398 2780 condonare
1417 2731 1547 2780 iudicium.
1585 2730 1642 2781 inde
1659 2736 1707 2790 est,
1735 2731 1800 2794 quod
1817 2733 1990 2781 sinceritatem
2007 2744 2087 2778 mores

459 2820 515 2863 tuos
533 2814 700 2878 deniqnius
717 2820 829 2879 respicit,
849 2831 909 2879 quos
926 2832 1005 2867 secere
1022 2824 1045 2866 et
1062 2819 1193 2878 diliqenter
1210 2820 1324 2880 inspexit.
1362 2821 1547 2879 comparativus
1563 2818 1608 2866 ille
1626 2818 1754 2878 benignius
1772 2822 1901 2878 monstrat,
1920 2818 2039 2865 Rufinum
2057 2819 2086 2865 in

458 2900 581 2950 honorum
598 2917 672 2952 cursu
691 2909 746 2953 tum
764 2905 841 2953 altius
859 2910 974 2954 erectum
992 2917 1057 2965 esse,
1076 2908 1103 2953 ct
1121 2906 1196 2953 verba
1212 2918 1245 2952 ex
1262 2905 1373 2966 epistula
1390 2905 1446 2953 eius
1464 2905 1543 2953 relata
1560 2905 1663 2953 actuata
1681 2903 1789 2967 inprobis
1806 2918 1874 2966 spem
1885 2903 1954 2952 bonis
1965 2902 2088 2952 redditum

460 2986 557 3049 aliquos
567 3001 607 3059 ¹ex
625 2992 731 3038 summis
750 2991 938 3050 magistratibus
956 2995 1063 3038 mutatos
1080 3004 1137 3039 esse
1154 2991 1276 3039 innuunt.

548 3072 608 3136 565)
627 3073 670 3138 96,
690 3075 723 3124 20
742 3072 910 3138 Florianum,
921 3080 1025 3137 pectoris
1043 3078 1092 3124 enei
1109 3074 1246 3138 66611666,
1266 3079 1304 3125 tui
1320 3079 1422 3137 socium,
1442 3076 1540 3125 16666666
1558 3079 1641 3125 animo
1659 3080 1704 3124 tuo
1721 3090 1798 3137 usque
1815 3075 1850 3124 ud
1867 3075 2025 3138 inproborum
2041 3074 2088 3123 66-

461 3159 536 3206 iorem
557 3159 622 3219 (scii.
642 3161 1461 3227 661116666666161666666161666661661161661666661)
1482 3166 1556 3212 nimis
1579 3164 1705 3225 protutor,
1731 3178 1792 3212 num
1815 3177 1887 3224 saepe
1909 3163 1979 3225 apud
1999 3176 2038 3209 me
2057 3160 2088 3209 de

461 3246 506 3292 toli
526 3248 636 3294 66161116
657 3248 786 3309 6166161666.
824 3249 868 3296 hoe
890 3263 934 3310 eqo
955 3248 1072 3310 futurum
1095 3255 1152 3298 onie
1172 3264 1345 3312 prospexerunt
1362 3252 1465 3298 uirtutes
1482 3253 1612 3312 utriusqus
1630 3249 1802 3310 considerans,
1828 3263 1933 3311 quorum
1950 3247 2088 3297 similitudo

461 3332 617 3381 concordiam
639 3336 714 3397 serit,
742 3338 764 3381 et
789 3334 843 3383 ideo
866 3337 924 3397 plus
947 3336 1033 3397 666611
1051 3351 1124 3398 quarn
1141 3339 1257 3386 miroeuii
1274 3341 1346 3397 66616
1364 3340 1434 3398 teque
1452 3350 1507 3396 cro,
1532 3351 1564 3385 ne
1582 3336 1641 3398 quid
1658 3339 1685 3384 in
1703 3337 1763 3383 tutes
1780 3339 1872 3385 amieos
1888 3335 1986 3396 fascino
2004 3338 2086 3385 116661.

448 3418 503 3466 -iiie
520 3422 585 3466 enim
600 3419 662 3467 miii
678 3433 729 3467 non
746 3425 781 3469 est
798 3421 931 3482 66666666,
952 3424 1002 3470 661
1020 3421 1109 3470 atiud
1127 3423 1288 3471 66116666
1307 3422 1439 3482 expedit.

549 3502 608 3567 566)
630 3506 667 3554 Ι)6
686 3506 775 3554 Ruiiuo
794 3508 1066 3567 6666666116166666
1083 3523 1107 3556 v.
1128 3508 1242 3556 Ambros.
1263 3509 1337 3569 epist.
1359 3506 1407 3569 523
1428 3508 1519 3556 Zosim.
1539 3508 1576 3557 lv
1595 3507 1642 3570 513
1664 3508 1784 3557 Theodcr.
1804 3508 1828 3556 V
1849 3506 1879 3558 18
1897 3522 1923 3570 p.
1939 3505 2005 3569 2163
2027 3507 2084 3557 ch.

463 3587 556 3639 Theod.
577 3590 602 3638 X
621 3590 663 3652 22,
684 3590 699 3640 ³
718 3593 775 3640 data
793 3593 818 3641 6.
838 3591 855 3642 6
872 3593 946 3642 hiart.
965 3608 988 3645 a.
1009 3591 1068 3642 390.

550 3675 607 3738 567)
631 3676 689 3725 (iod.
711 3678 804 3728 Theod.
826 3679 862 3727 Vl
881 3677 925 3743 tt,
944 3679 969 3728 4.
1005 3680 1071 3741 qnod
1089 3681 1156 3728 idom
1175 3679 1302 3728 Palladius
1320 3681 1372 3741 legi
1389 3680 1460 3728 datae
1478 3694 1501 3729 a.
1522 3678 1573 3730 364
1592 3678 1894 3739 contraeamus
1913 3680 2032 3739 magister
2049 3680 2088 3728 oi·

463 3763 574 3811 liciorum
598 3766 789 3828 praescribitur,
816 3778 897 3814 errore
921 3767 1110 3829 compilatorum
1135 3767 1225 3815 6661616
1244 3766 1411 3815 Theodosiaul
1436 3767 1602 3831 factumest,
1628 3780 1683 3814 uam
1703 3772 1804 3815 antea.
1824 3764 1874 3815 363
1893 3765 2089 3815 sursumsunt

463 3849 637 3908 magistratum
655 3851 789 3912 accepisse,
809 3865 841 3899 cx
860 3852 1011 3915 supradictis
1029 3856 1126 3900 6661616
1144 3853 1181 3901 iit.

551 3933 611 3993 566)
631 3934 675 3997 tu,
696 3935 728 3984 29
750 3940 883 3999 praecipue
899 3952 957 3986 cum
974 3941 1024 3998 1666
1039 3940 1161 4001 fauoris,
1181 3940 1209 3985 in
1225 3951 1309 3986 omore
1326 3937 1419 3985 domini
1435 3940 1514 3986 nostri
1534 3937 1661 3987 Theodosii
1678 3937 1824 3986 venerahilis
1839 3939 1964 3999 66661616
1980 3940 2090 3987 omniurn

464 4023 487 4067 te
509 4022 691 4070 assisinorum
713 4024 844 4082 pinnensem
866 4027 975 4083 66611661
996 4027 1137 4085 repperisse.
1176 4022 1217 4086 46,
1238 4022 1253 4071 4
1278 4038 1334 4072 cum
1355 4026 1452 4084 patriae
1477 4024 1541 4073 6666
1564 4028 1587 4071 61
1609 4027 1743 4085 61666666
1759 4023 1855 4084 666616
1873 4026 1900 4071 16
1916 4026 2002 4085 6611661
2017 4026 2090 4085 6616-

464 4108 525 4167 cipis
543 4105 683 4168 dignatione
700 4109 836 4170 possidens.
855 4136 891 4146 -
908 4111 1086 4171 amplectuntur
1103 4124 1188 4159 moneo
1206 4110 1250 4159 suh
1268 4114 1368 4159 ornante
1385 4110 1509 4160 militium.

551 4193 610 4255 563)
631 4195 776 4245 Praefectus
799 4199 923 4258 praetorio
946 4198 1117 4261 praescriptus
1141 4203 1180 4246 est
1202 4199 1254 4258 legi
1276 4198 1347 4246 datas
1372 4196 1396 4247 d.
1418 4196 1450 4245 27
1469 4196 1541 4246 Febr.
1568 4212 1590 4246 s.
1612 4194 1661 4245 363
1687 4196 1747 4246 (lod.
1767 4196 1861 4247 Thsod.
1883 4195 1934 4244 VII
1953 4193 2001 4258 16,
2021 4195 2037 4244 6
2056 4198 2089 4255 -Ι-

464 4280 503 4329 lX
521 4278 563 4341 29,
583 4279 609 4330 2.
645 4284 827 4343 praeiecturam
845 4284 916 4332 bravi
933 4290 1045 4345 tempore
1063 4290 1223 4346 quaesturam
1241 4289 1352 4333 secutum
1371 4298 1427 4332 essa
1445 4284 1506 4331 dicit
1524 4282 1684 4343 Symmachus
1703 4280 1744 4345 67,
1765 4280 1798 4331 24
1816 4281 1850 4330 od
1867 4281 2003 4347 quinurn:
2021 4295 2092 4342 66666

464 4367 524 4415 mihi
542 4372 629 4415 6666166
646 4369 756 4418 166111166
774 4375 819 4418 aut
835 4372 931 4431 primus
949 4375 994 4418 661
1011 4370 1078 4419 sotus
1095 4384 1134 4418 es:
1155 4375 1309 4432 quaestorem
1326 4371 1428 4418 antehoc
1445 4369 1562 4429 srutrem,
1583 4383 1650 4417 6666
1667 4373 1783 4416 rectorem
1799 4371 1986 4428 praetoriceaum
2004 4369 2091 4415 litteris

464 4455 596 4502 nuntiasti.
633 4454 748 4503 Flaviani
772 4456 929 4518 liliorumque
953 4457 1008 4505 eius
1031 4457 1183 4517 dignitatem
1206 4462 1304 4504 auctum
1326 4457 1453 4518 respicere
1476 4455 1589 4515 videtur,
1615 4468 1672 4502 cum
1690 4455 1784 4502 scribat
1800 4452 1844 4515 iu,
1868 4452 1912 4502 ti:
1939 4454 1988 4502 tuis
2007 4457 2090 4501 tumen

464 4540 553 4588 titteris
566 4541 682 4603 proficere
700 4544 831 4589 sanitatem
847 4556 926 4591 meum
944 4546 1035 4604 sentio,
1056 4543 1142 4605 quihus
1159 4542 1275 4606 denqiein
1293 4541 1387 4592 domini
1404 4543 1480 4589 666161
1501 4540 1629 4591 Theodosii
1646 4539 1787 4602 [6666666166
1803 4553 1933 4588 enumeres
1950 4542 1974 4587 et
1990 4541 2092 4599 urqueri

463 4628 551 4674 6666116
569 4631 614 4675 tuo
630 4630 728 4689 6666616
742 4631 859 4690 66666116
876 4629 1015 4679 66666666.

553 4713 610 4773 570)
632 4729 655 4764 v.
676 4714 866 4778 inscriptionem
885 4716 931 4764 tori
950 4716 1057 4765 Traiani.

555 4797 614 4861 571)
634 4799 676 4860 47,
697 4799 725 4849 31
746 4800 793 4863 {iiii
810 4805 889 4851 nostri
907 4805 935 4851 in
952 4805 1010 4850 sinu
1027 4804 1099 4850 66166
1116 4804 1190 4850 etium
1207 4815 1274 4850 nunc
1291 4806 1428 4850 6666661666.
1442 4827 1476 4836 -
1493 4814 1538 4848 666
1556 4804 1639 4848 tomen
1655 4800 1726 4847 611661
1743 4812 1828 4846 eonem
1844 4800 1900 4846 6166
1918 4800 2091 4860 instrumento,

467 4884 540 4933 citeri
558 4886 585 4932 in
602 4888 741 4933 societatem
758 4888 855 4936 consilii
871 4890 983 4936 66611166
997 4901 1185 4949 praeparamus,
1222 4887 1267 4935 hoo
1290 4887 1343 4936 loco
1369 4885 1804 4945 666666666661611111666166,
1827 4884 1871 4944 qui
1889 4882 2000 4931 nondum
2018 4886 2093 4930 natus

468 4976 533 5033 arat,
562 4970 606 5019 sed
623 4971 654 5019 ds
671 4972 769 5020 dnobus
788 4973 901 5022 Flaviani
918 4974 977 5022 tiliis
995 4987 1075 5022 sermo
1093 4978 1141 5022 est
1180 4987 1253 5033 eum,
1280 4972 1326 5035 qui
1344 4973 1392 5021 iter
1410 4972 1549 5029 instruxit,
1577 4970 1755 5019 Nicomachum
1773 4970 1921 5017 Flavianum
1938 4967 2033 5027 tuisse,
2059 4981 2093 5015 aa

467 5057 527 5105 locis
552 5070 609 5106 mox
627 5058 760 5107 laudandis
777 5065 860 5123 patet3
888 5059 1002 5109 61166-
1020 5062 1042 5109 is
1060 5061 1164 5109 16616666
1183 5060 1327 5118 Venustus,
1356 5059 1479 5120 adquam
1499 5056 1663 5115 Symmachus
1681 5057 1815 5120 epistulam
1833 5053 2094 5117 1117666661-

468 5146 642 5207 661666661111
661 5147 790 5208 comitem,
811 5147 838 5195 16
856 5153 896 5195 661
913 5160 1070 5208 messorem,
1092 5149 1195 5209 accepit,
1215 5147 1247 5195 ad
1265 5146 1375 5206 regimen
1394 5145 1534 5207 provinciae
1552 5144 1660 5191 alicuius
1678 5147 1809 5204 provectus
1827 5156 1883 5190 esse
1902 5142 1990 5202 debot3
2016 5153 2090 5202 quaa,

468 5245 525 5280 cum
544 5245 597 5279 eam
615 5234 742 5295 petiturus
760 5233 816 5281 viae
831 5234 1011 5283 instrumentis
1028 5248 1079 5282 non
1097 5233 1239 5295 indigeret,
1264 5233 1293 5280 16
1311 5232 1404 5279 vicinis
1421 5236 1490 5279 certe
1506 5231 1588 5292 posita
1606 5229 1663 5279 tuit.
1702 5228 1734 5276 de
1753 5227 1887 5289 Campania
1905 5228 1982 5287 igitur
1999 5226 2094 5285 cogita·

469 5319 562 5377 verim,
589 5320 633 5367 ubi
651 5320 813 5379 Symmachus
836 5326 863 5368 et
880 5320 1014 5368 Flavianus
1038 5320 1117 5368 multu
1140 5319 1241 5380 praedia
1263 5318 1432 5381 possederunt
1455 5324 1481 5364 ct
1504 5318 1561 5365 aula
1585 5329 1642 5363 cnm
1666 5315 1801 5374 nepotibus
1825 5326 1853 5360 ec
1871 5318 1983 5373 tempore
2001 5315 2094 5359 morata

468 5417 524 5453 esse
549 5406 658 5455 videtur.
694 5406 725 5454 66
748 5406 867 5455 Flauiam
890 5405 1130 5467 Constantinopolim
1153 5406 1232 5453 accito
1256 5419 1279 5454 v.
1306 5403 1355 5466 37,
1383 5402 1413 5452 17
1438 5403 1473 5450 cd
1496 5401 1631 5464 Rufinum:
1655 5398 1848 5449 commendarem
1875 5397 1918 5447 1161
1943 5398 2095 5446 1766166661

466 5490 547 5553 tilium
569 5504 665 5553 meum,
691 5494 741 5540 nisi
761 5496 785 5540 te
806 5494 901 5541 6616616
924 5495 985 5539 esset
1008 5493 1109 5539 6661166.
1146 5504 1221 5552 6666
1240 5491 1375 5552 epistulam
1394 5486 1556 5550 6666161119,
1580 5486 1610 5536 17
1628 5500 1672 5548 666
1687 5500 1733 5548 pro
1749 5485 1915 5534 nudioeriicte
1933 5485 2094 5545 1666611661

467 5582 521 5629 viro
539 5580 738 5628 6666116666666
755 5582 880 5640 nostrique
897 5581 925 5627 in
937 5578 1087 5626 Florianus
1104 5579 1155 5624 ocii
1173 5579 1237 5625 sorio
1254 5579 1332 5625 ricem
1350 5575 1431 5625 166616
1449 5575 1548 5624 ascivi.
1581 5574 1647 5635 quod
1665 5578 1750 5623 sutem
1769 5578 1832 5631 tum,
1854 5584 1912 5620 cnm
1929 5573 2025 5619 accitus
2043 5574 2091 5630 eat,

468 5666 580 5715 noudum
604 5665 722 5714 honorem
747 5666 856 5727 aliquem
879 5669 1009 5726 acceperat
1026 5664 1070 5713 scd
1088 5668 1190 5712 tautum
1208 5663 1370 5725 expectabat,
1397 5677 1429 5710 cu
1449 5662 1545 5709 ultimis
1563 5660 1688 5723 epistulae
1706 5659 1737 5706 ad
1755 5658 1875 5705 Rufinum
1894 5658 1975 5706 verbis
1994 5657 2093 5718 perspi·

468 5754 548 5802 citur:
568 5767 596 5801 66
613 5766 660 5815 quc
677 5753 728 5816 661,
747 5756 776 5799 ut
793 5752 888 5811 ptura
906 5753 933 5798 in
949 5764 1006 5798 eum
1024 5764 1142 5811 conperos
1159 5749 1236 5798 studii
1253 5752 1291 5798 tui
1307 5762 1420 5810 munero,
1439 5761 1486 5809 pro
1504 5761 1551 5808 quo
1569 5745 1613 5794 tibi
1630 5760 1682 5795 non
1697 5758 1762 5793 unus
1779 5744 1898 5793 obnoxius
1914 5748 1958 5792 ert.
