4716 6476
910 508 1025 563 LIBER
1042 508 1105 564 Vn.
1759 512 1816 573 2¹1

198 697 294 764 buius
315 696 488 777 invidiam,
520 698 582 763 uisi
612 698 713 763 rerba
742 698 835 762 rebus
865 707 974 763 essent
1003 698 1135 763 minora.
1182 698 1252 783 ipse
1273 698 1360 784 apud
1381 706 1430 775 te,
1464 700 1549 781 quod
1572 698 1717 781 quaesito
1740 718 1821 785 opus
1852 700 1921 761 VH

199 807 263 882 est,
297 800 426 886 plenius
451 801 632 882 eloquetur.
680 821 772 866 orare
799 820 864 866 uon
893 799 1014 881 debeo,
1048 807 1083 865 ut
1104 808 1159 864 tuo
1181 802 1308 866 iuvetur
1329 801 1467 883 auxilio,
1501 800 1586 884 quod
1607 801 1657 866 illi
1680 809 1713 867 et
1733 822 1823 868 amor

199 909 272 969 tuus
295 903 432 989 spondet
452 909 485 968 et
507 902 630 969 munita
652 903 779 985 legibus
802 922 901 969 causa
923 903 1082 969 conciliat.

876 1179 984 1245 oxxl
1012 1200 1043 1244 a.
1067 1182 1141 1243 401.

839 1333 898 1399 ΑΙ)
921 1333 1182 1399 PATRVINVM.

285 1506 359 1572 Scio
389 1505 431 1569 ad
458 1506 612 1571 indicium
642 1505 804 1571 amicitiae
833 1506 1011 1590 pertinere,
1043 1504 1130 1588 quod
1158 1505 1346 1587 religionem
1375 1514 1464 1571 tuam
1487 1507 1675 1592 participem
1697 1516 1825 1574 nostrae

200 1610 401 1675 necessitatis
423 1610 570 1675 adsumo.
618 1610 746 1693 suscipe
770 1609 885 1691 igitur,
917 1628 1039 1691 quaeso
1060 1617 1103 1685 te,
1129 1609 1270 1692 proclive
1293 1608 1496 1690 mandatum,
1528 1608 1613 1692 quod
1635 1631 1692 1695 pro
1715 1616 1825 1675 mutua

201 1712 369 1795 diligentia
392 1713 488 1778 etiam
510 1734 573 1779 non
596 1720 726 1796 rogatus
748 1732 860 1778 curare
884 1711 1032 1777 deberes.
1072 1711 1139 1776 ursi
1163 1732 1259 1795 quam
1281 1711 1410 1796 plurimi
1432 1712 1475 1778 ad
1497 1712 1670 1778 editionem
1686 1713 1827 1778 muneris

201 1816 297 1880 nostri
327 1835 368 1881 ex
390 1816 513 1896 iltalia
542 1816 756 1896 devehuntur,
789 1835 868 1897 quos
899 1815 1052 1900 cupilmus
1075 1815 1222 1880 celeriter
1243 1815 1276 1879 in
1300 1834 1392 1879 usum
1414 1814 1582 1900 propinqui
1605 1816 1745 1881 muneris
1766 1835 1824 1881 ex·
1845 1816 1919 1878 PV

155 1917 314 1984 inhiberi.
363 1920 497 2002 dignare
524 1918 623 2002 igitur
651 1937 760 1983 eorum
787 1918 954 1983 transitum
987 1917 1093 1981 studio
1123 1924 1156 1982 et
1185 1917 1373 2000 diligentiae
1395 1917 1562 1984 vindicare
1585 1918 1744 2001 simulque
1766 1918 1827 1984 ad-

201 2021 310 2087 bibere
332 2021 519 2099 custodiam,
546 2042 587 2087 ne
610 2040 674 2104 qua
696 2040 751 2086 eos
774 2021 864 2085 fraus
886 2041 987 2086 avara
1009 2027 1191 2086 commutet.
1239 2020 1379 2085 maxime
1401 2028 1510 2086 autem
1532 2021 1729 2106 rumpendae
1752 2029 1826 2088 sunt

201 2143 316 2201 morae,
342 2124 420 2207 quia
442 2124 512 2189 dies
534 2124 699 2209 proximus
722 2123 893 2189 functionis
917 2123 1060 2206 cogendo
1082 2123 1251 2208 apparatui
1272 2143 1336 2188 non
1358 2125 1483 2189 relaxat
1504 2123 1658 2190 indutias.

869 2400 993 2465 CXXII
1023 2421 1054 2464 a.
1077 2402 1151 2463 400.

839 2554 898 2618 ΑΙ)
922 2553 1183 2619 PATRVINVM.

156 2747 183 2787 ιι
288 2727 391 2792 Probo
414 2725 602 2792 modestiam
625 2731 730 2807 tuam,
764 2726 823 2791 sed
845 2725 962 2791 damno
985 2725 1065 2790 mibi
1088 2745 1160 2790 esse
1182 2745 1246 2790 non
1268 2723 1393 2804 debuit,
1427 2725 1501 2790 dum
1526 2732 1656 2810 sperata
1677 2733 1828 2810 expectat

201 2830 345 2913 impleri3
380 2835 413 2895 et
434 2836 519 2895 certe
541 2849 642 2909 nuuc,
675 2834 844 2914 postquam
866 2829 912 2894 rei
936 2828 1070 2894 effectus
1092 2828 1187 2893 finem
1211 2826 1338 2892 silentio
1361 2827 1468 2909 dedit,
1495 2827 1698 2913 dispendium
1720 2848 1826 2894 meum

201 2932 396 3016 frequentior
425 2932 519 2997 stilus
546 2931 674 2997 sarciat.
722 2941 772 2997 est
800 2933 907 3013 aliud,
940 2952 1002 3016 quo
1026 2932 1081 2997 diu
1104 2935 1241 3015 neglecta
1262 2931 1383 3014 scripta
1405 2950 1600 3017 compenses:
1634 2931 1669 2996 in
1690 2930 1827 3015 agendis

201 3036 233 3102 d.
252 3057 295 3100 m.
322 3035 446 3101 consuli
467 3055 524 3121 pro
547 3034 702 3100 beneficio
725 3055 782 3101 suo
804 3035 919 3119 gratiis
941 3042 1082 3101 nostram
1106 3035 1225 3100 sortire.
1240 3053 1410 3119 personam
1434 3054 1472 3100 eo
1494 3032 1634 3115 adfectu,
1661 3055 1724 3117 quo
1746 3034 1829 3099 ami·

203 3158 309 3204 corum
332 3138 455 3221 gaudia
476 3137 535 3203 tibi
557 3137 715 3204 vindicas.
763 3139 820 3204 sed
842 3147 877 3203 ut
900 3138 981 3219 scio,
1015 3118 1279 3204 luculentioribus
1301 3136 1409 3203 verbis
1431 3144 1464 3203 et
1485 3143 1615 3222 propter
1635 3136 1757 3221 ingenii
1779 3136 1828 3203 tui

155 3258 184 3301 ro
202 3242 456 3325 magnitudinem
479 3247 512 3307 et
533 3241 603 3307 sine
625 3241 820 3307 adulationis
843 3241 964 3326 pudore
986 3240 1129 3306 absentis
1152 3240 1306 3323 gaudium
1329 3240 1544 3324 prosequeris.
1583 3238 1677 3321 adde,
1705 3240 1733 3305 ai
1755 3239 1869 3324 pla-2

203 3351 269 3426 cet,
303 3343 389 3427 quod
418 3364 439 3408 a
467 3363 519 3409 me
541 3345 736 3428 postulatum
759 3351 867 3425 tenes,
901 3350 936 3409 ut
958 3343 1095 3408 aliarum
1116 3342 1310 3426 Libycarum
1332 3342 1410 3407 mibi
1432 3343 1552 3427 emptio
1575 3362 1667 3408 sacra
1688 3341 1829 3408 auctori-

203 3454 268 3513 tate
298 3453 489 3532 praestetur.
536 3468 598 3529 quo
627 3446 795 3531 impetrato
825 3444 965 3513 omnium
996 3446 1229 3531 perceptionem
1252 3446 1369 3511 donum
1390 3445 1521 3531 putabo.
1569 3445 1610 3511 de
1632 3445 1747 3510 iuvene
1769 3464 1829 3510 au-

202 3559 265 3615 tem
296 3570 368 3615 meo
398 3557 542 3615 retexere
572 3570 635 3614 non
663 3550 789 3631 laboro,
823 3570 906 3632 quae
928 3555 1040 3635 sponte
1062 3548 1247 3614 meministi.
1293 3548 1447 3631 intellego
1470 3547 1554 3613 enim
1577 3548 1696 3614 remitti
1717 3546 1828 3613 mode-

203 3652 284 3718 stiae
315 3672 405 3719 meae
435 3652 588 3738 precandi
615 3652 857 3735 necessitatem,
892 3673 963 3717 cum
993 3651 1145 3716 libentius
1174 3672 1195 3716 a
1217 3651 1347 3718 sublimi
1368 3659 1401 3717 et
1422 3649 1738 3733 magnificentissimo
1760 3649 1828 3714 viro

157 3771 185 3814 a
202 3775 265 3820 non
287 3755 431 3840 expetita
453 3761 665 3842 praestentur.

939 4030 1092 4095 CXXIII.

842 4186 900 4249 AD
923 4183 1184 4249 PATRVINVM.

291 4359 329 4423 ln
351 4358 420 4422 viro
442 4358 561 4443 optimo
584 4365 616 4424 et
638 4358 834 4423 amicissimo
856 4377 928 4421 meo
950 4355 1097 4420 Petrucio
1118 4355 1263 4418 Romana
1285 4352 1473 4438 simplicitas
1495 4359 1555 4418 est.
1602 4359 1708 4432 taceo,
1742 4350 1828 4435 quod

207 4460 298 4524 illum
323 4461 421 4545 longa
443 4461 559 4526 militia
581 4469 613 4527 et
634 4460 797 4544 inculpata
819 4460 1021 4536 cohonestat3
1056 4458 1179 4521 minora
1208 4456 1293 4521 enim
1316 4463 1422 4521 cetera
1443 4455 1522 4521 facit
1543 4475 1664 4519 momm
1686 4453 1756 4520 eius
1778 4454 1828 4519 in-

289 4771 299 4820 1
322 4769 410 4839 bulus]
430 4774 487 4836 (11),
509 4776 564 4822 elus
589 4774 608 4817 V
726 4769 788 4838 ruisi]
807 4773 912 4833 Iuratus,
933 4773 955 4819 si
980 4772 1029 4817 Vll
1148 4778 1172 4817 te
1191 4765 1270 4834 qurod]
1289 4767 1347 4829 (ll),
1370 4782 1419 4815 om.
1440 4768 1459 4812 V
1579 4769 1677 4828 qrresito
1694 4780 1723 4813 ex
1740 4767 1827 4828 queslo

203 4872 263 4905 corr.
284 4858 327 4907 Vl
342 4875 375 4907 m.
518 4860 594 4909 aule
613 4861 662 4923 (Π)
801 4872 868 4905 amor
886 4853 959 4922 tuus]
978 4856 1038 4917 (11),
1064 4856 1200 4903 amortuis
1223 4855 1243 4901 V
1380 4853 1395 4900 3
1414 4850 1523 4919 munita]
1543 4854 1648 4915 leretur,
1670 4854 1769 4900 minuta
1787 4852 1824 4912 Π,

203 4945 290 4992 mucia
313 4946 332 4991 V
1261 4988 1265 4995 ,

288 5031 371 5079 bom.
391 5032 424 5089 V,·
444 5030 733 5091 inPouperuuntbutca
744 5029 952 5090 epiuulcelrucc:
971 5028 986 5075 5
1080 5042 1121 5074 nm
1141 5026 1156 5074 6
1177 5063 1182 5074 .
1200 5061 1229 5073 ..
1251 5026 1289 5074 lue
1307 5027 1405 5093 ptinere
1425 5060 1431 5073 .
1449 5060 1475 5075 ..
1497 5026 1589 5084 rtlelpe
1607 5025 1668 5071 niae
1687 5037 1719 5071 ne
1738 5023 1751 5069 7

203 5117 258 5179 cipe
282 5117 361 5175 igitur
383 5131 475 5178 quaeso
495 5154 501 5166 .
519 5154 524 5165 .
542 5154 548 5165 .
568 5120 597 5164 td
621 5112 656 5177 qd
673 5132 717 5179 pro
736 5122 823 5163 mutua
849 5114 865 5164 8
886 5150 892 5162 .
910 5152 915 5162 .
932 5150 938 5161 .
958 5120 1058 5173 rogatus
1076 5127 1161 5160 curare
1178 5112 1241 5160 debe
1261 5147 1266 5159 .
1283 5147 1289 5159 .
1307 5145 1313 5156 .
1334 5110 1417 5157 lurlmi
1436 5110 1464 5158 ad
1483 5110 1621 5158 editionem
1647 5110 1663 5157 9
1755 5109 1777 5156 rl
1795 5123 1827 5156 ex

203 5203 270 5250 ltalia
288 5202 451 5251 deuehuntur
543 5218 601 5251 mus
619 5203 732 5251 celeriter
749 5216 828 5262 usque
845 5200 879 5248 ud
895 5200 969 5262 finem
1073 5194 1196 5263 Setiam]
1214 5203 1240 5244 et
1259 5196 1307 5257 (11)
1412 5191 1478 5261 ursi]
1496 5195 1603 5256 Lectius,
1630 5200 1659 5241 ut
1677 5198 1699 5242 sl
1725 5195 1793 5256 vm)

203 5283 287 5354 quam]
311 5285 383 5349 V(!⁷),
403 5288 505 5350 quidem
525 5289 572 5351 (Hi
690 5288 848 5336 adeditlone
870 5287 891 5333 V
1003 5284 1096 5342 ilfurt.
1119 5298 1151 5330 ex
1169 5283 1343 5331 Praeuulltnna
1459 5276 1582 5346 muueris]
1604 5280 1686 5341 1111),
1705 5278 1787 5345 tillus
1809 5279 1830 5326 P

205 5373 236 5422 10
253 5371 351 5440 eornm]
368 5372 439 5441 lilim
459 5375 482 5421 P
595 5376 707 5423 studium
730 5374 751 5420 V
863 5370 1034 5431 diligentiaP
1151 5368 1178 5417 11
1200 5364 1276 5432 ueqla
1295 5366 1401 5429 Pica,
1421 5380 1503 5428 neque
1521 5366 1548 5419 V.
1568 5363 1643 5432 neqse
1657 5365 1741 5427 (?)P1
1757 5381 1791 5413 m.

204 5474 245 5509 eos
263 5476 311 5510 om.
331 5460 352 5506 V
456 5459 486 5509 12
504 5461 571 5522 quod
589 5460 643 5507 dieu
667 5460 693 5519 V,
713 5459 788 5521 quiad
807 5459 901 5506 le.
1008 5455 1146 5517 functionis
1165 5455 1188 5501 P
1289 5458 1410 5514 apparatu
1433 5452 1454 5498 V

291 5545 322 5596 lt
340 5560 387 5596 om.
407 5546 427 5592 V
549 5545 578 5594 11
597 5559 646 5607 qno
664 5546 706 5592 diu
726 5540 850 5610 neglecta]
868 5558 920 5603 eoo.
940 5542 1008 5604 quod
1025 5543 1110 5589 iuncta
1128 5538 1200 5587 PVI'
1327 5537 1357 5587 18
1375 5538 1399 5585 d.
1421 5531 1468 5601 m.]
1487 5535 1537 5584 ded
1559 5536 1580 5582 V
1697 5532 1737 5601 eo]
1755 5550 1787 5582 er
1811 5536 1829 5579 V

204 5632 233 5683 21
255 5633 391 5692 lybicarum
411 5632 439 5689 Ρ,
460 5631 571 5691 lybitaril
593 5631 614 5676 V
715 5629 748 5679 22
768 5626 962 5695 perceptionem]
981 5641 1032 5687 epo,
1057 5626 1244 5688 perceptionum
1264 5623 1312 5670 PV
1413 5621 1446 5670 24
1464 5623 1519 5669 uiro
1536 5622 1624 5670 om.V

289 5718 322 5767 27
341 5718 429 5766 om.V
564 5715 597 5766 28
616 5713 743 5782 Patroclo]
766 5715 792 5775 V,
811 5714 846 5774 cf.
871 5714 1010 5774 1111161),
1031 5720 1102 5774 petro
1121 5709 1199 5758 Pacd
1217 5708 1274 5758 odd.
1295 5710 1413 5756 eloim.
1554 5706 1586 5755 211
1605 5707 1677 5766 longo
1695 5706 1790 5754 le.

204 5800 295 5873 cetera]
313 5810 380 5853 certe
402 5804 422 5850 V

1564 5890 1621 5945 2¹1*
