4746 6472
516 501 556 561 10
1114 496 1310 555 silicinum
1328 497 1542 555 EPISTVLAE

399 686 491 749 VFA
513 685 650 752 lectione
671 685 790 752 iuvisti.
839 686 925 752 unde
955 685 1054 769 igitur
1083 687 1239 753 sermonis
1260 687 1326 753 mei
1347 688 1471 771 largam
1497 688 1604 772 poscis
1633 706 1781 769 usuram,
1814 688 1870 769 qui
1899 687 1981 753 nihil
2010 688 2143 755 litterati

472 787 634 853 tfeuoris
662 788 850 854 credidisti?
894 788 1008 855 volitat
1034 795 1110 854 tuus
1138 790 1275 855 Mosella
1302 811 1362 875 per
1388 809 1504 856 manus
1533 790 1686 873 sinusque
1716 790 1886 856 multorum
1913 788 2033 857 divinis
2062 811 2083 857 a
2112 801 2142 858 te

511 890 658 957 versibus
680 898 897 972 consecratus,
924 891 982 957 scd
999 898 1128 958 ¹tanturn
1150 898 1260 957 nostra
1281 912 1338 958 ora
1351 891 1559 977 praelabitur.
1607 911 1664 957 cur
1685 913 1736 958 me
1758 893 1853 959 istius
1868 891 1982 975 libelli,
2008 913 2137 975 quaeso,

511 999 653 1059 exortem
676 1012 749 1060 esse
772 993 923 1060 voluisti?
952 1001 1008 1060 aut
1031 989 1233 1081 ἀμουσότεροι
1253 994 1313 1063 ribi
1335 995 1479 1075 videbar,
1505 995 1560 1077 qui
1577 994 1723 1061 iudicare
1742 1004 1806 1060 noh
1820 1014 1959 1080 possem,
1986 1002 2043 1061 aut
2057 1004 2143 1062 certe

503 1096 684 1181 malignus,
709 1097 765 1180 qui
787 1097 922 1165 laudare
943 1096 1112 1164 nescirem.
1158 1098 1268 1182 itaque
1290 1098 1342 1163 vel
1365 1097 1496 1182 ingenio
1518 1118 1589 1164 meo
1611 1097 1784 1182 plurimum
1807 1098 1860 1164 vel
1883 1097 2025 1165 moribus
2048 1098 2172 1165 dero-s

470 1199 608 1284 ligasti.
656 1207 689 1266 et
709 1206 819 1267 tamen
841 1208 951 1267 contra
971 1200 1176 1266 interdictum
1198 1208 1287 1266 tuum
1310 1201 1365 1265 vix
1387 1199 1430 1265 ad
1451 1200 1541 1265 illius
1570 1200 1676 1285 operis
1705 1219 1826 1266 arcana
1853 1200 1997 1284 perveni.
2044 1201 2140 1266 velim

410 1382 415 1393 .
509 1308 633 1383 tacere,
665 1302 743 1385 quid
772 1303 925 1385 sentiam,
959 1302 1056 1369 velim
1085 1303 1169 1369 iusto
1198 1303 1240 1369 de
1270 1311 1302 1369 tc
1319 1290 1453 1369 'silentio
1477 1302 1652 1383 vindicari3
1679 1302 1738 1369 sed
1760 1302 1930 1368 admiratio
1953 1302 2142 1388 scriptorum

511 1424 641 1471 sensum
663 1404 785 1488 frangit
804 1404 952 1471 iniuriae.
998 1405 1073 1471 novi
1095 1425 1156 1490 ego
1177 1405 1275 1471 istum
1297 1404 1440 1486 fluvium,
1468 1425 1540 1471 cum
1562 1412 1763 1472 aeternorum
1786 1405 1966 1491 principum
1989 1404 2053 1470 iam
2075 1406 2143 1491 pri·

511 1506 585 1573 dem
608 1507 704 1591 signa
718 1507 898 1589 comitarer,
923 1527 1033 1592 parem
1049 1508 1169 1591 multis,
1194 1508 1350 1594 imparem
1366 1507 1535 1574 maximis:
1560 1509 1646 1573 hunc
1661 1515 1696 1574 tu
1711 1508 1791 1589 mihi
1805 1507 1969 1593 inproviso
1984 1509 2140 1574 claromm

510 1629 660 1676 versuum
683 1609 841 1695 dignitate
862 1609 1024 1695 Aegyptio
1046 1610 1173 1677 Melone
1195 1611 1358 1694 maiorem,
1384 1609 1584 1694 frigidiorem
1608 1611 1759 1696 Scythico
1781 1610 1887 1676 Tanai
1908 1610 2137 1693 clarioremque
2158 1633 2187 1675 ro

510 1711 571 1778 hoc
592 1720 701 1779 nostro
722 1712 870 1797 populari
892 1711 1071 1778 reddidisti.
1118 1733 1321 1798 nequaquam
1335 1748 1337 1753 ·
1350 1713 1409 1779 tibi
1439 1713 1602 1780 crederem
1632 1713 1672 1780 de
1694 1714 1850 1780 Mosellae
1881 1720 1951 1780 ortu
1973 1733 2013 1779 ac
2032 1721 2139 1780 meatu

469 1822 631 1898 ⁴imagna
652 1815 812 1895 narranti,
845 1814 907 1881 nisi
929 1822 1016 1881 certo
1039 1816 1172 1897 scirem,
1206 1815 1292 1898 quod
1314 1835 1374 1882 nec
1402 1814 1436 1881 in
1458 1822 1605 1900 poemate
1626 1815 1803 1882 mentiaris.
1850 1815 1936 1882 unde
1958 1815 2016 1881 illa
2038 1815 2141 1881 amni-

508 1936 616 1983 corum
646 1917 783 2003 piscium
813 1918 963 1983 examina
993 1918 1164 2004 repperisti
1191 1902 1288 2002 quarn
1317 1918 1501 1984 nominihus
1529 1917 1620 1984 varia
1648 1926 1714 1986 tarn
1744 1918 1919 2000 coloribus,
1952 1926 1988 1985 ut
2016 1919 2141 2003 magni-

461 2068 465 2073 ·
508 2019 619 2086 tudine
647 2018 802 2086 distamm
830 2019 877 2085 sic
910 2040 1043 2106 sapore,
1084 2040 1167 2104 quae
1196 2029 1231 2088 tu
1260 2020 1433 2106 pigmentis
1461 2020 1555 2086 istius
1585 2020 1735 2087 carminis
1765 2040 1862 2106 supra
1891 2029 2025 2087 naturae
2056 2020 2140 2087 dona

508 2119 647 2189 fucasti?
668 2122 758 2207 alqui
780 2121 900 2188 futuis
922 2121 1042 2189 mensis
1065 2143 1163 2208 saepe
1184 2130 1342 2204 versatus,
1368 2143 1440 2189 cum
1463 2123 1618 2208 pleraque
1640 2123 1716 2206 alia,
1742 2145 1825 2207 quae
1840 2131 1916 2190 tunc
1930 2122 1964 2189 in
1979 2124 2136 2208 praetorio
2157 2148 2186 2189 rs

508 2232 600 2291 erant
620 2225 690 2292 esui
712 2225 848 2307 obiecta,
873 2224 1023 2309 mirarer,
1049 2246 1222 2309 numquam
1244 2224 1305 2292 hoc
1326 2245 1430 2309 genus
1452 2225 1589 2310 piscium
1612 2225 1822 2309 deprehendi.
1870 2226 2000 2309 quando
2021 2226 2080 2293 tibi
2101 2225 2136 2291 hi

469 2325 617 2413 hpisees
638 2327 671 2392 in
695 2327 776 2394 libro
803 2328 871 2394 nati
899 2336 990 2409 sunt,
1024 2329 1079 2411 qui
1107 2329 1141 2393 iu
1170 2328 1301 2395 ferculis
1328 2349 1392 2395 nou
1422 2328 1574 2394 fuerunt?
1608 2327 1709 2394 iocari
1731 2350 1783 2395 me
1806 2335 1901 2415 putas
1923 2337 2020 2414 alque
2042 2349 2137 2413 agere

508 2436 635 2513 nugasl
655 2430 702 2495 ita
724 2428 770 2496 dii
785 2451 836 2497 me
851 2430 1051 2516 probabilem
1067 2439 1240 2517 praestent,
1267 2439 1302 2497 ut
1317 2450 1378 2517 ego
1394 2432 1456 2497 hoc
1471 2439 1562 2497 tuum
1577 2450 1706 2498 carmen
1720 2431 1811 2497 libris
1827 2432 1968 2498 Maronis
1983 2431 2133 2516 adiungo.

509 2530 567 2597 sed
589 2531 654 2598 iam
677 2531 823 2599 desinam
845 2533 909 2601 mei
931 2534 1049 2601 oblitus
1071 2533 1190 2600 doloris
1212 2533 1380 2601 inhaerere
1403 2533 1554 2600 laudibus
1569 2533 1644 2616 tuis,
1669 2554 1710 2600 ne
1727 2535 1787 2600 hoc
1801 2554 1927 2618 quoque
1943 2534 1986 2600 ad
2000 2533 2137 2617 gloriam

508 2641 596 2701 tuam
618 2633 747 2719 trahas,
773 2636 860 2719 quod
882 2644 914 2703 te
936 2636 1088 2703 miramur
1109 2637 1234 2731 offensi.
1282 2656 1417 2722 spargas
1439 2637 1516 2703 licet
1537 2635 1700 2702 volumina
1722 2643 1779 2702 tua
1802 2645 1834 2703 et
1855 2657 1906 2704 me
1933 2656 2060 2722 semper
2081 2656 2137 2702 ex·
2156 2658 2186 2700 ro

507 2737 620 2822 cipias,
647 2737 790 2805 fruemur
811 2745 920 2805 tamen
941 2746 996 2805 tuo
1018 2758 1113 2824 opere
1137 2739 1195 2805 sed
1216 2740 1351 2806 aliorum
1375 2739 1585 2823 benignitate.
1631 2740 1716 2805 vale.

1091 3098 1152 3164 xv
1173 3099 1285 3182 (vnn)
1320 3120 1352 3166 a.
1373 3101 1555 3165 aro-aso.

384 3238 490 3301 vnn
1079 3235 1340 3302 svuuucuvs
1365 3236 1566 3303 nvsouro.

595 3406 704 3473 Paene
728 3413 889 3487 evenerat,
915 3414 951 3473 ut
971 3413 1076 3474 tecum
1100 3406 1264 3474 succincta
1286 3407 1442 3473 brevitate
1464 3408 1683 3491 loqueremur,
1710 3408 1860 3491 quoniam
1884 3408 2018 3474 deerant
2039 3408 2137 3492 digna

506 3515 681 3575 memoratu
703 3516 736 3575 et
758 3507 791 3574 in
813 3508 942 3575 defectu
963 3530 1069 3576 rerum
1091 3510 1171 3576 nihil
1191 3529 1308 3595 operae
1323 3516 1374 3576 est
1386 3508 1557 3594 indulgere
1574 3511 1691 3594 verbis,
1718 3512 1776 3578 sed
1793 3511 1983 3596 tempestive
1998 3511 2137 3577 Palladii
2156 3530 2185 3572 rs

509 3611 647 3678 rhetoris
668 3612 768 3678 nostri
790 3611 981 3678 declamatio
1004 3613 1095 3679 auxit
1116 3613 1270 3698 paginam
1292 3633 1408 3679 meam.
1457 3634 1497 3679 ea
1519 3613 1701 3698 conplacita
1724 3614 1935 3679 summatibus
1961 3612 2137 3681 litterarum

509 3715 593 3780 clam
615 3721 647 3780 te
669 3733 742 3781 esse
764 3716 836 3780 nou'
851 3713 973 3781 debuit.
1021 3715 1130 3799 itaque
1153 3735 1225 3781 cum
1247 3723 1281 3782 et
1301 3735 1374 3782 meo
1405 3715 1510 3781 officio
1540 3722 1573 3781 et
1600 3723 1655 3782 tuo
1682 3714 1788 3782 studio
1816 3716 1893 3782 talis
1922 3717 2036 3783 relatio
2065 3737 2138 3783 con-

508 3817 649 3900 veniret,
683 3817 738 3883 vix
767 3818 871 3884 soluto
900 3825 992 3885 coctu
1021 3819 1158 3886 necdum
1188 3819 1394 3885 eventilatam
1424 3818 1556 3885 auribus
1585 3817 1704 3885 nostris
1733 3817 1906 3885 auditionis
1928 3839 2021 3886 meae
2044 3819 2138 3886 iidem

470 3918 630 3986 liudicio
652 3921 777 3986 calente
799 3919 929 3986 dictavi.
976 3922 1075 3989 movit
1096 3917 1183 4007 λόγος
1198 3919 1356 3987 Athenaei
1379 3920 1516 4006 hospitis
1530 3921 1660 3988 Latiare
1683 3921 1854 3988 concilium
1870 3921 2037 3989 divisionis
2058 3929 2135 4004 arte,

509 4022 728 4089 inventionum
751 4023 854 4108 copia,
880 4024 1038 4107 gravitate
1060 4043 1223 4105 sensuum,
1249 4023 1321 4089 luce
1342 4025 1522 4090 verborum.
1570 4024 1718 4110 opinione
1732 4044 1806 4091 mea
1820 4023 1911 4090 dieo:
1936 4032 2003 4091 tam
2022 4027 2139 4111 probus
2158 4045 2186 4088 ve

509 4131 560 4191 est
588 4126 729 4191 oratioue
759 4144 856 4211 quam
885 4125 1036 4191 moribus.
1083 4133 1159 4192 tuuc
1187 4132 1347 4192 nostrates
1370 4126 1447 4208 viri,
1481 4126 1537 4208 qui
1566 4127 1650 4193 inter
1677 4147 1713 4193 se
1742 4127 1878 4193 aliarum
1907 4146 2014 4193 rerum
2041 4148 2139 4213 saepe

597 4401 608 4450 1
629 4403 768 4452 ἱιιυΗ
870 4399 927 4469 qui]
948 4399 1032 4461 Vnst
1053 4406 1095 4451 cui
1113 4403 1148 4452 Αἱ
1253 4403 1423 4453 Ηίιιίιιίιιω
1444 4402 1508 4465 (ru)
1617 4403 1693 4453 bore
1710 4409 1795 4453 nostra
1812 4404 1836 4451 F
1934 4404 2076 4465 prolabitur
2093 4403 2136 4463 A¹,

508 4489 700 4552 praeterlabitur
721 4486 785 4550 (ΙΨ)
892 4501 932 4537 me
949 4502 1041 4551 quaeso
1059 4490 1135 4538 istius
1151 4489 1233 4539 libelli
1253 4491 1277 4538 F
1376 4488 1565 4539 ‹lamusoteros
1582 4491 1613 4550 A,
1635 4503 1734 4540 amusos
1758 4490 1801 4537 Vl'
1902 4485 2026 4555 iudicare]
2045 4491 2076 4552 A,
2097 4489 2139 4538 dt·

506 4574 614 4623 udicare
636 4573 735 4637 lelll
876 4570 988 4641 ponem]
1010 4572 1095 4639 VM,
1125 4576 1219 4637 possim
1237 4574 1273 4625 A¹
1413 4576 1427 4625 5
1453 4577 1542 4638 utique
1564 4574 1625 4624 Suae
1765 4576 1808 4624 uel
1830 4576 1942 4624 moribus
1964 4575 2101 4637 plurimum
2120 4574 2143 4621 F

509 4657 581 4728 det]
598 4661 652 4723 AF,
672 4661 713 4722 egi
730 4661 757 4723 V,
778 4672 824 4721 ego
845 4658 990 4710 Wouwereu
1094 4659 1235 4722 'lquodi'
1337 4662 1524 4724 &principium
1547 4642 1567 4709 'V
1670 4663 1743 4721 rigna
1759 4660 1903 4722 iampridem
1921 4659 1955 4709 A¹
2059 4658 2140 4709 bim-

507 4745 656 4807 1prouiaeV
759 4745 790 4795 10
808 4742 919 4813 Melone]
934 4744 987 4807 ΥΦ,
1008 4744 1143 4795 niloffl'
1242 4747 1396 4810 frigidiorem
1410 4751 1466 4809 port
1477 4747 1556 4796 Tanai
1573 4747 1658 4796 euhoe.
1674 4746 1707 4794 11
1807 4747 1898 4807 sordeo
1913 4742 1976 4808 VA2,
1997 4745 2140 4806 seythioA¹

511 4830 538 4880 ll
559 4829 685 4900 populari]
703 4833 812 4895 Imaus,
831 4833 944 4895 populari
962 4834 1036 4882 tiberi
1050 4831 1093 4896 Α),
1114 4833 1203 4896 populi
1219 4834 1295 4882 tiberi
1307 4830 1350 4895 Αἵ,
1370 4834 1485 4897 populari
1503 4833 1589 4881 fucino
1605 4833 1655 4896 VF,
1675 4833 1794 4894 pupularl
1811 4832 1896 4881 tucino
1910 4829 1976 4894 (ΓΦ)
2082 4831 2140 4881 red·

508 4919 568 4967 dieti
581 4916 616 4966 A¹
714 4919 833 4967 musellae
848 4916 925 4981 (ΓΦ),
945 4915 1118 4981 mosollaeA1,
1137 4918 1254 4968 moselleo
1272 4918 1323 4981 (11)
1405 4918 1554 4968 -meatul'
1658 4917 1689 4967 11
1707 4913 1809 4984 magna]
1826 4917 1943 4966 multaF
2043 4918 2106 4966 niA

508 5008 575 5052 certo
591 5018 640 5053 om.
655 5006 678 5053 A
799 5007 914 5066 poemata
930 5005 1064 5053 emeuterls
1085 5002 1150 5067 (ΓΦ)
1275 5000 1441 5071 amnicorum]
1461 5000 1578 5066 (sim,
1599 5004 1734 5053 amicorum
1753 5001 1814 5052 A¹v
1829 5003 1871 5052 aed
1888 5016 2009 5064 ruperam
2029 5004 2139 5050 amnico-
2169 4995 2173 5001 ⁴

508 5087 684 5139 rumA¹lm.
793 5089 824 5140 13
842 5103 916 5152 quam
929 5086 1086 5157 nominibus]
1099 5089 1129 5154 A,
1150 5104 1215 5152 quae
1228 5093 1374 5141 nominihus
1388 5092 1416 5151 F,
1437 5104 1502 5152 quae
1515 5103 1567 5140 nou
1579 5090 1702 5140 minuel'
1788 5084 1978 5156 uarietam]A¹
1995 5088 2138 5151 (tiaras),

508 5176 604 5225 uariata
626 5172 701 5224 vm
812 5172 853 5243 ut]
872 5177 939 5225 aar
1051 5175 1082 5225 14
1100 5176 1206 5226 distanti
1224 5176 1259 5225 A¹
1376 5177 1407 5227 15
1426 5176 1514 5239 atquin
1532 5177 1556 5225 A
1669 5172 1805 5243 praetorto]
1827 5172 1959 5237 vileir),
1979 5175 2076 5237 praetio
2094 5172 2137 5233 A¹,

508 5263 591 5324 precio
609 5259 644 5310 A²
766 5261 797 5311 16
815 5264 884 5311 easut
903 5263 1016 5311 subiecta
1034 5260 1069 5310 Αἱ
1184 5264 1253 5312 istud
1271 5264 1393 5325 genus?
1505 5262 1615 5326 dependi
1634 5263 1666 5311 A¹
1791 5260 1822 5310 ll
1842 5261 1896 5309 nati
1914 5268 1975 5310 aunt
1991 5263 2019 5309 iu
2038 5261 2102 5309 libro
2119 5259 2143 5306 F

510 5346 541 5397 18
559 5348 597 5397 dii
615 5345 667 5417 me]
690 5349 717 5409 V,
737 5349 799 5398 deus
817 5361 858 5396 me
876 5344 919 5407 Af,
940 5361 980 5396 me
997 5349 1060 5397 deus
1080 5347 1122 5412 Al,
1144 5348 1183 5397 dil
1200 5350 1331 5399 amabilem
1350 5361 1390 5397 me
1411 5349 1433 5396 F
1551 5348 1707 5412 probabilem
1725 5361 1774 5396 cm.
1793 5348 1815 5395 F
1926 5342 2068 5413 praestent]
2090 5345 2137 5405 ΥΡ,

507 5439 604 5496 prestat
621 5436 644 5483 A
747 5434 879 5494 adiungam
904 5433 924 5479 V
1028 5433 1059 5483 19
1078 5434 1194 5485 inherere
1212 5433 1246 5483 A¹
1350 5430 1463 5502 quoque]
1484 5435 1586 5497 quidem
1604 5435 1628 5482 F
1731 5433 1764 5483 20
1782 5433 1896 5483 trahetur
1913 5433 1937 5482 F
2036 5432 2140 5496 eliensis

507 5534 594 5583 parces
616 5521 643 5581 V,
663 5519 766 5569 eliensis
783 5533 870 5581 parcas
889 5517 979 5581 ΜΦ)

593 5603 626 5654 23
645 5605 808 5665 Symmachus
826 5602 950 5673 Ausonlo]
970 5605 1033 5667 (Π),
1054 5619 1102 5656 ona
1121 5605 1171 5654 VM
1302 5604 1335 5655 24
1353 5620 1431 5670 penes
1449 5612 1554 5656 uenerat
1575 5604 1667 5668 V(Ildl)
1811 5603 1844 5655 26
1863 5601 1903 5672 ee]
1925 5603 1980 5669 VM,
2001 5617 2066 5667 quae
2087 5602 2136 5665 (Π)

508 5690 541 5740 28
559 5692 708 5740 eueutiltth
729 5690 781 5753 (11)
906 5689 938 5742 29
956 5687 1044 5760 λόγος]
1062 5705 1115 5754 eqo,
1134 5704 1213 5740 uouos
1234 5691 1261 5752 V,
1284 5704 1329 5740 uos
1347 5690 1382 5753 Μ,
1403 5704 1484 5741 nouus
1503 5692 1545 5755 (Π
1549 5692 1555 5752 )
1681 5693 1786 5742 etheaei
1807 5691 1829 5740 V
1942 5684 2062 5755 hospitis]
2083 5686 2137 5746 Vll,

508 5776 598 5838 hospes
620 5775 658 5835 (11
665 5778 671 5837 )
778 5774 811 5825 ab
829 5788 951 5826 rensuum
968 5779 1092 5838 grauitate
1113 5777 1156 5839 (Π
1159 5778 1166 5839 )
