4736 6478
983 893 1091 958 XIIII.

768 1031 1027 1098 SYMMAOHVS
1049 1031 1305 1098 NAVOELLIO.
1873 1038 1907 1100 P
1973 1024 1977 1035 ’

311 1203 349 1267 In
373 1224 445 1269 meo
467 1223 544 1269 aere
566 1203 658 1285 duco,
684 1204 769 1287 quod
792 1209 824 1270 te
847 1204 1002 1270 adornare
1025 1210 1168 1288 optatum
1192 1204 1328 1270 reditum
1351 1204 1518 1271 nuntiasti.
1554 1207 1612 1272 sod
1635 1209 1719 1275 male
1734 1216 1849 1289 metuo,

231 1327 269 1373 ne
292 1306 352 1372 hoc
374 1306 514 1373 studium
538 1307 584 1373 tui
606 1308 737 1391 negatio
760 1306 969 1372 habitationis
991 1307 1162 1392 impediat3
1188 1329 1284 1392 quam
1308 1314 1392 1393 peto,
1419 1308 1502 1373 utin
1518 1310 1634 1374 brunam
1650 1312 1854 1395 partemvoti

198 1431 210 1467 s
229 1430 306 1493 erga
327 1417 360 1474 te
384 1409 447 1476 mei
469 1417 574 1477 ocrtus
596 1410 748 1495 accipias.
796 1411 874 1476 deos
897 1410 983 1477 enim
1006 1411 1087 1477 facio
1109 1417 1220 1493 testes,
1246 1412 1305 1477 bas
1328 1410 1452 1491 domus,
1479 1433 1614 1495 quarum
1637 1415 1771 1480 alteram
1793 1435 1853 1499 po-

229 1512 364 1594 stulasti,
392 1511 580 1579 iamdudum
603 1536 624 1580 a
647 1534 697 1580 me
720 1513 897 1599 hospitibus
920 1534 992 1580 esse
1015 1514 1174 1580 decretas.
1212 1534 1335 1599 quaeso
1357 1513 1464 1598 igitur,
1492 1521 1526 1580 ut
1547 1523 1745 1582 sacramento
1768 1537 1855 1583 oom-

229 1617 337 1681 modes
359 1616 472 1698 fidem,
500 1617 555 1699 qni
578 1618 630 1683 rel
652 1618 759 1683 animo
782 1624 906 1683 tantum
928 1639 1000 1683 meo
1022 1617 1154 1684 credero
1176 1617 1364 1701 debuisses,
1390 1624 1422 1683 et
1444 1617 1477 1683 in
1500 1619 1600 1685 aedes
1622 1627 1695 1686 tuas
1718 1621 1855 1687 festinus

228 1740 382 1786 resumas.
430 1719 589 1803 siquidem
619 1720 751 1803 domus,
783 1742 867 1807 quae
897 1721 954 1787 tibi
983 1722 1072 1807 prius
1101 1721 1269 1787 ambitioso
1295 1742 1352 1805 per
1374 1728 1513 1787 aetatem
1536 1722 1686 1789 iuventae
1708 1731 1741 1789 et
1762 1723 1855 1790 babi-

229 1823 305 1888 tauti
330 1843 402 1889 cum
425 1823 536 1889 liberis
559 1824 733 1905 satisfecit,
763 1825 899 1891 senilem
923 1824 1172 1891 moderationem
1197 1823 1375 1891 distributis
1397 1825 1431 1890 in
1452 1825 1535 1891 alias
1558 1826 1672 1892 domus
1694 1827 1769 1893 ariis
1792 1849 1856 1893 non

180 1946 208 1987 ro
229 1924 325 1992 debet
346 1925 520 1992 offendere.
567 1928 652 1993 vale.

1006 2222 1078 2287 XV.

769 2358 1030 2425 SYMMAchs
1052 2357 1309 2424 NAVOELLIO.
1876 2365 1942 2428 PF

316 2531 416 2613 Petis,
442 2536 477 2596 ut
499 2531 728 2616 respondeam:
756 2531 871 2598 litteris
894 2530 975 2596 meis
997 2530 1195 2596 denuntiatio
1217 2530 1281 2595 ista
1302 2531 1484 2596 certaminis
1506 2540 1566 2598 est.
1607 2535 1666 2601 sed
1680 2537 1765 2602 unde
1780 2538 1857 2603 mibi

234 2654 429 2717 quamquam
453 2634 640 2719 procedenti
662 2634 695 2699 iu
717 2654 818 2700 annos
841 2654 958 2718 graves
980 2632 1082 2699 senile
1103 2633 1187 2699 iilud
1209 2639 1242 2699 et
1263 2631 1429 2718 comicum,
1458 2656 1522 2719 quo
1544 2645 1578 2702 tu
1600 2646 1727 2705 veteres
1747 2660 1860 2707 aemu-

183 2759 211 2801 ιε
230 2737 331 2803 larist
355 2758 415 2803 nec
437 2744 545 2803 tamen
568 2737 717 2803 destituet
738 2739 936 2803 voluntatem
959 2741 1047 2801 tuam
1070 2736 1134 2801 stili
1158 2735 1221 2802 mei
1244 2735 1436 2821 desperatio.
1483 2738 1556 2822 quis
1578 2740 1663 2807 enim
1686 2744 1788 2826 pudor
1810 2751 1860 2811 est

227 2840 313 2907 vinci
335 2847 409 2927 post
430 2841 687 2907 confessionem?
718 2840 801 2907 illud
823 2861 949 2925 quoque
972 2859 1023 2905 me
1046 2839 1090 2905 ad
1112 2838 1351 2905 rescribendum
1374 2841 1496 2923 coegit,
1528 2842 1614 2925 quod
1636 2844 1727 2911 timui
1749 2868 1859 2913 cessa-

226 2943 323 3010 tionis
352 2944 501 3029 exemplo
530 2944 691 3027 quandam
721 2944 780 3009 tibi
805 2944 926 3010 silentii
948 2943 1120 3009 formulam
1145 2942 1223 3008 dare
1245 2942 1384 3027 plusque
1406 2943 1440 3008 in
1464 2965 1513 3010 me
1537 2946 1712 3012 rediturum
1736 2948 1858 3016 fraudis

226 3048 370 3129 adverti,
403 3047 431 3113 si
453 3055 509 3114 tua
531 3047 665 3114 offensio
686 3048 867 3113 imitaretur
888 3053 1065 3129 tacentem,
1098 3066 1194 3130 quam
1218 3046 1246 3111 si
1269 3066 1367 3111 ausus
1391 3067 1481 3113 meus
1503 3050 1711 3134 superiorem.
1758 3053 1900 3119 cesti-2

226 3150 331 3217 mabis
345 3151 427 3237 ipse,
454 3158 573 3235 quanto
595 3151 656 3216 boc
677 3152 724 3217 tui
748 3171 856 3217 amore
879 3150 1051 3216 adversum
1067 3149 1295 3215 verecundiam
1310 3170 1415 3215 meam
1431 3150 1574 3217 fecerim.
1612 3153 1746 3233 interea,
1774 3157 1861 3238 quod

181 3276 210 3319 ro
228 3256 337 3335 vales,
370 3255 465 3322 dulce
488 3262 555 3337 est,
581 3256 727 3339 quamvis
749 3253 928 3335 adieceris,
956 3259 1049 3318 cauto
1072 3272 1145 3319 esse
1169 3271 1269 3338 opus,
1295 3274 1336 3318 ne
1359 3252 1440 3319 forte
1463 3254 1599 3320 reditum
1623 3264 1764 3323 nostrum
1787 3259 1861 3325 aevi

225 3359 271 3424 tui
295 3358 403 3425 subita
425 3366 641 3443 praevortant.
689 3358 763 3423 nolo
785 3377 887 3423 anuos
909 3356 952 3422 ad
975 3356 1135 3421 calculum
1158 3376 1271 3422 voces:
1305 3357 1424 3423 fiducia
1456 3358 1571 3425 salutis
1597 3360 1630 3425 in
1653 3356 1774 3428 viribus
1796 3369 1857 3429 est.

224 3481 307 3547 quas
336 3482 409 3528 eum
439 3461 519 3527 vitet
545 3461 728 3546 expendere
750 3462 853 3526 tutela
875 3482 997 3527 morum
1021 3468 1163 3539 tuorum,
1198 3480 1292 3544 spera
1313 3460 1514 3526 confecturos
1537 3462 1636 3545 deos,
1670 3470 1706 3529 ut
1727 3485 1861 3532 maneas

227 3566 316 3633 vitae
338 3566 465 3650 integer
487 3564 521 3629 in
543 3572 660 3647 metas,
686 3584 767 3649 quas
790 3573 934 3631 veterum
959 3563 1104 3630 definitio
1127 3563 1218 3629 dedit
1238 3565 1378 3630 saeculo.
1425 3565 1510 3631 vale.

999 3856 1087 3921 XVI.

180 4018 209 4061 rs
777 3994 1038 4062 SYMMACHVS
1061 3994 1316 4062 NAVOELLIO.
1883 4003 1917 4064 P

318 4171 470 4236 Fortasse
500 4189 619 4253 arguas
650 4169 834 4235 diuturnum
863 4168 1024 4234 silentium
1055 4188 1173 4234 meum.
1221 4168 1294 4232 nolo
1321 4166 1467 4252 adplices
1495 4169 1579 4235 hauc
1606 4191 1728 4236 moram
1750 4173 1864 4256 negle-

230 4274 371 4359 gentiae.
422 4274 616 4339 continuatio
639 4272 724 4339 eninr
747 4272 835 4355 longi
858 4272 982 4337 itineris
1005 4272 1079 4337 stilo
1102 4271 1235 4337 obstitit.
1274 4270 1404 4337 tandem
1427 4270 1631 4338 Formianum
1656 4274 1732 4340 litus
1754 4295 1864 4340 acces-

228 4379 349 4459 simus,
381 4376 469 4461 quod
499 4376 577 4442 mibi
607 4383 694 4443 esset
723 4375 907 4461 acceptius,
940 4376 968 4440 si
998 4396 1062 4440 una
1088 4375 1151 4440 loci
1171 4374 1263 4439 istius
1286 4374 1449 4459 voluptate
1472 4375 1662 4441 frueremur.
1708 4377 1766 4443 sed
1789 4379 1866 4460 quia

228 4481 289 4547 boc
317 4501 377 4567 per
403 4499 506 4549 aunos
533 4486 566 4545 et
593 4478 811 4545 valetudinem
840 4486 928 4544 tuam
958 4498 1023 4543 non
1052 4478 1147 4559 licet,
1181 4477 1311 4543 edoceri
1338 4479 1454 4543 saltem
1483 4479 1603 4545 mutuis
1631 4480 1747 4546 litteris
1775 4488 1860 4566 peto,

181 4591 384 4668 acquantum
414 4584 602 4668 corpusculo
628 4582 749 4665 vigoris
771 4581 943 4648 adieceris.
990 4582 1097 4647 inesse
1123 4580 1209 4646 enim
1232 4581 1290 4647 tibi
1311 4580 1556 4667 temperantiam
1579 4589 1748 4667 ceteraque
1769 4590 1864 4651 tuen-

228 4687 290 4755 dae
314 4686 490 4754 senectutis
512 4686 677 4773 praesidia
699 4705 763 4751 non
784 4685 925 4770 ambigo.
973 4684 1058 4751 vale.

315 5035 332 5085 t
350 5036 450 5096 negotio
468 5034 562 5083 Prm.
697 5033 712 5082 5
731 5033 794 5082 deus
814 5032 837 5078 P
850 5008 911 5082 sm.
1044 5027 1120 5097 facio]
1139 5030 1247 5091 Lectius,
1267 5032 1346 5080 iacies
1365 5031 1388 5078 P
1516 5032 1532 5079 8
1550 5026 1694 5101 ambitioso]
1711 5050 1763 5098 eoo,
1782 5037 1862 5084 ambi·

229 5126 291 5173 tiosa
309 5122 333 5170 P
435 5123 555 5170 iuuentae
577 5120 599 5182 (a
617 5123 645 5169 br
662 5119 723 5182 rus.)
747 5121 769 5166 P

318 5207 350 5258 12
368 5223 416 5257 om.
432 5209 455 5256 F
568 5206 597 5255 13
617 5202 693 5273 meis]
711 5204 789 5268 ΡΓΦ,
811 5205 862 5253 tuis
880 5205 942 5253 baec
960 5205 983 5252 F
1093 5205 1142 5251 ista
1159 5218 1207 5251 om.
1224 5205 1247 5250 P
1359 5203 1388 5253 11
1409 5211 1536 5267 tamquam
1558 5207 1579 5252 P
1679 5220 1729 5268 quo
1747 5203 1786 5273 tu]
1804 5206 1859 5268 Pa,

230 5297 347 5358 quonism
365 5300 394 5343 tu
414 5294 437 5341 F
549 5293 688 5342 aemulares
706 5291 752 5339 Pl
768 5308 800 5341 m.
922 5289 953 5341 15
972 5285 1107 5355 destituet]
1126 5288 1270 5351 Marmarata,
1290 5290 1378 5339 dciuot
1396 5289 1474 5351 Plu,
1494 5292 1596 5340 deiruet
1615 5292 1637 5338 P
1751 5291 1782 5340 lo
1801 5293 1862 5341 sori·

230 5382 339 5431 bendum
358 5381 381 5428 F
514 5377 544 5429 11
563 5379 708 5442 exemplum
728 5379 749 5426 F
876 5384 993 5440 quautam
1013 5377 1059 5425 Pr
1074 5392 1119 5435 m.,
1141 5377 1248 5439 aliquam
1269 5377 1291 5423 P
1420 5376 1453 5425 20
1472 5378 1541 5425 ualet
1559 5377 1581 5424 P
1700 5378 1822 5426 credimur
1842 5379 1865 5426 P

230 5466 262 5517 22
282 5467 385 5530 quosP
488 5466 521 5515 ⁶23
540 5462 652 5532 sacculo]
670 5460 758 5515 sdoP

318 5553 351 5604 26
370 5550 439 5621 noio]
458 5554 568 5613 leretur,
590 5554 645 5601 uolo
665 5551 688 5599 P
791 5545 995 5614 aurocrorum]
1014 5547 1122 5610 Modica,
1146 5548 1205 5597 locis
1223 5550 1275 5597 tuis
1294 5546 1369 5611 ΡΙ1Φ,
1389 5550 1435 5597 loci
1454 5554 1480 5597 et
1497 5551 1536 5597 tui
1555 5547 1648 5598 Mereor
1751 5547 1785 5598 29
1802 5549 1862 5598 edo·

230 5655 287 5691 cere
305 5639 329 5689 P
