4746 6472
966 503 1080 560 LIBER
1097 505 1121 559 1.
1821 508 1860 571 13

232 716 333 780 neque
348 696 457 782 Opillo
471 696 614 763 Rutilius
635 696 687 762 rel
704 694 825 761 Cineae
841 694 984 779 Pyrrhus
1006 700 1062 759 aut
1076 692 1256 759 Metrodoro
1278 710 1337 758 suo
1351 691 1555 759 Mithridates
1571 693 1722 758 Ponticus
1744 694 1864 760 libera-
1893 696 2001 761 VMH

231 800 307 865 lium
330 798 573 885 disciplinarum
596 797 701 885 pretia
724 797 897 863 solverunt.
944 804 979 877 at
999 816 1085 862 nunc
1108 795 1347 862 eruditissimus
1370 795 1543 879 imperator
1566 802 1598 861 et
1628 814 1722 881 opum
1753 796 1864 880 largus
1993 827 1994 830 ¹

232 902 458 984 athenarum,
492 904 584 986 quasi
606 921 663 987 pre
686 920 785 966 usura
806 900 865 967 tibi
886 899 991 986 prima
1014 899 1181 982 detulerit,
1208 899 1254 963 ita
1276 917 1403 982 semper
1424 897 1467 964 ad
1489 905 1606 964 sortem
1629 899 1748 964 fenoris
1769 900 1864 965 redit.

230 1006 262 1070 in
283 1005 345 1071 hac
366 1011 460 1071 tanta
479 1005 605 1072 laetitia
618 1024 703 1087 mea,
728 1003 845 1087 quibus
859 1003 968 1070 uerbis
984 1002 1116 1095 diluam,
1143 1001 1229 1084 quod
1245 1000 1361 1067 adesse
1375 1021 1439 1067 non
1454 1006 1604 1085 possuml
1625 1001 1722 1066 nimis
1737 1022 1859 1084 vereor,
1887 1007 1906 1069 3

202 1126 213 1165 ⁵
230 1128 269 1173 ne
285 1107 371 1174 male
385 1106 615 1192 interpretatus
629 1107 868 1174 exeusationem
884 1126 999 1187 meam,
1026 1113 1178 1187 quantum
1193 1104 1253 1170 tibi
1272 1104 1425 1188 gratuler,
1451 1125 1565 1189 parum
1581 1105 1708 1170 credas.
1756 1105 1865 1190 optavi

232 1210 272 1276 ad
293 1211 405 1276 oculos
426 1216 500 1277 tuos
522 1210 639 1296 raptim
661 1210 790 1293 venire,
823 1208 881 1276 sed
904 1209 1011 1276 fessus
1032 1208 1165 1287 virium,
1199 1227 1280 1292 quas
1304 1207 1359 1273 diu
1387 1208 1517 1274 morbus
1547 1208 1715 1289 exhausit,
1747 1207 1865 1289 itiones

231 1313 343 1396 longas
367 1320 401 1379 et
421 1313 607 1381 mansiones
629 1332 780 1398 asperas,
813 1320 880 1379 tum
903 1312 1105 1378 accessiones
1127 1310 1282 1395 frigorum
1312 1317 1345 1377 et
1375 1311 1582 1377 decessiones
1611 1310 1736 1377 dierum
1765 1331 1867 1394 quae-

139 1415 143 1419 ’
231 1435 291 1497 que
319 1415 387 1480 alia
416 1422 493 1481 sunt
518 1436 622 1482 noxae
652 1422 846 1501 opportuna,
880 1415 992 1480 vitari.
1039 1414 1068 1479 si
1090 1434 1161 1480 sum
1183 1414 1242 1480 tibi
1265 1420 1429 1499 spectatus
1459 1414 1654 1495 absalme,
1688 1420 1869 1497 quaesout

231 1537 355 1601 aequm
375 1518 422 1584 sis
444 1517 523 1583 mibi
546 1526 643 1601 atque
666 1519 727 1585 bas
749 1517 973 1602 adlegationes
995 1516 1072 1582 boui
1094 1517 1256 1583 consulas.
1303 1515 1369 1581 fors
1391 1516 1471 1599 fuat,
1497 1537 1540 1582 an
1555 1515 1758 1601 optineamus
1778 1516 1866 1601 apud

188 1637 215 1677 1⁰
232 1627 263 1686 te
285 1628 426 1687 veterem
450 1621 609 1704 gratiam;
635 1641 721 1688 nuuc
743 1620 829 1703 quod
851 1620 931 1686 satis
952 1626 1011 1701 est,
1039 1619 1216 1686 eluctemur
1239 1618 1405 1684 offensam.

837 1874 843 1883 ¹
867 1929 949 1994 xm
969 1929 1065 2013 prm)
1099 1949 1131 1993 a.
1151 1929 1229 1992 ero.

802 2064 1063 2131 sruulcnvs
1092 2062 1292 2131 Avsonro,

319 2236 454 2302 Gaudeo
476 2236 578 2321 pluris
601 2257 652 2303 me
675 2236 734 2302 tibi
756 2255 829 2303 esse
852 2257 949 2320 quam
971 2243 1113 2319 ceteros,
1147 2235 1276 2320 quando
1298 2236 1345 2301 ita
1366 2228 1526 2301 animatus
1549 2255 1603 2315 es,
1637 2243 1672 2301 ut
1695 2244 1808 2319 sponte
1831 2237 1864 2301 in

232 2359 299 2404 rem
321 2360 427 2405 meam
450 2340 601 2405 consulas
624 2360 683 2406 nec
705 2339 883 2425 opperiaris
905 2339 1111 2424 petitionem,
1146 2338 1205 2405 sed
1227 2340 1329 2404 solam
1352 2337 1528 2404 voluntatis
1551 2358 1644 2404 meae
1667 2337 1787 2407 famam
1811 2359 1865 2404 se·

186 2458 214 2498 1⁵
233 2442 354 2522 quatis.
401 2443 513 2526 accepi
535 2441 718 2508 erectiones
740 2449 890 2525 quatuor
911 2442 1041 2507 inmane
1064 2449 1218 2524 quantum
1242 2440 1424 2507 commodas
1446 2441 1480 2506 in
1500 2460 1654 2507 excursus
1670 2448 1703 2507 et
1717 2461 1865 2509 recursus

229 2564 384 2609 meorum.
433 2544 479 2609 dii
500 2551 533 2610 te
556 2566 613 2630 pro
636 2553 726 2611 tanta
748 2544 853 2627 gratia
875 2552 1090 2626 munerentur,
1118 2551 1151 2611 et
1172 2545 1248 2628 quia
1263 2543 1413 2627 perfectis
1429 2549 1525 2626 atque
1541 2542 1637 2609 elatis
1651 2544 1685 2608 in
1701 2545 1863 2609 cumulum

230 2646 322 2711 bonis
345 2646 427 2712 nihil
450 2646 535 2713 adici
558 2654 675 2732 potest,
701 2646 803 2729 yelint
823 2653 894 2712 tuta
916 2666 995 2729 erga
1016 2654 1048 2713 te
1071 2653 1105 2712 et
1125 2646 1262 2731 propria,
1289 2665 1372 2729 quae
1395 2645 1563 2711 dederunt.
1610 2646 1694 2711 vale.

847 2955 946 3020 XXII
966 2953 1083 3037 (XIIII)
1117 2975 1148 3021 a.
1169 2956 1244 3020 378.

799 3090 1060 3158 SYMMACHVS
1088 3089 1286 3158 AVSONIO.

190 3276 217 3320 ²⁰
318 3262 458 3333 Abunde
480 3265 609 3348 gaudio,
636 3284 707 3329 cnm
729 3269 762 3328 te
785 3264 949 3329 consulem
971 3282 1075 3328 novus
1096 3283 1200 3329 annus
1223 3268 1385 3347 expectat.
1432 3263 1492 3329 sed
1512 3283 1598 3329 nnnc
1612 3269 1796 3329 transcurso
1814 3272 1864 3331 est

235 3385 330 3451 opus;
357 3366 487 3450 plenius
509 3368 595 3433 enim
618 3366 767 3433 secundis
787 3366 903 3432 litteris
925 3365 1127 3432 contestabor
1149 3365 1332 3431 huiusmodi
1354 3364 1395 3431 de
1417 3373 1448 3431 te
1468 3364 1729 3449 gratulationem.
1777 3366 1863 3433 alius

233 3468 264 3533 in
286 3469 473 3553 praesentia
494 3469 573 3535 mibi
595 3489 701 3537 sermo
724 3467 899 3534 sumendus
921 3475 982 3535 est.
1022 3467 1194 3534 Patruinus
1209 3488 1241 3533 v.
1259 3488 1288 3534 c.
1306 3468 1409 3533 accitu
1425 3475 1480 3533 tuo
1493 3468 1556 3534 iter
1571 3467 1732 3534 adornans
1747 3468 1781 3535 in
1795 3490 1863 3536 rem

235 3590 325 3637 snam
348 3570 416 3637 fore
439 3572 647 3651 existimavit,
673 3572 700 3637 si
723 3591 794 3637 meo
816 3570 998 3638 testimonio
1019 3571 1183 3637 niteretur.
1230 3571 1305 3636 buic
1326 3591 1388 3655 ego
1409 3571 1491 3637 nibil
1513 3591 1572 3657 per
1593 3592 1644 3637 me
1659 3591 1863 3639 accessurum

234 3674 345 3759 putavi
368 3680 531 3740 ettamen
552 3676 668 3742 deesse
688 3674 777 3740 nolui
800 3673 923 3755 sciens,
949 3672 1071 3739 iudicio
1093 3693 1172 3757 erga
1193 3673 1287 3738 illum
1309 3681 1364 3739 tuo
1385 3673 1469 3739 nihil
1491 3673 1578 3739 adici
1599 3693 1705 3759 posse,
1732 3674 1761 3741 si
1783 3676 1863 3741 scri-

190 3789 218 3831 to
234 3776 353 3857 berem,
381 3777 588 3843 decessurum
610 3785 718 3844 tamen
741 3776 864 3860 aliquid
885 3796 958 3842 meo
980 3775 1093 3856 officio,
1122 3777 1150 3841 si
1171 3783 1323 3843 tacerem.
1370 3797 1469 3842 unum
1484 3777 1656 3861 adigitur,
1682 3779 1768 3861 quod
1790 3799 1863 3845 ora-

235 3887 299 3944 tum
323 3901 344 3944 a
365 3887 397 3946 te
420 3886 518 3965 atque
540 3888 706 3948 exoratum
729 3882 811 3960 volo,
840 3887 875 3945 ut
896 3879 985 3946 ineat
1006 3879 1144 3963 gratiam
1168 3880 1306 3964 suscepti
1330 3880 1448 3945 laboris
1470 3887 1598 3964 praeter
1620 3900 1694 3947 eum
1709 3881 1859 3961 fructum,

235 3982 287 4065 qui
308 3981 359 4047 illi
382 4000 423 4048 en
445 3990 501 4049 tuo
522 3991 693 4067 conspectu
715 3990 771 4049 tuo
794 4001 970 4066 congressu
991 3988 1046 4048 tuo
1068 3982 1187 4048 bonore
1210 3982 1386 4067 proveniet.
1433 3984 1520 4048 vale.

787 4290 902 4356 xxm
921 4290 1035 4375 (nvn)
1072 4311 1103 4356 a.
1122 4293 1305 4356 ero-err.

803 4427 1063 4494 srunscnvs
1089 4427 1289 4494 Avsouro.
1892 4434 1995 4498 VMF

191 4610 218 4651 ³⁰
319 4599 396 4664 Post
429 4600 558 4683 longum
583 4598 756 4666 silentium
789 4607 880 4665 tuum
912 4618 977 4664 non
1010 4600 1116 4664 minus
1150 4597 1375 4665 desiderabam
1404 4605 1505 4681 'quam
1539 4599 1710 4684 sperabam
1739 4601 1863 4668 litteras

236 4701 401 4785 largiores.
447 4720 585 4785 namque
615 4701 666 4766 his
694 4700 820 4767 vicibus
849 4702 991 4767 humana
1018 4700 1199 4784 radantur,
1234 4709 1269 4772 ut
1298 4700 1439 4768 defectui
1461 4701 1613 4768 succedat
1634 4703 1774 4769 ubertas.
1822 4725 1863 4771 ea

236 4823 285 4869 me
307 4802 415 4887 opinio
437 4802 556 4869 frustra
576 4804 705 4883 habuit;
732 4803 889 4886 siquidem
911 4804 1019 4869 brevis
1041 4803 1075 4869 in
1096 4824 1211 4871 manus
1232 4824 1323 4870 meas
1345 4804 1466 4888 pagina
1486 4823 1600 4871 recens
1621 4825 1642 4870 a
1664 4814 1696 4871 te
1719 4806 1864 4891 profecta

324 5184 441 5246 loplllor
458 5184 574 5232 ruttlllns
590 5183 616 5245 V,
638 5184 696 5244 opto
711 5181 816 5231 rutilius
834 5180 863 5228 ll
965 5196 1056 5242 cyneae
1078 5182 1134 5245 VM,
1156 5197 1249 5233 aeneae
1268 5183 1302 5232 Π
1402 5198 1494 5246 pyrrus
1516 5183 1567 5232 VM
1667 5187 1808 5236 mltrldataa
1830 5189 1858 5250 V,

236 5270 379 5319 metridates
398 5267 427 5315 Μ
540 5267 808 5317 derbeusltionesl'
920 5267 1050 5317 ldlsrum
1069 5283 1133 5331 quas
1150 5270 1194 5318 dlu
1212 5277 1274 5318 sunt
1291 5267 1318 5317 Γ
1430 5269 1519 5320 Gutta
1536 5272 1587 5319 ulai
1606 5271 1705 5319 suml'
1818 5268 1861 5338 ab]

236 5368 266 5403 en
288 5355 337 5417 (Π)
445 5352 575 5404 stult?
676 5354 707 5403 lo
726 5349 799 5421 satis]
816 5354 947 5402 salutlsl'

322 5441 354 5491 12
373 5440 536 5501 Symmachus
554 5435 678 5505 Ausonio]
699 5439 762 5501 (Π),
783 5453 831 5488 cm.
851 5438 902 5488 VM
1006 5439 1036 5490 13
1054 5441 1183 5503 pluresV
1287 5441 1317 5491 17
1336 5454 1395 5502 erga
1413 5437 1450 5508 ts]
1474 5440 1523 5503 VI',
1545 5456 1604 5504 erga
1621 5443 1659 5504 Π,
1680 5457 1780 5494 manere
1800 5445 1829 5492 Μ

322 5525 354 5576 19
374 5525 537 5586 Symmachus
550 5521 674 5591 Ausonio]
687 5525 731 5587 (Π
733 5528 751 5587 l,
767 5539 815 5575 om.
831 5525 881 5573 VM
940 5554 942 5557 -
983 5525 1018 5577 21
1033 5529 1164 5590 patroinus
1176 5524 1231 5590 ΓΦ,
1246 5529 1377 5590 patrunlus
1395 5528 1421 5581 V.
1436 5530 1570 5590 petronius
1578 5528 1613 5589 Μ,
1628 5533 1757 5593 patroplus
1773 5531 1824 5595 (ΙΙ)

237 5609 390 5680 v.e.]aero
412 5612 438 5672 V,
459 5611 553 5661 om.ld
663 5609 696 5660 23
715 5624 761 5673 per
776 5623 817 5660 ms
835 5625 882 5665 orn.
902 5611 953 5660 VM
1063 5611 1258 5663 assectator!
1358 5614 1422 5661 adiel
1440 5613 1548 5661 nlbilV
1658 5613 1789 5665 lbaom.
1807 5617 1856 5679 (Π)

238 5696 267 5745 'll
286 5699 434 5760 praeuenlet
455 5697 475 5744 V
1302 5748 1305 5751 ,

321 5784 354 5835 29
375 5798 407 5833 ·s·
427 5785 531 5832 ausonio
550 5784 578 5843 F,
601 5784 631 5832 ad
650 5782 758 5831 eundem
780 5781 846 5843 (Π),
865 5797 914 5835 cm.
934 5784 983 5832 VM
1084 5784 1113 5834 31
1136 5785 1246 5833 bumana
1262 5788 1317 5845 post
1334 5784 1445 5833 defectui
1463 5784 1545 5835 conce.
1566 5785 1587 5832 V
