4744 6476
419 489 481 552 338
1018 484 1214 542 SYMMACHI
1233 485 1446 544 ORATIONES

418 695 470 741 me
492 673 685 754 existimate,
711 675 789 759 quia
810 673 972 761 praedico,
997 695 1081 758 quae
1103 677 1237 759 potestis
1259 695 1447 760 agnoscere.
1487 695 1549 740 nec
1569 674 1688 740 iniuria
1703 674 1776 758 quis
1792 674 1919 754 dixerit,
1946 674 2052 758 Syne-

419 778 502 844 sium
524 780 599 864 plus
619 778 744 845 decoris
767 800 858 863 mom
880 783 1048 863 genitorem
1071 778 1209 860 adferre,
1237 780 1287 845 cui
1309 787 1343 846 et
1362 779 1446 845 illud
1467 778 1619 858 accessit,
1647 778 1732 861 quod
1755 777 1933 843 arcadem
1956 778 2049 843 domo

418 881 484 947 ism
513 883 674 948 secundus
702 882 892 948 admittitur.
939 882 1057 948 etenim
1086 902 1230 968 propago
1260 883 1406 965 generis,
1439 889 1558 967 quanto
1588 882 1716 965 longius
1746 880 1867 947 recedit
1897 901 1918 945 a
1945 880 2047 961 noris,

419 991 508 1051 tanto
530 984 628 1051 altius
650 986 754 1052 tendit
775 985 819 1052 ad
839 985 977 1052 nobiles.
1024 1006 1090 1052 non
1113 987 1249 1052 multum
1271 987 1359 1071 apud
1393 1006 1400 1050 2
1429 1032 2047 1051 ..................

381 1092 400 1150 b
426 1137 2047 1154 ..............................................
2072 1109 2086 1148 s

300 1207 348 1249 Vst-
362 1208 409 1259 r·⁷
427 1239 647 1255 .......
673 1191 788 1257 timori
829 1192 947 1275 pendet
969 1190 1055 1257 circa
1075 1191 1167 1257 illum
1190 1192 1348 1258 sollicitae
1371 1192 1484 1257 domus
1507 1191 1621 1276 pietas,
1649 1190 1707 1256 sed
1729 1189 1800 1276 ipse
1822 1189 1865 1257 de
1888 1209 1923 1256 se
1938 1190 2047 1274 exigit,

419 1293 576 1377 quidquid
597 1293 738 1359 omnium
761 1294 823 1360 sibi
845 1294 1031 1360 humanitas
1054 1296 1226 1360 relaxavit.
1272 1295 1339 1361 iam
1363 1295 1466 1374 video,
1493 1293 1628 1374 Iuliane,
1655 1314 1773 1360 causam
1795 1294 2051 1361 consultissimae

380 1400 399 1461 6
422 1396 622 1481 placiditatis
640 1403 733 1464 tuae:
758 1397 816 1463 tali
840 1397 906 1463 filio
929 1399 1035 1482 magis
1059 1418 1191 1463 securus
1213 1418 1249 1465 es
1271 1419 1369 1482 qnam
1392 1399 1557 1464 remissus.
1604 1398 1686 1463 illud
1708 1404 1818 1463 autem
1840 1417 1904 1462 non
1927 1417 2048 1473 vereor,

419 1505 529 1584 patres
559 1499 744 1586 conscripti,
779 1521 819 1565 ue
849 1500 922 1585 quis
949 1501 1094 1586 inparem
1118 1503 1287 1568 senatoriis
1310 1502 1497 1569 muneribus
1520 1502 1692 1568 arbitretur
1713 1500 1842 1566 unicum
1863 1500 1964 1566 filium
1988 1521 2052 1566 uon

420 1602 572 1688 pauperis
594 1603 705 1689 patris.
745 1610 840 1688 atque
863 1604 986 1670 utinam
1009 1605 1136 1671 somnne
1158 1626 1347 1689 germanum
1369 1627 1495 1690 quoque
1518 1605 1589 1672 eius
1603 1605 1793 1670 incolumem
1808 1603 1936 1670 senatui
1951 1603 2052 1670 tradi-
2074 1623 2104 1664 ro

420 1705 540 1771 dissetl
564 1704 652 1789 quod
672 1726 757 1771 nunc
779 1706 873 1773 alteri
896 1719 1052 1792 superest,
1080 1707 1160 1774 satis
1183 1717 1271 1775 esset
1295 1710 1463 1776 ambobus.
1503 1708 1659 1794 Synesius
1682 1707 1811 1791 quidem
1834 1727 1925 1773 mens
1940 1726 2051 1773 omnes

420 1809 484 1876 sibi
505 1829 582 1894 opes
605 1830 677 1875 cum
700 1810 797 1876 fratre
827 1811 929 1877 credit
957 1812 1101 1893 ablatas,
1136 1812 1194 1878 sed
1223 1832 1275 1879 res
1305 1818 1440 1879 naturae
1472 1820 1537 1893 est,
1572 1819 1607 1878 ut
1633 1810 1757 1891 dimsa,
1790 1830 1862 1875 cum
1890 1810 1925 1876 in
1953 1830 2051 1875 unum

420 1912 564 1995 redeunt,
591 1920 781 1996 augeantur.
828 1922 861 1980 et
881 1920 1048 1998 quantum,
1076 1914 1122 1979 dii
1143 1914 1235 1997 boni,
1262 1916 1295 1980 iu
1319 1915 1390 1981 dies
1413 1915 1537 2001 proficit
1558 1915 1672 1981 domus
1695 1915 1818 1981 sobria!
1855 1914 1992 2000 quippe,
2018 1919 2053 1978 ut

421 2015 511 2083 scitis
533 2037 659 2098 omnes,
687 2036 787 2103 saepe
809 2015 917 2102 inopia
940 2018 993 2083 vel
1017 2018 1109 2103 eopia
1131 2038 1173 2083 ex
1194 2019 1335 2085 moribus
1358 2018 1458 2086 venit.
1506 2018 1568 2084 nisi
1590 2019 1672 2085 forte
1694 2012 1909 2100 excongruam
1931 2017 2053 2102 putatis

420 2119 603 2187 istiusmodi
625 2121 771 2186 laudem:
801 2117 915 2205 ssplane
933 2130 1006 2184 inter
1024 2128 1174 2186 facultates
1193 2131 1333 2186 censenda
1351 2136 1396 2185 est
1413 2131 1585 2200 parsimonia
1608 2124 1616 2208 lp
1640 2143 1712 2187 nam
1737 2129 1882 2203 senator,
1909 2121 1963 2205 qui
1986 2119 2053 2207 pri-
2075 2143 2106 2183 ta

420 2230 495 2291 vato
518 2225 591 2290 usui
612 2223 779 2289 minimum
800 2224 952 2304 vindicat,
977 2225 1106 2307 publico
1128 2227 1204 2311 plus
1227 2231 1383 2293 reservat.

379 2328 396 2388 7
507 2327 624 2393 Cetera
645 2326 781 2393 testibus
803 2326 916 2393 sedulo
938 2327 1089 2395 addenda
1111 2348 1295 2396 servamus:
1322 2329 1400 2394 milri
1422 2330 1553 2396 uberius
1570 2327 1657 2412 loqui
1678 2328 1783 2393 cautio
1798 2335 1857 2408 est,
1884 2342 1924 2393 ne
1939 2326 2053 2393 videm

300 2450 347 2495 aa.
361 2466 384 2505 ρ.
398 2454 411 2496 a
424 2450 488 2495 non
508 2437 575 2495 tam
598 2429 661 2496 fide
683 2428 800 2497 actoris
829 2431 931 2496 multa
959 2430 1066 2498 dicere
1094 2452 1190 2515 quam
1220 2432 1351 2497 iniurati
1380 2432 1562 2498 securitate.
1584 2430 1589 2518 Ι
1609 2430 1734 2497 duobus
1764 2430 1894 2513 quidem
1921 2429 2054 2497 nitimur

421 2532 556 2599 Enresio
587 2533 694 2617 adque
723 2533 818 2598 Avito
847 2553 894 2600 cc.
920 2555 990 2614 va,
1024 2555 1156 2619 quorum
1186 2535 1375 2618 religionem
1408 2535 1435 2602 si
1465 2555 1576 2601 omnes
1605 2554 1746 2618 aequare
1775 2540 1925 2619 possent,
1957 2554 2052 2600 nemo

420 2636 552 2702 iuraret.
599 2636 656 2702 sed
678 2636 789 2703 borum
813 2635 913 2723 priori
933 2658 1129 2722 quamquam
1152 2638 1291 2704 facundo
1312 2658 1440 2723 possem
1462 2638 1600 2722 gratiam
1623 2637 1729 2703 facere
1752 2636 1898 2703 dicendi:
1934 2637 2053 2737 sedicit
2072 2658 2105 2699 aa

422 2739 584 2806 desiderio
605 2746 714 2804 nostro
737 2740 780 2805 ad
803 2740 1008 2824 suffragium,
1042 2743 1128 2824 quod
1150 2742 1329 2807 avunculus
1352 2741 1499 2828 petitoris
1521 2748 1583 2807 est.
1605 2724 1610 2733 ⁸
1630 2740 1789 2825 siquidem
1818 2740 1867 2805 vir
1896 2740 2050 2805 bonorum

422 2842 647 2929 frequentium,
673 2844 794 2909 multae
815 2844 849 2908 in
872 2843 1060 2929 republica
1083 2844 1284 2928 vigilantiae,
1311 2845 1423 2928 generi
1446 2865 1503 2910 suo
1519 2844 1678 2930 quaesivit
1692 2863 1795 2924 omne,
1823 2842 1909 2927 quod
1923 2842 2050 2908 meruit.

422 2947 585 3013 enimvero
615 2966 675 3011 nec
705 2945 820 3012 Avitus
847 2967 938 3013 meus
968 2955 1074 3014 orator
1103 2947 1144 3015 de
1175 2948 1386 3015 summatibus
1415 2949 1536 3015 minore
1565 2954 1724 3014 momento
1754 2967 1886 3012 causam
1913 2946 2049 3027 iuvabit,

423 3050 499 3134 quia
520 3055 740 3116 ornamentum
763 3050 810 3116 sio
832 3050 873 3116 de
895 3050 1008 3117 amieis
1030 3058 1066 3117 ut
1087 3052 1128 3118 de
1157 3051 1311 3138 proximis
1340 3051 1491 3131 sumitur;
1524 3051 1558 3117 iu
1586 3051 1638 3117 his
1669 3050 1811 3134 dignitas
1838 3048 1984 3133 generis,
2018 3048 2052 3113 in

421 3153 489 3219 illis
511 3153 673 3238 specimen
696 3152 872 3219 honestatis
895 3162 960 3233 est;
988 3152 1047 3219 illa
1069 3174 1145 3240 pars
1167 3154 1324 3220 familiam
1347 3155 1547 3239 conmendat,
1574 3156 1654 3221 haec
1676 3155 1786 3220 vitam.
2071 3173 2105 3214 as

382 3265 400 3327 8
509 3258 573 3323 Vos
596 3277 696 3339 nunc,
730 3263 839 3342 patres
862 3257 1048 3344 conscripti,
1083 3279 1137 3325 oro
1160 3259 1264 3345 adque
1287 3260 1436 3339 obsecro,
1471 3280 1512 3327 ne
1534 3259 1656 3326 tamdiu
1678 3259 1712 3324 in
1735 3280 1800 3324 uua
1823 3258 1916 3325 domo
1939 3255 2053 3323 sinatis

422 3380 496 3427 esse
524 3359 671 3445 dispares
699 3360 882 3446 dignitates.
929 3360 981 3428 bic
1010 3362 1152 3428 omnium
1180 3369 1351 3448 parentum
1377 3383 1521 3429 summus
1543 3370 1594 3431 est
1615 3363 1722 3443 labor,
1755 3368 1791 3428 ut
1812 3360 1918 3444 magis
1941 3361 2052 3446 splen-

423 3464 536 3543 deant,
569 3464 624 3548 qui
646 3470 833 3549 sequuntur.
880 3464 969 3530 dedit
998 3473 1115 3531 natura
1137 3465 1274 3551 Synesio
1296 3467 1397 3533 bcuos
1419 3486 1541 3549 mores,
1576 3472 1669 3551 pater
1689 3465 1827 3550 optimas
1849 3463 2049 3549 disciplinas,

422 3567 550 3633 fortuna
582 3567 764 3633 commodas
797 3566 986 3634 facultates:
1023 3567 1084 3634 hoc
1117 3590 1214 3634 uuum
1248 3590 1287 3636 ac
1320 3569 1519 3654 potissimum
1554 3590 1636 3635 novo
1669 3567 1777 3633 adhuc
1808 3566 1918 3633 iuveni
1950 3566 2052 3632 decus

423 3679 581 3756 superest,
607 3670 698 3737 cuius
720 3691 777 3737 vos
800 3671 889 3737 eritis
911 3677 1070 3738 auctores.
2071 3692 2104 3732 ao

1193 4031 1281 4098 VIII.

939 4187 1022 4255 PRO
1045 4186 1231 4255 VALERIO
1257 4187 1528 4255 FORTVNATO.

299 4385 349 4427 rte.
363 4387 412 4437 aa
513 4408 833 4426 ............
858 4362 1002 4425 audierat
1019 4362 1147 4444 fibram,
1180 4362 1235 4424 ubi
1253 4363 1389 4444 periculo
1412 4359 1573 4447 erigetur,
1607 4367 1699 4446 parte
1722 4359 1877 4444 corporis,
1912 4360 2052 4443 quaein

425 4482 461 4528 se
483 4460 695 4545 desideratur,
721 4463 847 4529 abscisa
868 4462 969 4528 vitam
990 4463 1123 4548 pacisci.
1162 4462 1250 4546 quod
1271 4469 1374 4529 mater
1396 4464 1537 4530 familias
1559 4463 1592 4529 in
1607 4483 1700 4530 usum
1716 4463 1812 4530 vertit
1826 4484 1965 4544 suorum,
1992 4461 2051 4528 sed

425 4565 546 4632 maiore
576 4570 716 4647 tactura,
750 4565 827 4632 dum
854 4566 1085 4633 nimistimide
1107 4568 1244 4633 consulit
1265 4568 1352 4633 aeris
1374 4567 1550 4651 angustiis,
1583 4570 1591 4651 ll
1620 4576 1674 4630 hoc
1692 4582 1785 4631 tamen
1802 4576 1899 4632 verim
1917 4579 2018 4645 questa
2042 4565 2051 4649 l
2070 4586 2102 4628 as

423 4690 487 4754 quo
510 4668 615 4736 minus
637 4669 756 4755 eripuit
777 4690 873 4753 quam
895 4670 1025 4736 refudit.

424 4880 836 4888 ———-—--—-—-.

512 5012 679 5085 lexisltlllls
834 5010 978 5077 mitescere
1133 5016 1262 5067 2dscorls
1280 5034 1355 5080 quam
1373 5021 1510 5080 genitorem
1528 5020 1627 5068 adferre
1644 5014 1698 5084 cui]
1714 5031 1768 5080 tao,
1794 5018 2048 5067 decoremsdlerrssut

424 5103 559 5157 tactust

510 5191 627 5240 tidomos

509 5276 581 5339 o·p-
601 5291 623 5326 c.
740 5274 771 5324 10
789 5275 914 5324 tortunsm
1018 5275 1163 5325 lncolumsn
1280 5275 1311 5326 15
1330 5277 1404 5340 plsns
1422 5303 1457 5313 -
1474 5277 1627 5339 psrslmcnts
1644 5282 1702 5326 uate
1722 5275 1752 5327 13
1771 5278 1875 5340 quippe,
1896 5282 1924 5325 ut
1942 5278 2050 5325 meren-

424 5363 484 5410 dum
501 5367 554 5411 erut
659 5361 788 5409 facultatis
892 5361 1081 5425 parsimonia&
1187 5361 1218 5413 16
1237 5360 1355 5430 minimus
1457 5364 1570 5427 plublice

511 5447 542 5498 17
560 5447 656 5496 sddeds
751 5448 871 5496 uberibus
976 5445 1008 5496 ts
1026 5447 1164 5501 mcudtsts
1269 5448 1302 5500 20
1321 5446 1430 5517 possem]
1449 5464 1501 5513 epo,
1521 5458 1626 5514 possent
1712 5452 1814 5499 sudarit
1917 5447 1950 5499 22
1970 5450 2049 5513 multe

509 5535 543 5585 26
560 5539 645 5597 patres
663 5547 697 5581 ·c·
823 5532 854 5581 tt
874 5533 1009 5595 dignitatis
1133 5534 1166 5584 28
1184 5532 1271 5602 nlsurs
1392 5535 1519 5586 seeretis
1621 5542 1678 5599 post
1695 5543 1807 5586 suctores
1825 5538 1934 5599 uqulutr
1950 5535 2049 5596 vopulo

423 5623 496 5686 duan
513 5622 634 5669 arationis
651 5617 765 5669 tadicum

511 5704 544 5754 et
561 5704 644 5753 sbulss
766 5703 798 5752 35
816 5705 908 5754 mslore
926 5703 1035 5774 iactura]
1052 5708 1184 5769 Baehrens,
1205 5704 1409 5777 mslolresscturs
1528 5711 1653 5772 augustiis
1774 5709 1820 5759 boc
1836 5736 1872 5748 -
1888 5716 1980 5772 questa
1995 5711 2050 5770 pust

422 5809 447 5856 p.
469 5790 529 5854 3311,
549 5789 565 5840 3
583 5788 648 5853 quod
666 5794 781 5852 precatur
799 5791 956 5842 tmenndtsn
972 5798 1025 5842 erat
1127 5802 1231 5858 qusests
