4686 6472
821 509 834 563 I
856 511 955 562 13-43
974 508 1028 565 AD
1045 507 1252 566 AVSONIVII.

753 903 937 989 113-43
978 906 1040 988 Ab
1079 904 1324 990 Avsortlvlr.

308 1093 358 1159 De
381 1092 515 1159 Ausonii
538 1092 606 1158 vita
627 1114 730 1178 nuper
750 1095 818 1177 egit
840 1095 975 1161 Carolus
997 1095 1140 1162 Schenkl
1161 1096 1196 1162 in
1217 1097 1314 1162 huius
1336 1097 1476 1181 corporis
1496 1103 1581 1163 tomo
1604 1097 1727 1179 quinto;
1754 1118 1854 1182 quare

227 1233 321 1298 opera
349 1213 554 1298 diligentiore
583 1213 750 1279 absolutus
777 1235 882 1300 pauca
908 1221 1032 1281 tantmn
1062 1216 1176 1301 partim
1207 1222 1363 1301 repetam,
1397 1216 1512 1302 partim
1535 1216 1671 1301 addam,
1704 1239 1788 1303 quae
1809 1219 1854 1285 ad

228 1334 410 1417 Symmachi
432 1334 589 1420 epistulas
609 1333 821 1400 illustrandas
843 1336 1001 1421 pertinere
1023 1335 1226 1402 videbuntur.

310 1455 454 1521 Stemma
475 1455 699 1538 Ausoniorum,
725 1456 811 1540 quod
833 1455 948 1538 adieci,
975 1477 996 1522 a
1017 1457 1235 1524 Sobenlrhano
1257 1457 1309 1523 his
1330 1456 1428 1523 rebus
1450 1456 1627 1542 discrepat:

310 1575 361 1639 Ex
383 1595 432 1657 eo,
459 1577 547 1660 qnod
569 1577 696 1643 codices
719 1576 819 1660 aliqui
842 1575 973 1658 reliquis
988 1577 1122 1643 Ausonii
1144 1578 1325 1644 nominibus
1347 1577 1442 1644 modo
1457 1579 1594 1644 Theonii
1611 1579 1707 1645 modo
1721 1580 1854 1646 Paeonii

227 1716 340 1762 nomen
363 1696 499 1781 addunt,
525 1697 671 1763 Brandes
693 1696 902 1782 probabiliter
923 1697 1089 1779 conclusit,
1115 1718 1137 1763 a
1158 1704 1262 1764 matre
1279 1698 1419 1763 Aemilia
1433 1699 1558 1766 Aeonia
1580 1719 1757 1784 cognomen
1780 1720 1853 1766 eum

229 1816 372 1882 ultimum
402 1817 577 1903 accepIsse.
624 1838 700 1884 nam
729 1816 816 1900 quod
837 1816 1033 1900 quibusdam
1052 1818 1086 1884 in
1108 1824 1247 1884 mentem
1270 1816 1373 1901 venit,
1406 1818 1539 1886 Paeonii
1561 1819 1810 1904 appellationem
1833 1840 1855 1885 a

228 1936 364 2003 librariis
387 1937 546 2004 adiectam
570 1957 653 2021 esse,
679 1937 756 2021 quia
777 1943 903 2023 poetam
927 1957 999 2003 curu
1022 1944 1114 2024 patre
1133 1937 1203 2004 eius
1218 1938 1451 2005 confundentes
1466 1939 1626 2006 medicum
1642 1939 1743 2006 fuisse
1758 1960 1854 2026 prae-

228 2059 431 2144 sumpserint,
457 2059 607 2126 subtilius
628 2058 846 2141 excogitatum
869 2065 919 2124 est
940 2079 1035 2143 quam
1059 2058 1179 2125 verius.

308 2178 465 2246 Arborius
493 2179 522 2244 is
551 2178 734 2264 praefectus
764 2178 836 2244 urbi
865 2178 968 2245 fuisse
994 2179 1136 2262 videtur,
1171 2179 1297 2265 dequo
1320 2181 1534 2265 Symmachus
1557 2186 1607 2265 60,
1635 2185 1672 2245 21
1699 2183 1850 2266 loquitur.

227 2300 332 2365 curci
355 2320 471 2365 nomen
493 2300 602 2383 Magni
625 2298 817 2381 addiderim,
842 2298 985 2385 reperies
1007 2300 1042 2365 in
1062 2300 1203 2366 Hermae
1225 2302 1290 2366 vol.
1316 2301 1427 2366 XVIII
1448 2323 1482 2388 p.
1508 2305 1582 2367 296.

308 2419 467 2505 Hesperio
489 2440 605 2485 nomen
626 2419 792 2502 Aquilium
814 2419 878 2485 iam
901 2440 922 2485 a
943 2419 1109 2502 Scaligero
1131 2419 1284 2486 tributum
1307 2428 1367 2502 est,
1393 2421 1451 2487 sed
1473 2442 1514 2488 ex
1536 2443 1675 2506 quonam
1698 2423 1853 2508 scriptore

227 2540 355 2624 antiquo
376 2540 459 2606 illud
481 2540 633 2621 hauserit,
659 2540 809 2623 ignorare
831 2561 882 2606 me
905 2540 1017 2606 fateor.

309 2661 514 2746 Hesperium,
539 2680 634 2744 quem
658 2660 871 2746 Symmachus
893 2683 924 2726 a.
949 2665 1011 2728 385
1035 2660 1182 2728 comitem
1205 2661 1373 2745 virumque
1396 2661 1610 2728 clarIssimnm
1633 2671 1666 2729 et
1686 2663 1854 2730 inlustrem

227 2780 301 2847 dicit
329 2781 412 2864 (296,
433 2783 498 2865 20),
525 2782 671 2867 plerique
694 2781 831 2847 eundern
854 2802 927 2847 cum
942 2781 1075 2847 Ausonii
1096 2781 1164 2848 filio
1187 2780 1407 2859 crediderunt;
1434 2782 1493 2848 sed
1507 2782 1546 2866 is,
1572 2804 1644 2849 cum
1659 2783 1724 2849 iarn
1740 2805 1772 2849 a.
1791 2788 1852 2850 377

225 2902 406 2985 praefectus
435 2901 595 2987 praetorio
625 2902 737 2982 fuerit,
771 2902 866 2967 annis
896 2906 966 2967 octo
994 2907 1068 2988 post
1095 2900 1277 2967 comitivam
1299 2902 1457 2986 dignitate
1480 2904 1580 2969 multo
1602 2904 1756 2971 minorem
1778 2924 1855 2989 ges-

226 3021 306 3088 sIsse
335 3042 399 3087 non
429 3028 545 3108 potest.
592 3022 670 3105 quia
698 3028 806 3088 autern
833 3042 948 3087 nomen
977 3019 1127 3108 Hesperii
1156 3022 1354 3088 rarissimum
1383 3024 1512 3107 est³⁴³),
1545 3024 1631 3091 hunc
1658 3045 1784 3108 quoque
1811 3025 1854 3093 ad

224 3142 359 3209 Ausonii
386 3142 542 3209 familiam
571 3142 732 3229 pertinere
759 3140 978 3228 praefectique
1007 3141 1109 3211 filium
1139 3142 1241 3209 fuisse
1269 3143 1432 3229 suspicor,
1465 3164 1539 3209 narn
1568 3152 1695 3231 poetam
1723 3152 1788 3213 tres
1811 3167 1852 3213 ex

225 3261 289 3329 filio
310 3269 446 3349 nepotes
467 3263 632 3346 habuisse,
659 3284 700 3330 ex
722 3261 943 3348 parentalibus
965 3270 1090 3330 constat
1098 3266 1164 3348 ³⁴⁴).

310 3384 444 3450 Ausonii
465 3392 615 3469 nepotem
636 3384 801 3470 inscriptio
824 3383 1009 3470 protreptici
1030 3384 1065 3449 iu
1087 3384 1198 3451 codice
1216 3385 1390 3451 Harleiano
1413 3392 1542 3452 servata
1556 3385 1742 3453 Censorium
1758 3388 1853 3473 blag-

224 3524 300 3569 num
322 3504 500 3570 Ausonium
522 3505 674 3570 nominat.
722 3505 774 3570 cui
795 3504 978 3570 testimonio
1001 3503 1143 3570 Schenkl
1166 3505 1288 3570 nullam
1311 3505 1531 3570 auctoritatem
1553 3505 1679 3587 tribuit,
1706 3528 1793 3588 nam,
1820 3515 1856 3574 ut

225 3623 327 3709 ipsius
356 3623 464 3690 verbis
492 3631 581 3705 utar,
618 3625 720 3690 ‘huno
750 3624 864 3690 librum
895 3645 936 3690 ex
958 3622 1104 3689 Parisino
1133 3621 1330 3709 descriptum
1359 3643 1431 3691 esse
1461 3625 1638 3711 scripturae
1660 3626 1695 3691 in
1719 3633 1852 3711 utroque

225 3764 383 3811 consensu
405 3745 653 3831 comprobatur'.
698 3746 727 3811 si
749 3751 856 3811 autem
878 3745 970 3810 illum
994 3763 1183 3810 consensum
1206 3743 1393 3827 diligentius
1416 3743 1681 3827 consideraveris,
1706 3746 1852 3814 invenies

225 3865 353 3931 codices
375 3866 584 3932 Harleianum
607 3874 640 3932 et
661 3866 841 3932 Parisinum
865 3873 993 3951 praeter
1013 3864 1262 3949 orthographica
1283 3864 1462 3948 quaedam,
1488 3871 1523 3959 nt
1545 3887 1641 3949 nepus
1664 3872 1697 3932 et
1715 3868 1847 3950 fatescit,

223 4006 397 4069 numquam
418 3986 453 4052 in
475 3986 601 4052 mendis
623 3986 811 4067 consentire,
839 3986 897 4053 sed
919 3992 1042 4053 tantum
1064 3986 1098 4051 in
1119 3984 1285 4071 scripturis
1301 3984 1397 4069 veris,
1422 3983 1458 4050 id
1473 3984 1558 4068 quod
1573 3984 1615 4050 ad
1631 3986 1851 4070 cognationem

224 4127 331 4172 eorum
360 4106 559 4190 probandam
588 4107 686 4192 plane
714 4107 836 4172 nullius
864 4107 1016 4173 momenti
1043 4114 1104 4172 est.
1150 4114 1319 4190 praetcrea
1340 4104 1535 4172 Harleianus
1558 4105 1677 4172 desinit
1699 4107 1733 4172 in
1755 4127 1851 4173 versu

223 4226 407 4311 protreptici
436 4227 529 4292 tertio
560 4226 683 4293 decImo
713 4227 806 4311 eique
836 4225 1100 4310 subscriptionem
1130 4225 1223 4292 addit
1249 4225 1349 4291 hanc:
1383 4229 1512 4309 emplics't
1531 4248 1668 4311 grypus,
1699 4225 1851 4293 librarius

223 4349 321 4433 igitur
342 4367 472 4414 carmen
493 4347 652 4431 integrum
676 4367 712 4412 se
734 4346 946 4431 descripsisse
968 4346 1102 4432 putavit,
1130 4366 1225 4429 quem
1247 4346 1282 4411 in
1304 4364 1442 4412 errorem
1464 4345 1582 4413 adduci
1603 4367 1667 4413 non
1681 4346 1847 4432 potuisset,

224 4470 250 4534 si
273 4469 454 4535 Parisinum
484 4468 537 4534 vel
559 4467 664 4535 obiter
683 4467 891 4552 inspexisset.
937 4467 1024 4552 quod
1046 4474 1153 4532 autem
1176 4466 1315 4533 maxime
1338 4487 1390 4533 me
1413 4467 1527 4546 movit,
1560 4473 1596 4532 ut
1617 4467 1698 4531 libro
1721 4468 1850 4534 saeculo

223 4591 332 4673 quinto
355 4588 480 4655 decimo
503 4587 621 4673 scripto
644 4588 740 4654 fidem
763 4588 944 4655 habendam
968 4607 1041 4654 csso
1062 4586 1176 4671 quovis
1198 4587 1333 4671 pignore
1355 4587 1558 4669 contendam,
1585 4587 1724 4653 nominis
1746 4587 1849 4672 ipsius

222 4711 302 4776 ratio
325 4717 384 4791 est,
411 4709 498 4791 quod
519 4729 560 4773 ne
582 4730 603 4773 a
625 4709 753 4775 homine
776 4709 905 4791 quidem
928 4708 1113 4774 doctissimo
1134 4708 1225 4775 illius
1247 4707 1398 4794 temporis
1421 4708 1598 4791 excogitari
1620 4707 1735 4792 potuit.
1774 4729 1850 4774 nam
1925 4710 1927 4713 ’

224 4829 397 4897 Censorius
419 4830 558 4912 Magnus
580 4828 741 4895 Ausonius
763 4830 895 4895 nomina
917 4828 980 4895 duo
1002 4828 1128 4913 accepit
1148 4830 1190 4894 ab
1213 4849 1275 4894 avo
1297 4834 1441 4894 materno
1463 4828 1581 4912 Magno
1604 4827 1757 4910 Ausonio,
1785 4835 1852 4895 ter-

223 4951 302 5016 tium
325 4971 346 5014 a
368 4958 499 5035 paterno
522 4950 673 5029 Censore,
700 4947 811 5014 eodem
834 4948 929 5015 modo
951 4969 1014 5032 quo
1036 4948 1205 5014 Memmius
1227 4948 1441 5032 Symmachus
1463 4949 1505 5013 ab
1528 4948 1599 5014 avis
1621 4947 1771 5016 Memmio
1792 4948 1850 5014 Vi-

224 5071 321 5136 trasio
344 5069 443 5138 Orfito
466 5078 499 5137 et
521 5069 716 5154 Symmacho
738 5076 940 5154 nuncupatus
963 5075 1026 5149 est,
1054 5075 1087 5135 et
1108 5068 1340 5135 derivationum
1363 5088 1491 5153 quoque
1514 5069 1683 5153 eiusmodi,
1709 5075 1744 5135 ut
1765 5068 1850 5134 (len-

224 5192 326 5257 sorius
355 5192 555 5272 aOensore,
589 5192 740 5276 exempla
769 5189 934 5255 simillima
962 5188 1064 5255 habes
1093 5188 1127 5255 in
1149 5189 1288 5255 Probino
1317 5189 1384 5254 filio
1406 5190 1518 5271 Probi,
1553 5191 1762 5257 Constantino
1784 5188 1851 5255 tilio

309 5470 368 5531 3⁴3)
390 5471 418 5520 C.
440 5471 461 5521 Ι.
482 5471 511 5520 I..
532 5468 680 5520 v1115423
701 5505 799 5519 .....
813 5471 880 5517 mtur
898 5469 1030 5529 Hesperiae
1047 5469 1149 5531 quidam
1169 5470 1321 5529 nominatur,
1342 5468 1387 5516 sed
1404 5469 1446 5516 hlc
1463 5470 1577 5528 tortasse,
1598 5482 1654 5516 curn
1673 5469 1804 5528 lusorlptlo
1821 5469 1849 5516 ln

224 5557 351 5620 provincia
374 5558 542 5620 proconsulari
565 5557 671 5605 inventa
689 5558 739 5621 stt,
763 5556 794 5604 ab
811 5555 919 5604 Ausonll
937 5555 996 5616 nuo,
1016 5556 1062 5617 qul
1080 5555 1212 5617 proconsul
1230 5555 1330 5603 Africae
1348 5555 1415 5617 fult,
1438 5555 1554 5603 diversus
1572 5568 1621 5602 non
1639 5558 1687 5603 est.
1724 5555 1746 5601 ts
1765 5560 1849 5602 autern

224 5644 376 5707 Hesperius,
402 5645 433 5692 ds
456 5658 504 5706 quo
528 5646 656 5693 decretura
677 5642 833 5706 proconsulis
851 5643 961 5692 Achaiae
978 5640 1005 5692 G.
1027 5642 1048 5690 1.
1070 5642 1099 5691 L.
1120 5643 1159 5690 Ill
1179 5640 1229 5691 568
1247 5643 1371 5704 loquitur,
1398 5642 1471 5689 taclle
1490 5640 1610 5703 praelecti
1628 5640 1696 5689 nllus
1713 5641 1754 5688 vel
1772 5653 1851 5703 ιιοροι

221 5732 301 5779 luisse
319 5735 410 5793 potest.
447 5732 558 5789 tertium,
579 5731 623 5793 qui
641 5730 687 5779 hoc
705 5730 807 5777 nomine
826 5734 921 5790 utatur,
942 5742 1065 5790 nusquam
1084 5728 1191 5790 reperto.

308 5815 367 5877 344)
388 5816 452 5864 xm
469 5814 711 5878 inoperimus
729 5816 800 5861 tertio
819 5816 956 5875 menta.

1599 5909 1642 5966 k·
