4744 6476
798 507 849 561 lll.
870 503 1068 560 tnvnhulo
1089 505 1125 559 ΙΝ
1145 502 1381 560 GRATIANVM.
1845 510 1903 571 331

366 694 497 776 Siquis
520 694 597 759 mihi
622 694 741 759 Zeuxis
764 692 983 777 discolloribus
1005 694 1086 759 ceris
1113 694 1194 760 haec
1217 693 1345 760 comitia
1368 695 1546 778 spectanda
1576 694 1753 777 digereret,
1789 695 1816 761 si
1840 642 1995 778 (luisA5mb“
2010 653 2032 693 a.
2046 643 2084 683 ras

281 798 436 882 Apelleus
466 798 606 863 imitator
634 797 716 863 illud
746 798 887 863 caeleste
916 797 1070 863 iudicium
1101 798 1268 864 verisimili
1297 798 1423 863 adflatu
1452 798 1532 863 artis
1561 798 1736 880 animaret,
1770 798 1913 864 viserent

279 901 397 985 posteri
421 901 476 965 vix
498 900 659 967 credenda
686 900 851 966 miracula.
899 900 974 966 hinc
995 901 1195 984 Augustum,
1229 901 1304 967 inde
1326 902 1480 985 legiones
1509 908 1542 967 et
1568 902 1653 968 inter
1682 903 1741 968 hos
1771 901 1909 968 medium

279 1004 369 1087 regni
399 1005 586 1089 inpuberem
616 1004 839 1081 candidatum
874 1024 993 1089 anceps
1025 1004 1080 1070 diu
1112 1005 1271 1087 utrimque
1294 1012 1455 1071 certamen
1479 1012 1512 1070 et
1533 1005 1655 1071 cunctis
1678 1005 1779 1071 alacri
1800 1000 1929 1083 favore!

246 1107 507 1193 eplaudeniibus
536 1114 660 1193 patrem
684 1127 755 1173 sero
779 1107 956 1173 cedentem.
988 1107 998 1193 ss
1028 1122 1134 1170 turmas
1153 1117 1305 1185 supplices,
1326 1132 1430 1171 cuneos
1447 1117 1603 1172 ambientes
1632 1108 1642 1195 ll
1670 1108 1770 1192 digna
1799 1109 1911 1173 tabula

279 1210 427 1289 sacculis,
453 1208 464 1293 ΙΙ
486 1219 571 1286 digna
588 1220 701 1286 pictura
718 1217 893 1287 temporibus
915 1209 925 1294 ll
947 1210 1063 1293 quibus
1086 1209 1191 1293 magis
1213 1210 1310 1276 utilas
1332 1210 1478 1276 videmus
1502 1211 1579 1295 eligi
1601 1232 1698 1295 quam
1721 1211 1883 1276 volentes!

364 1313 481 1378 Decuit
503 1313 596 1378 annis
618 1311 804 1379 florentibus
827 1312 970 1377 omnium
994 1313 1103 1379 lavere
1125 1313 1261 1379 iudicia:
1292 1314 1409 1379 nrelius
1431 1334 1689 1398 unumquemque
1711 1313 1808 1380 officii
1832 1333 1909 1380 usus
1933 1318 1952 1377 6

279 1423 417 1481 exercet.
465 1416 513 1481 sic
541 1416 698 1481 Antiocho
730 1423 806 1480 ante
836 1416 932 1481 robur
962 1416 1079 1482 aetatis
1110 1416 1206 1501 Syria
1236 1423 1348 1502 sponte
1379 1417 1554 1497 subiacuit,
1593 1418 1760 1484 Pellaeum
1794 1418 1909 1483 ducem

278 1539 417 1603 praecox
441 1517 568 1585 fortuna
590 1518 728 1601 delegit,
762 1519 948 1585 Ptolomaeo
969 1519 1053 1586 inter
1074 1519 1178 1604 prima
1200 1521 1381 1586 rudimenta
1410 1521 1561 1587 lactantis
1589 1521 1745 1587 infantiae
1774 1542 1908 1605 regnum

229 1641 258 1682 ru
278 1623 380 1687 Roma
402 1622 573 1707 reparavit.
621 1628 654 1688 et
675 1622 859 1688 mehercule
881 1622 1027 1689 tenacius
1050 1623 1133 1708 rapit
1155 1624 1271 1708 inperii
1297 1624 1489 1710 disciplinas
1511 1624 1691 1690 teneritudo
1719 1625 1904 1709 primaeva3

277 1725 388 1805 virtus,
417 1745 488 1790 cum
512 1725 573 1790 cito
596 1724 737 1807 inchoat,
764 1724 886 1791 mutim
908 1733 1105 1810 perseverat.
1153 1748 1269 1812 nempe
1292 1727 1471 1793 virentibus
1486 1727 1584 1793 ramis
1599 1727 1716 1793 artifex
1732 1727 1908 1793 rusticandi

277 1829 417 1894 alienum
450 1849 582 1911 germen
610 1828 761 1908 includit,
796 1836 831 1893 ut
853 1829 983 1894 novella
1005 1830 1232 1914 praesegmina
1254 1831 1390 1913 coagulo
1413 1830 1486 1896 libri
1508 1830 1696 1910 tubidiovis
1718 1831 1905 1897 inolescant.

276 1931 372 1997 audio
394 1932 428 1997 in
451 1930 642 1997 edomandis
664 1931 757 2013 equis
783 1931 893 2011 aevi,
928 1941 963 1998 ut
991 1932 1037 1997 ait
1061 1983 1185 1997 .....
1198 1985 1205 2016 ,
1237 1933 1395 1999 inscios
1425 1934 1532 2018 aptius
1562 1935 1687 2000 essedis
1718 1934 1802 2001 colla
1830 1935 1908 1999 sub-

275 2036 412 2121 iunlpcrc
415 2084 1905 2103 ....................................................

228 2278 258 2319 rs
900 2265 1017 2324 Desunt
1035 2263 1114 2342 solio
1137 2264 1280 2345 quinque.

1987 2411 1992 2421 .
2023 2411 2028 2421 .
2077 2388 2082 2418 l

365 2481 517 2497 ......
544 2429 701 2515 lytranncs
723 2431 833 2496 vinces
855 2430 981 2496 officiis.
1030 2439 1175 2498 servetur
1195 2432 1254 2498 tibi
1276 2433 1408 2517 aliquod
1430 2453 1511 2518 opus
1533 2434 1660 2498 virtutis
1682 2434 1715 2498 in
1731 2441 1902 2518 posterum,
1919 2380 1985 2494 Almbr
2006 2393 2020 2431 p
2043 2381 2076 2423 Ἠ

279 2537 330 2601 cni
353 2534 434 2600 nihil
457 2534 521 2598 ianr
545 2534 697 2599 remansit
718 2534 875 2618 ignotum.
921 2554 1003 2616 quas
1025 2534 1128 2600 habes
1150 2535 1269 2601 laboris
1291 2535 1456 2601 indutias?
1478 2537 1618 2621 tropaeis
1637 2543 1670 2602 et
1684 2537 1799 2602 litteris
1813 2556 1908 2603 occu-

279 2645 375 2724 patus
398 2637 501 2703 otiosa
523 2657 595 2702 cum
626 2636 750 2702 bellicis
780 2637 912 2719 negotia
941 2636 1110 2703 miscuisti.
1158 2658 1297 2722 agnosco
1327 2639 1361 2703 in
1388 2646 1419 2704 te
1449 2658 1512 2706 non
1541 2640 1732 2705 adumbrata
1760 2639 1908 2723 vestigiis

278 2740 335 2807 sed
358 2759 513 2826 expressa
534 2746 679 2804 veterum
702 2739 796 2822 signa
817 2740 987 2805 virtutum:
1013 2760 1129 2825 nempe
1146 2741 1295 2806 Fulvium
1319 2742 1460 2808 nobilem
1476 2750 1540 2809 tarn
1557 2743 1653 2809 laude
1668 2764 1764 2825 quam
1779 2744 1907 2810 nominc

225 2861 255 2903 ro
275 2844 357 2909 inter
378 2843 506 2926 aquilas
529 2849 706 2926 cantusque
728 2843 877 2909 lituomm
901 2850 1091 2929 praeceptor
1112 2844 1229 2925 Accius
1253 2845 1483 2928 frequentavit3
1510 2846 1696 2913 Africanum
1716 2847 1807 2913 illum
1822 2853 1908 2912 terra

273 2947 418 3029 marique
447 2946 600 3011 victorem
632 2946 779 3011 lectionis
808 2946 970 3032 particeps
1001 2954 1033 3013 ct
1061 2947 1183 3013 laboris
1211 2949 1385 3014 Panaetius
1414 2970 1478 3015 non
1507 2950 1651 3034 reliqnit;
1689 2970 1760 3015 cum
1790 2970 1906 3033 magno

274 3051 459 3116 Alexandro
473 3040 678 3114 ¹mundanam
702 3069 805 3133 paene
828 3050 977 3115 militiam
997 3050 1262 3135 philosophorum
1286 3053 1455 3119 comitatus
1485 3053 1604 3136 exegit.
1651 3054 1715 3117 iarn
1747 3053 1907 3118 credimus

274 3154 444 3233 vetustati,
472 3173 544 3218 curn
566 3153 599 3217 in
624 3153 739 3219 iisdem
763 3153 909 3220 tentoriis
931 3155 995 3219 tuis
1017 3154 1182 3220 volumina
1205 3161 1237 3220 et
1259 3175 1349 3220 arma
1371 3163 1555 3221 tractentur.
1603 3176 1663 3221 nce
1685 3154 1793 3235 deest,
1821 3155 1907 3237 quod

273 3278 331 3342 pro
354 3256 540 3323 condicione
562 3276 668 3322 rerum
690 3262 932 3341 temporumque
956 3277 1168 3342 percenseas:
1201 3257 1334 3324 historia
1356 3258 1530 3353 oblectaris
1551 3259 1585 3324 in
1608 3256 1759 3343 proeliis,
1790 3257 1824 3321 in
1846 3257 1907 3323 ad-

223 3380 255 3420 m
274 3361 454 3426 hortatione
477 3361 641 3442 suasoriis,
669 3359 850 3435 actionibus
871 3360 906 3425 in
928 3361 1117 3444 conloquiis,
1143 3361 1338 3427 carminibus
1360 3362 1393 3426 in
1416 3361 1596 3446 triumphis.

361 3464 472 3529 Sentio
494 3484 545 3529 me
568 3463 612 3529 ad
633 3464 784 3550 exempla
805 3471 951 3530 veterum
973 3464 1163 3549 tempestive
1186 3484 1258 3530 esse
1281 3465 1459 3551 dilapsum
1485 3466 1557 3530 iure
1571 3465 1669 3549 igitur
1683 3485 1724 3530 ex
1739 3464 1905 3530 annalium
1929 3469 1947 3529 8

273 3566 427 3631 memoria
456 3568 588 3651 Pompei
618 3568 780 3652 usurpabo
809 3587 975 3652 responsa.
1023 3568 1052 3634 is
1082 3569 1222 3652 equestri
1252 3588 1350 3634 censu
1381 3589 1497 3652 equum
1527 3568 1568 3634 de
1598 3588 1686 3633 more
1718 3568 1901 3649 traducens,

274 3690 347 3735 cum
370 3668 451 3734 forte
472 3668 733 3753 interpellaretur
754 3690 834 3736 voce
857 3671 1010 3752 censoris,
1037 3671 1097 3736 sub
1119 3693 1183 3753 quo
1205 3672 1397 3757 imperatore
1420 3672 1607 3753 memisset‚
1638 3673 1705 3736 ‘me
1727 3670 1825 3755 ipro',
1852 3669 1904 3734 in-

271 3773 357 3856 quit,
397 3772 568 3856 ‘prinicipe
591 3771 752 3838 militavi’.
800 3774 874 3838 nolo
897 3775 1065 3858 explorare
1088 3775 1294 3841 iactationem
1318 3775 1409 3841 ducis
1431 3775 1511 3841 tanti
1534 3774 1670 3840 fortasse
1693 3773 1898 3852 mendacem
1916 3791 1990 3833 ambr·
2005 3804 2026 3842 r.
2041 3792 2079 3835 rm

222 3896 253 3936 ao
273 3875 403 3959 dignius
425 3882 534 3939 tamen
556 3874 617 3940 sibi
639 3875 734 3941 istam
758 3876 891 3960 gloriam
916 3877 1113 3958 vindicaret,
1146 3879 1201 3962 qui
1224 3879 1328 3964 coepit
1349 3900 1390 3945 ea
1411 3885 1518 3945 aetate
1541 3885 1664 3944 ceteros
1685 3897 1807 3961 regere,
1839 3897 1904 3960 qua

272 3978 413 4049 nondum
437 3986 546 4063 posset
568 3979 639 4064 ipse
662 3998 785 4063 parere.
833 4001 885 4045 me
908 3980 936 4045 si
958 3981 1032 4062 quis
1054 3981 1237 4065 interroget,
1265 3981 1395 4065 quando
1417 3982 1556 4065 inclytus
1572 3980 1747 4046 Gratianus
1769 3979 1903 4045 dilectui

272 4101 388 4147 nomen
411 4082 571 4163 obtulerit,
600 4081 800 4167 respondebo
824 4083 942 4148 libere:
972 4084 1119 4167 ‘quando
1142 4084 1344 4169 imperatoris
1367 4085 1518 4169 accepit’.

358 4186 394 4251 Si
416 4186 495 4251 mihi
517 4206 601 4251 nunc
623 4186 720 4251 altius
743 4186 877 4270 evagari
899 4187 1025 4271 poetico
1048 4188 1160 4253 liceret
1182 4187 1318 4271 eloquio,
1345 4195 1444 4254 totum
1465 4189 1506 4253 de
1521 4208 1603 4253 novo
1619 4189 1747 4253 saeculo
1763 4186 1903 4279 Maronis
1925 4194 1944 4253 9

272 4309 441 4355 excursum
464 4289 531 4354 vati
554 4288 669 4354 similis
690 4288 724 4353 in
747 4295 834 4354 tuum
857 4310 973 4354 nomen
1002 4291 1216 4369 excriberem3
1249 4290 1389 4357 dicerem
1419 4292 1508 4358 caelo
1537 4290 1660 4356 redisse
1683 4291 1839 4357 Iustitiam
1870 4297 1902 4355 et

222 4412 253 4452 aa
271 4394 355 4458 ultro
378 4394 494 4458 uberes
517 4392 602 4458 letus
624 4392 689 4457 ianr
712 4391 880 4475 gravidam
903 4393 1064 4477 spondere
1086 4400 1249 4472 naturam;
1283 4415 1368 4460 nunc
1397 4395 1475 4460 mihi
1504 4394 1538 4458 in
1567 4394 1750 4477 patentibus
1779 4393 1902 4478 campis

272 4503 388 4580 sponte
411 4515 505 4579 seges
528 4502 654 4560 matura
675 4493 874 4575 flavesceret,
901 4496 935 4560 in
959 4496 1103 4562 sentibus
1126 4517 1191 4563 uva
1213 4505 1364 4581 turgeret,
1392 4496 1433 4563 de
1456 4497 1587 4581 quernis
1609 4496 1775 4561 frondibus
1791 4516 1901 4560 roran-

271 4598 317 4664 tia
339 4600 438 4665 mella
460 4598 624 4664 sudarent.
671 4598 743 4682 quis
767 4599 847 4665 haec
869 4600 928 4665 sub
951 4606 983 4665 tc
1005 4607 1140 4685 negaret
1162 4619 1234 4667 esse
1256 4600 1427 4683 credenda,
1454 4600 1546 4666 cuius
1568 4598 1691 4665 indoles
1712 4600 1813 4665 multa
1834 4600 1899 4664 iarn

361 4774 386 4822 tl
408 4771 494 4839 Verg.
510 4769 613 4838 Georg.
628 4770 704 4825 1175
722 4778 860 4840 angustus
879 4773 908 4826 in
927 4773 989 4842 ipso
1008 4773 1041 4827 ht
1058 4774 1134 4828 nodo
1152 4774 1244 4839 sinus,
1266 4773 1319 4828 huc
1338 4774 1431 4828 aliena
1449 4789 1483 4828 ex
1502 4773 1603 4828 arbore
1620 4787 1735 4840 germen
1753 4773 1900 4829 includunt

271 4858 384 4927 udoque
402 4857 505 4912 docent
523 4857 680 4911 inolescere
699 4858 782 4912 libro.
892 4860 923 4909 13
942 4859 1027 4927 Verg.
1049 4858 1152 4928 Georg.
1173 4858 1216 4913 Ill
1239 4862 1295 4914 189.
1316 4861 1375 4914 204.
1481 4862 1514 4911 33
1533 4859 1620 4927 Verg.
1641 4858 1701 4912 Eel.
1722 4861 1747 4912 t.

360 5113 633 5184 laeuxlsdlacolloribv
725 5115 864 5185 inductu]
877 5133 928 5179 cqc,
948 5119 1049 5168 adfectu
1137 5118 1836 5180 5turmas-ambientesoutcdsncepsturcrcudum
1847 5124 1900 5168 crat

270 5201 411 5272 auhllcntsa
515 5205 591 5265 dlgua
609 5205 694 5252 tabula
711 5205 818 5253 saeculis
837 5208 864 5255 tn
882 5206 962 5254 auaro
980 5204 1086 5255 cautum
1103 5208 1224 5267 rmiptnm
1242 5212 1309 5268 crat,
1330 5208 1406 5268 digna
1422 5208 1522 5269 pictura
1539 5208 1693 5269 temporibus
1712 5208 1740 5255 tu
1757 5208 1836 5254 ultera

357 5292 475 5341 lfauore
495 5295 507 5339 1
526 5307 560 5340 m.
698 5291 828 5343 derencit
845 5306 906 5342 corr.
928 5295 955 5340 tu
973 5297 1073 5341 exercet
1093 5296 1105 5339 1
1124 5309 1157 5343 m.
1283 5295 1353 5343 robor
1372 5299 1383 5342 l
1404 5309 1438 5343 m.
1562 5298 1667 5356 apcutaa
1788 5293 1897 5355 pelleum

269 5378 285 5427 9
303 5380 434 5440 ptolemaeo
454 5383 514 5427 lm.
624 5377 654 5425 12
672 5375 712 5444 ut]
731 5379 747 5425 2
764 5394 809 5439 m.‚
830 5383 886 5427 etl
907 5396 942 5428 m.
1048 5379 1175 5431 ubidiouls
1192 5379 1275 5444 rader,
1297 5381 1419 5429 uuldtorta
1438 5380 1572 5442 Ktcsrltap,
1593 5380 1665 5428 nuldl
1684 5381 1755 5429 ocius
1773 5380 1897 5429 Baehrens

272 5463 302 5512 13
320 5458 649 5532 cqulaacluiuqtaltinaclus‚
668 5467 771 5526 supple:
792 5471 822 5513 ut
839 5466 874 5513 ult
892 5471 963 5513 uates
982 5467 1021 5513 ccl
1039 5468 1119 5514 simile
1136 5466 1198 5528 qnid

358 5550 389 5601 16
408 5558 511 5612 mutuos
616 5550 646 5599 ll
666 5552 760 5613 tropais
866 5551 897 5600 19
915 5553 1000 5600 nauita
1018 5566 1082 5601 corr.
1104 5554 1130 5600 tu
1148 5565 1239 5614 nempe
1259 5556 1271 5599 1
1290 5568 1324 5602 m.
1432 5552 1463 5601 21
1483 5553 1592 5614 reliquid
1697 5551 1729 5600 22
1748 5554 1896 5601 hloaclorum

269 5634 302 5685 23
321 5636 493 5686 Oumiuisdam
510 5651 601 5686 nouum
619 5643 695 5698 caput
713 5640 799 5700 luctptt
817 5638 941 5687 isendica
1046 5637 1079 5686 24
1097 5640 1234 5688 oblactatos
1339 5638 1495 5689 adortatione
1514 5640 1530 5686 2
1546 5654 1594 5701 rm,
1613 5638 1757 5688 adoratione
1776 5644 1788 5687 1
1809 5656 1843 5690 m.

355 5723 387 5772 27
406 5720 558 5790 mclmorlarp
663 5723 696 5774 28
713 5726 804 5787 inquid
909 5725 942 5774 30
960 5732 1060 5787 regerat

355 5808 387 5858 33
407 5824 518 5859 marones
538 5815 550 5858 l
569 5827 603 5860 m.
710 5811 953 5873 surrrecturus„
973 5813 1072 5860 indutus
1092 5816 1104 5860 1
1123 5828 1158 5863 m.

1635 5913 1692 5964 42*
