4736 6478
489 466 549 530 130
1085 468 1281 525 srunnom
1299 452 1528 525 enervens

365 656 467 720 PVF
483 657 608 722 muneri
631 658 856 743 praeparanda
873 658 1063 743 perscripsi,
1089 659 1215 745 etipse
1238 660 1331 725 salva
1351 658 1522 725 iudiciaria
1544 658 1780 725 existimatione
1803 679 1912 724 euram
1936 660 2015 725 mibi
2036 661 2111 726 reli-

486 760 580 842 giosi,
607 767 641 825 nt
657 762 751 844 soles,
780 762 888 827 fratris
911 762 1077 845 exhibeas,
1103 771 1136 828 et
1149 763 1295 830 homines
1310 769 1435 828 nostros
1451 761 1663 847 conparandis
1678 763 1882 848 quibusdam,
1909 785 1993 847 quae
2008 765 2111 850 poscit

485 862 594 974 editio,
620 865 739 930 iustum
762 865 947 951 inpendium
971 858 1153 933 ministrare
1174 867 1366 953 praecipias.

1021 1213 1028 1227 ‚
1052 1142 1149 1208 xxm
1169 1143 1268 1227 (qu
1307 1163 1339 1207 a.
1358 1144 1539 1207 sos-sss.

1122 1281 1181 1344 nu
1203 1279 1472 1345 minuimus.

570 1452 793 1529 Quaestosium
816 1452 942 1537 parvuli
970 1452 1070 1518 nostri
1092 1471 1208 1517 munus
1237 1451 1444 1533 adcelerans,
1482 1453 1642 1517 communi
1673 1457 1768 1516 amico
1791 1453 1920 1517 Aurelio
1950 1453 2109 1536 quaedam

484 1555 688 1639 conparanda
709 1564 765 1620 aut
786 1555 986 1638 providenda
1008 1556 1169 1621 mandavi.
1218 1555 1276 1621 sed
1298 1556 1375 1638 quia
1404 1555 1542 1638 negotiis
1571 1556 1707 1640 publicis
1730 1565 1763 1621 et
1785 1555 1876 1620 varia
1897 1556 2109 1621 iniunctorum

483 1658 689 1742 occupatione
705 1658 914 1742 distringitur,
940 1659 1115 1725 Eusebium
1136 1659 1328 1724 familiarem
1350 1660 1442 1725 nobis
1466 1659 1632 1743 speciatim
1655 1660 1698 1724 ad
1720 1667 1752 1725 te
1774 1660 1858 1740 misi,
1886 1660 1977 1725 cuins
1999 1660 2111 1726 admo-

483 1761 602 1825 nitione
625 1782 702 1827 cura
723 1769 779 1827 tua
801 1763 833 1826 in
856 1764 1006 1828 effectum
1029 1763 1169 1828 omnium
1192 1771 1389 1848 provocetur.
1431 1769 1463 1826 et
1483 1761 1560 1843 quia
1582 1762 1714 1845 longum
1734 1763 1836 1828 visum
1861 1771 1911 1827 est
1931 1763 2109 1829 litterarum

483 1864 565 1929 serie
588 1865 716 1947 agenda
739 1866 912 1950 conplecti,
947 1887 1010 1930 non
1040 1866 1186 1949 graveris
1209 1866 1446 1930 commonitorio
1476 1865 1609 1930 strictim
1633 1867 1761 1949 signata
1781 1886 1976 1951 percurrere.
2025 1867 2111 1949 qnod
2132 1886 2160 1926 ro

483 1967 564 2032 satis
587 1988 660 2033 esse
683 1968 818 2034 arbitror
840 1969 883 2034 ad
905 1969 1145 2034 incitamentum
1168 1968 1357 2052 diligentiae
1379 1975 1473 2043 tuae3
1512 1988 1617 2051 neque
1647 1970 1733 2033 enim
1764 1989 1875 2054 preces
1902 1977 2025 2054 oportet
2050 1971 2111 2035 ad-

482 2069 594 2151 biberi,
623 2091 693 2135 cum
717 2072 787 2136 sola
809 2072 904 2136 amici
926 2072 1075 2138 voluntas
1098 2072 1239 2138 studium
1262 2079 1352 2137 tuum
1376 2071 1493 2137 debeat
1515 2070 1660 2137 incitare.

1158 2348 1272 2413 xxm
1299 2349 1430 2433 (xxii).

1118 2484 1178 2550 lu
1201 2485 1470 2551 monimum.

566 2656 773 2722 Anastasium
795 2666 937 2723 nostrum
952 2656 1097 2740 dignaris
1119 2676 1405 2740 agnosceremam
1429 2656 1514 2722 domi
1538 2675 1636 2741 saepe
1659 2657 1778 2723 vidisti.
1819 2658 1901 2724 baec
1921 2658 1971 2723 illi
1994 2660 2108 2725 notitia
2130 2680 2160 2719 ιι

481 2759 570 2844 apud
597 2767 629 2825 te
651 2760 748 2826 debet
769 2780 841 2826 esse
865 2761 1036 2842 suffragio,
1069 2760 1195 2826 etiamsi
1224 2760 1322 2825 nullis
1352 2759 1515 2824 iuraretur
1542 2759 1702 2841 alloquiis.
1752 2781 1837 2826 nuno
1866 2760 2014 2827 dubitare
2045 2784 2108 2828 non

481 2884 623 2948 possum,
650 2864 892 2953 cumulatiorem
915 2865 1001 2929 eirea
1016 2884 1087 2929 eum
1113 2864 1179 2929 fore
1202 2872 1310 2928 curam
1333 2861 1390 2945 tui,
1417 2883 1487 2927 cunr
1504 2882 1577 2928 eum
1601 2870 1633 2928 et
1654 2869 1782 2928 vetusta
1797 2864 1936 2947 cognitio
1960 2872 1993 2931 et
2014 2887 2108 2950 prae-

482 2987 556 3032 sens
580 2987 683 3033 sermo
706 2967 916 3033 commendet.

1142 3241 1272 3305 XXIIII
1292 3239 1439 3322 (XXIII).

1112 3379 1171 3442 AD
1199 3377 1467 3442 MAGNILLVM.
2128 3401 2158 3442 ro

566 3552 748 3617 Familiaris
770 3553 900 3618 emersit
921 3552 1058 3634 occasio,
1083 3571 1167 3634 quae
1189 3550 1248 3616 tibi
1270 3550 1385 3615 salutis
1406 3568 1500 3615 meae
1522 3549 1706 3634 adportaret
1726 3549 1855 3615 indicia.
1898 3554 2106 3635 nequeenim

480 3655 627 3721 dubitare
649 3676 790 3741 possum,
814 3656 874 3723 tibi
895 3656 1020 3722 litteras
1042 3675 1131 3720 meas
1154 3674 1227 3719 esse
1250 3652 1443 3733 reddendas,
1472 3672 1555 3735 quas
1578 3653 1727 3717 Silvanus
1749 3653 1793 3717 ad
1814 3654 1913 3720 animi
1936 3657 2035 3722 nostri
2057 3657 2108 3722 di-

479 3759 648 3842 ligentiam
669 3760 833 3844 pertinens
856 3759 1031 3825 exhibebit.
1073 3758 1124 3823 cui
1146 3758 1227 3823 baec
1248 3756 1321 3841 ipsa
1336 3756 1456 3841 recepti
1478 3755 1577 3820 officii
1599 3756 1832 3821 commendatio
1847 3757 1935 3843 apud
1956 3765 1988 3823 te
2011 3758 2109 3825 debet

480 3883 552 3929 esse
575 3863 738 3946 suffragio.
785 3871 927 3929 ceterum
950 3869 984 3927 nt
1006 3860 1218 3947 respondeas,
1252 3880 1314 3924 non
1337 3860 1464 3939 laboro,
1500 3878 1570 3924 cum
1595 3859 1673 3924 mibi
1697 3859 1950 3927 vicissitudinem
1973 3863 2109 3946 scripto-

481 3987 550 4032 rum
571 3974 696 4032 tuorum
718 3975 830 4033 mutua
851 3967 1039 4052 polimeatur
1065 3963 1216 4030 adfectio.
2127 3990 2157 4031 rs

1149 4240 1242 4305 xxv
1270 4239 1434 4323 (nrum.

354 4385 468 4447 pror
1117 4377 1176 4440 ιι)
1199 4377 1467 4442 ιιιιιιιιιιιιι.

566 4554 688 4619 Parens
710 4572 790 4617 sana
812 4558 861 4616 est
883 4550 979 4616 etad
1001 4550 1189 4634 patientiam
1219 4549 1337 4615 doloris
1359 4548 1538 4616 adducitur.
1586 4569 1685 4631 qnare
1714 4549 1797 4615 banc
1828 4557 1950 4634 partem
1981 4548 2108 4634 depone

481 4666 626 4723 curarum
655 4662 857 4739 mentemque
886 4655 929 4720 ad
958 4653 1093 4719 meliora
1122 4672 1275 4737 conpone.
1323 4659 1409 4719 certe
1439 4652 1466 4716 si
1495 4652 1552 4715 tibi
1582 4651 1707 4733 aliquid
1736 4652 1778 4716 ab
1808 4672 1843 4717 re
1871 4659 1928 4718 tua
1957 4653 2013 4718 otii
2043 4660 2103 4736 est,

481 4759 598 4825 nostris
621 4760 758 4843 negotiis
780 4758 982 4840 diligentiam
997 4757 1131 4841 dignare
1154 4764 1329 4841 praestare,
1356 4762 1392 4820 ut
1413 4775 1530 4840 operae
1553 4753 1596 4819 sit
1618 4755 1766 4839 pretium,
1793 4756 1878 4839 quod
1900 4755 1933 4820 in
1957 4764 2157 4824 exactorem

350 4867 459 4932 XXVI
481 4862 636 4929 mittendo
658 4862 772 4927 litteris
801 4861 866 4927 tuis
895 4868 927 4927 et
949 4861 1077 4927 monitis
1101 4859 1254 4925 satisfeci.
1302 4859 1405 4923 multa
1427 4857 1565 4939 Oceano,
1599 4864 1633 4922 ut
1655 4857 1849 4940 recordaris,
1882 4864 1914 4923 et
1936 4858 2053 4924 litteris
2075 4867 2108 4926 et

568 5176 701 5225 lmnnsrs
717 5176 740 5223 F
840 5169 986 5239 perscripsi]
1003 5187 1055 5233 eqo,
1074 5174 1191 5234 rescripsi
1209 5173 1278 5219 Pl'l'
1379 5177 1408 5219 nt
1426 5171 1480 5234 ipse
1502 5168 1545 5231 (Γ)
1654 5168 1717 5217 2ut
1735 5171 1794 5217 solis
1814 5169 1909 5221 le.
1930 5172 1958 5233 V,
1979 5188 2028 5221 om.
2044 5175 2066 5220 F

566 5265 582 5313 5
599 5280 648 5313 om.
668 5262 717 5311 VM
818 5262 833 5310 u
852 5263 929 5311 amico
941 5255 1058 5326 Aurelio]
1076 5261 1184 5321 furetur,
1205 5260 1298 5307 aurelio
1310 5260 1387 5306 amico
1402 5256 1477 5304 PVM
1578 5255 1594 5305 8
1612 5255 1778 5316 destringitur
1792 5255 1844 5317 PV,
1865 5258 2031 5319 distinguitur
2045 5259 2073 5306 Μ

481 5347 622 5415 eusebium]
641 5351 717 5397 etism
739 5349 761 5395 V
873 5348 889 5397 9
907 5363 966 5396 curs
983 5351 1027 5395 tna
1044 5346 1071 5394 in
1090 5349 1117 5394 in
1133 5361 1185 5395 ros.
1207 5344 1229 5392 P
1349 5344 1380 5393 iil
1397 5344 1507 5404 grauatis
1531 5342 1551 5389 l'
1666 5344 1879 5392 commonitorlnm
1898 5346 2004 5394 strictim
2022 5349 2107 5407 signs-

481 5444 535 5487 tum
557 5436 600 5501 (Γ)
709 5433 740 5483 12
757 5437 858 5483 incitam
878 5434 900 5481 P

569 5522 599 5571 14
617 5536 666 5570 om.
688 5521 730 5568 VF
831 5520 862 5569 15
879 5521 944 5583 sputi
963 5524 988 5567 tc
1006 5520 1137 5567 notitisF
1241 5518 1271 5566 17
1289 5520 1373 5581 citren
1391 5517 1485 5565 le.

567 5607 600 5657 20
618 5621 666 5655 orn.
685 5606 727 5654 Vs
817 5605 845 5655 21
868 5608 962 5655 occasio
976 5607 1007 5667 (si
1020 5605 1157 5666 tuscalP
1247 5604 1280 5653 23
1300 5602 1447 5668 exibebitV
1541 5600 1574 5650 24
1592 5602 1743 5663 scriptorum
1756 5607 1857 5651 tuorum
1869 5603 2071 5652 uicissitudinem
2087 5608 2109 5653 F

566 5695 598 5745 27
616 5708 665 5742 om·
687 5692 735 5741 VM
870 5691 903 5741 28
922 5707 981 5741 sans
998 5698 1038 5741 est
1056 5689 1092 5757 et]
1113 5690 1194 5751 ΡΓΦ,
1225 5706 1285 5738 sano
1304 5697 1353 5738 stet
1378 5688 1424 5737 VM
1562 5686 1594 5735 29
1613 5701 1723 5749 conpone
1745 5687 1838 5737 le.
1979 5691 2000 5737 si
2019 5694 2109 5741 conv

481 5788 513 5835 30
532 5785 691 5849 opperiretur
709 5780 821 5843 precium
845 5781 864 5825 V
