4746 6472
514 467 555 530 56
780 472 784 477 ’
1115 469 1312 527 SYMMAOHI
1329 470 1541 529 EPISTVLAE

434 654 498 715 PF
514 653 617 719 virum
633 656 763 723 Siciliae
785 658 926 724 fascibus
947 658 1090 725 functum
1113 663 1173 728 sub
1196 642 1374 727 custodiam
1397 662 1513 727 adesse
1535 661 1670 727 iussisti.
1710 661 1795 726 hunc
1817 660 1876 726 tibi
1898 668 1931 726 et
1953 679 2032 726 suae
2053 660 2141 728 vitae

512 757 681 841 integritas
704 768 737 826 et
757 761 870 827 merita
891 762 1034 828 fraterna
1056 764 1292 830 commendant.
1333 762 1456 829 accedit
1476 763 1525 829 illi
1548 763 1591 829 ad
1613 762 1870 848 praerogativam
1894 763 2034 847 precatio
2048 784 2135 845 mea3

511 859 566 942 qui
589 863 650 927 etsi
672 882 782 948 spero,
815 864 965 949 probitati
988 867 1058 931 eius
1080 887 1309 951 responsuram
1331 867 1575 933 beneficentiam
1597 873 1704 949 tuam,
1730 866 1845 932 sedulo
1866 872 1975 932 tamen
1996 868 2136 952 postulo,

512 971 546 1028 ut
567 965 770 1032 sanctissimo
792 967 902 1034 iuveni
923 969 956 1033 in
978 969 1096 1036 bonum
1119 976 1223 1037 vertet
1245 970 1449 1037 exhibitionis
1472 971 1609 1036 occasio.
1657 969 1742 1035 vale.

1108 1295 1271 1360 XXXXII
1300 1316 1332 1360 a.
1351 1298 1533 1360 sse-394.

974 1432 1235 1498 SYMMAOHVS
1257 1431 1474 1498 FLAVIANO
1496 1431 1664 1497 FRATRI.

594 1601 899 1668 commendaveram
921 1602 978 1668 tibi
1002 1603 1122 1668 dudum
1145 1603 1323 1670 Macedonii
1346 1602 1516 1669 clarissimi
1539 1604 1599 1669 viri
1621 1603 1733 1687 filium,
1759 1624 1830 1668 cum
1853 1602 1921 1668 iero
1942 1610 1997 1669 tuo
2019 1624 2134 1669 nomen

506 1702 661 1770 dedisset.
708 1706 803 1771 credo
832 1728 903 1772 eam
933 1728 1000 1771 rem
1032 1728 1090 1791 pro
1120 1707 1226 1772 studio
1256 1728 1328 1773 meo
1358 1707 1467 1773 iuveni
1496 1707 1733 1785 commodasse;
1767 1705 1825 1771 sed
1849 1705 1925 1790 quia
1947 1706 2134 1791 parentibus

506 1805 586 1871 nibil
610 1807 690 1872 satis
712 1816 816 1874 estet
838 1808 999 1875 efficacior
1021 1810 1213 1892 quibusdam
1236 1809 1363 1876 uidetur
1384 1809 1546 1894 petitionis
1568 1810 1712 1891 iteratio,
1738 1816 1871 1893 rogatus
1893 1808 1999 1874 denuo
2021 1816 2133 1895 postu·

506 1909 604 1974 latum
636 1917 762 1993 retexo,
794 1933 857 1977 non
887 1920 923 1977 ut
949 1933 1063 1977 rueram
1092 1912 1255 1978 causidico
1282 1913 1538 1978 benevolentiam
1562 1919 1723 1998 praestes,
1756 1911 1816 1977 sed
1838 1918 1873 1975 ut
1893 1910 1959 1976 iem
1981 1911 2131 1978 tributam
2154 1933 2184 1972 so

504 2010 648 2094 digneris
676 2034 808 2097 augere.
856 2035 927 2080 meo
957 2022 1066 2081 autem
1094 2015 1222 2082 nomine
1251 2036 1371 2100 quaeso
1400 2025 1449 2096 te,
1486 2036 1527 2081 ne
1560 2017 1607 2081 sic
1636 2015 1832 2082 desiderium
1861 2015 2031 2098 repetitum
2060 2035 2131 2081 esse

504 2115 654 2199 conicias,
680 2123 843 2201 tamquam
866 2140 917 2183 me
940 2119 1028 2203 prius
1051 2119 1241 2204 impetrasse
1264 2118 1424 2184 diffidam.
1471 2120 1555 2186 vale.

1095 2446 1275 2511 XXXXIII
1307 2466 1337 2511 a.
1357 2448 1540 2511 ete-394.

967 2583 1228 2649 SYMMACHVS
1250 2583 1469 2650 FLAVIANO
1492 2582 1659 2648 FRATRI.

587 2754 702 2819 Merita
724 2753 889 2836 Sexionis,
922 2755 976 2838 qui
999 2756 1138 2821 antehac
1159 2755 1343 2821 Calabriam
1366 2756 1470 2851 remit,
1504 2755 1596 2820 multi
1617 2755 1650 2819 in
1672 2755 1789 2820 bonam
1811 2760 1935 2838 partem
1958 2755 2130 2837 loquuntur·
2150 2776 2179 2815 rs

500 2877 603 2940 eaque
625 2864 769 2943 propter,
798 2866 833 2924 ut
855 2859 1009 2941 suffragio
1030 2867 1086 2924 tuo
1107 2881 1129 2923 a
1151 2879 1201 2925 me
1224 2842 1482 2941 committeretur,
1508 2865 1648 2924 orarunt.
1695 2864 1746 2923 est
1766 2856 1975 2922 humanitatis
1997 2862 2030 2922 et
2051 2878 2128 2923 con-

500 2960 680 3026 suetudinis
702 2969 777 3027 tnae
799 2961 874 3025 aliis
895 2981 1022 3043 quoque
1045 2963 1179 3046 placitos
1202 2983 1311 3027 amore
1334 2962 1471 3045 dignari.
1518 2983 1595 3045 ergo
1623 2961 1651 3026 si
1682 2961 1762 3026 nihil
1791 2968 1854 3041 est,
1888 2961 1974 3042 quod
1997 2962 2127 3026 resistat

498 3064 695 3146 precantium
719 3064 890 3140 voluntati,
917 3064 1026 3145 effice,
1052 3085 1107 3129 oro
1129 3072 1178 3139 te,
1210 3071 1243 3130 ut
1265 3065 1396 3130 Sexioni
1419 3064 1506 3150 apud
1529 3072 1560 3128 te
1583 3065 1705 3147 prosint
1727 3069 1759 3128 et
1781 3083 1854 3127 mea
1875 3063 1975 3128 verba
1996 3070 2029 3127 et
2051 3071 2126 3128 vota

499 3167 688 3237 multorum„
726 3167 810 3231 vale.

1078 3459 1272 3524 XXXXHII
1306 3479 1336 3525 a.
1356 3463 1537 3525 sos-365.

962 3597 1222 3662 SYMMACHVS
1243 3596 1461 3663 FLAVIANO
1483 3595 1652 3661 FRATRI.

579 3768 744 3832 Palatinos
771 3767 907 3834 iniuriae
937 3788 1025 3849 reos,
1058 3788 1137 3852 quos
1160 3768 1201 3833 de
1224 3768 1347 3833 Brittiis
1370 3768 1526 3834 celsitudo
1549 3775 1605 3833 tua
1626 3766 1793 3852 praecepit
1815 3765 1932 3847 exciri,
1964 3765 2057 3831 miles
2080 3765 2121 3832 de

493 3871 652 3953 praetorio
674 3870 792 3935 missus
815 3870 972 3937 exhibuit.
1018 3872 1077 3937 sed
1101 3892 1173 3937 eum
1196 3891 1286 3937 sacro
1309 3870 1466 3937 auditorio
1489 3870 1601 3936 eadem
1625 3890 1724 3935 causa
1746 3874 1946 3954 conpeteret,
1972 3868 2120 3934 dominus

493 3994 582 4039 meus
612 3994 730 4060 parens
759 3981 870 4040 noster
897 3974 1078 4060 praelectus
1108 3975 1177 4040 urbi
1207 3974 1396 4040 auctoritate
1424 3974 1505 4038 iuris
1535 3981 1568 4040 et
1596 3972 1716 4038 fiducia
1744 3973 1791 4038 tui
1813 3991 1970 4056 personas
1992 3971 2054 4037 sibi
2077 3972 2119 4038 ad

492 4076 654 4160 negotium
677 4076 863 4143 vindicavit.
911 4077 996 4160 quod
1019 4099 1056 4143 eo
1079 4078 1200 4160 scribo,
1235 4084 1270 4142 ut
1295 4077 1423 4143 noveris
1444 4076 1629 4162 apparatori
1652 4077 1768 4142 iustam
1792 4076 1926 4141 subesse
1949 4074 2115 4155 rationem,
2138 4095 2169 4136 aa

491 4180 546 4262 qui
568 4186 601 4244 et
622 4179 747 4262 parenti
769 4188 824 4244 tuo
846 4181 943 4245 cessit
965 4188 997 4245 et
1019 4181 1157 4263 legibus.
1511 4186 1534 4267 '3

1088 4504 1248 4571 XXXXV
1280 4525 1311 4570 a.
1330 4507 1513 4569 ssa-394.

956 4640 1215 4709 SYMMAOHVS
1237 4641 1455 4708 FLAVIANO
1477 4642 1645 4707 FRATRI.

575 4813 638 4891 Qui
660 4814 757 4879 deum
779 4811 935 4878 beneficio
957 4813 1120 4898 potiuntur
1141 4814 1274 4898 optatis,
1308 4813 1456 4880 venerari
1477 4814 1565 4898 ipsos
1587 4834 1693 4879 coram
1716 4814 1844 4880 datores
1865 4814 2019 4879 bonomm
2041 4835 2117 4898 gra-

488 4918 552 4983 tiae
585 4918 687 4983 instar
720 4916 921 4995 existimant3
959 4925 994 4981 ut
1022 4938 1105 4982 nunc
1133 4917 1231 4983 frater
1261 4936 1351 4983 meus
1380 4916 1541 4982 Paeonius
1571 4917 1708 4981 vadatus
1735 4917 1841 5001 opimo
1866 4917 2041 4982 testimonii
2069 4918 2115 4983 tui
2135 4940 2166 4981 so

488 5040 620 5085 munere
649 5018 741 5085 adire
770 5018 952 5104 properavit
981 5020 1066 5105 parti
1088 5020 1216 5085 honoris
1239 5026 1414 5086 auctorem.
1462 5019 1720 5089 commendarem
1742 5019 1800 5091 tibi
1822 5020 1975 5104 optimum
1999 5020 2112 5103 civem,

526 5365 528 5368 >
576 5332 759 5381 icustodisF
860 5329 983 5379 iscoldit
1000 5331 1046 5378 Pr
1147 5332 1380 5381 3bcnelleientism
1399 5333 1445 5381 PF

573 5418 656 5467 dom.
672 5418 695 5464 F
804 5417 820 5467 8
838 5415 1017 5484 commodasse]
1035 5418 1059 5466 P
1069 5420 1085 5466 2
1096 5434 1131 5467 m.
1148 5420 1174 5478 Ρ,
1194 5419 1378 5468 commendasse
1397 5420 1420 5466 P
1432 5424 1443 5467 1
1456 5435 1491 5468 m.
1607 5419 1623 5467 9
1641 5420 1762 5467 eldcstior
1780 5419 1824 5466 PF
1923 5421 2040 5483 uidsstur
2059 5418 2081 5465 P

487 5507 586 5554 iteratio
604 5507 631 5553 in
647 5520 697 5553 rus.
719 5505 742 5552 P
845 5504 877 5552 iil
896 5501 999 5571 nouem]
1017 5506 1133 5566 Lpprius.
1154 5507 1243 5553 bonam
1263 5504 1372 5567 Palm)
1479 5506 1677 5553 beniuolentiam
1696 5505 1740 5551 Ps

575 5591 605 5640 15
624 5587 701 5656 rexit]
713 5589 852 5652 Scioppius,
871 5591 934 5638 redlt
945 5589 1034 5651 Pilia]
1155 5590 1183 5639 ll
1203 5585 1307 5652 placitos
1325 5589 1417 5658 amore]
1436 5591 1574 5651 Scioppius,
1596 5593 1704 5653 placitus
1722 5605 1804 5638 surore
1817 5589 1850 5647 Φ,
1871 5592 1994 5653 placitura
2012 5606 2080 5641 more
2092 5593 2115 5640 1²

572 5678 604 5726 Ἡ
622 5692 651 5725 se
669 5678 795 5734 negotium
814 5677 912 5724 Lectica
1106 5680 1110 5688 “

572 5764 604 5812 29
623 5764 666 5824 qui
686 5760 772 5828 deum]
790 5762 852 5824 quid
870 5776 927 5809 cnm
947 5762 964 5809 I
1071 5764 1191 5811 benefitio
1209 5763 1255 5810 Pl
1269 5778 1302 5811 m·
