4722 6470
843 485 871 541 v
891 486 990 537 rr-cu
1009 484 1063 540 nn
1082 486 1318 543 nasnrnnvsr.
1795 492 1898 558 onssr

270 710 553 777 commendaverat
580 709 715 794 (1126),
743 717 818 776 ante
842 709 875 774 d.
903 713 941 773 19
964 711 1036 775 Iun.
1062 732 1092 776 a.
1120 713 1178 775 391
1205 712 1345 777 vicarius
1367 712 1496 779 Africae
1518 714 1624 780 factus
1646 719 1776 799 actm),
1802 736 1897 799 quem

269 830 493 915 magistratum
516 849 617 912 usque
640 829 683 894 ad
706 851 737 895 a.
764 833 825 894 393
847 830 1054 915 1666611775).
1100 831 1220 898 honore
1243 831 1388 918 deposito
1410 841 1580 901 accusatus
1603 837 1733 920 cst⁷⁷⁶),
1760 835 1898 902 fortasse

269 952 536 1038 repetundarum,
570 957 604 1016 et
631 950 780 1034 quamvls
808 952 1048 1035 absolutusIIIJ,
1082 951 1126 1017 ad
1156 950 1287 1019 altiores
1315 960 1422 1020 tamen
1444 954 1618 1039 dignitates
1640 963 1802 1041 promotus
1824 976 1898 1022 esse

268 1093 331 1137 non
354 1072 493 1139 videtur.

354 1472 395 1532 26
418 1469 515 1553 paulo
536 1475 612 1534 ante
634 1468 849 1553 quaestoriam
873 1467 1045 1534 editionem
1069 1469 1197 1553 scripta,
1224 1490 1255 1534 a.
1282 1471 1356 1534 393.
1402 1493 1434 1537 v.
1460 1492 1491 1556 p.
1519 1472 1633 1537 LVIII.

355 1592 409 1654 21.
435 1591 490 1653 22.
514 1592 556 1654 23
579 1588 792 1673 Symmachus
815 1588 848 1653 in
871 1596 1029 1675 apparatu
1051 1589 1233 1672 quaestorio
1256 1598 1438 1676 occupatus,
1465 1612 1496 1657 a,
1517 1595 1578 1656 393
1594 1598 1650 1658 aut
1666 1596 1727 1657 392
1743 1601 1893 1661 exeunte.

354 1712 393 1772 27
418 1709 605 1794 Symmachi
634 1710 757 1776 amicus
779 1709 922 1775 Numida
944 1711 1064 1776 Romae
1086 1716 1226 1777 moratus
1248 1711 1292 1777 ad
1313 1711 1505 1794 Magnillum
1528 1714 1711 1795 revertitur,
1745 1716 1802 1798 qui
1824 1737 1895 1782 oum

265 1830 300 1895 in
319 1829 475 1895 Numidia
496 1830 549 1895 vel
571 1836 657 1896 certe
679 1829 714 1895 in
728 1830 838 1895 Africa
860 1836 925 1895 tum
949 1830 1056 1914 egisse
1077 1831 1236 1914 videatur,
1264 1830 1347 1898 hanc
1369 1832 1543 1918 epistulam
1565 1835 1702 1920 tempori
1723 1836 1896 1902 vicariatus

265 1950 345 2029 eius,
372 1970 403 2014 a.
432 1952 613 2033 391-393,
639 1949 877 2034 adscripserim.

353 2072 394 2135 33
417 2071 546 2136 morbus
569 2068 753 2155 Symmachi
776 2069 846 2151 filii,
872 2069 913 2135 de
935 2091 998 2153 quo
1020 2070 1053 2137 in
1076 2072 1137 2136 hac
1159 2056 1301 2157 epistula
1323 2092 1428 2139 sermo
1450 2080 1509 2157 est,
1540 2073 1574 2138 in
1597 2081 1753 2142 aestatem
1776 2097 1806 2140 a.
1833 2078 1895 2140 396

264 2190 387 2256 incidit.
435 2212 467 2256 v.
492 2189 567 2255 adn.
595 2193 669 2255 362.

721 2586 754 2669 V
780 2587 920 2668 :rt-37
948 2586 1020 2707 AD
1039 2587 1438 2671 flsrflsssrlossrr.

356 2777 467 2843 Omnis
488 2776 738 2862 Hephaestionis
760 2776 875 2842 notitia
896 2777 974 2841 solis
997 2776 1182 2861 Symmachi
1205 2776 1354 2863 epistulis
1376 2779 1495 2860 nititur,
1523 2799 1563 2845 ex
1586 2780 1703 2862 quibus
1727 2782 1890 2867 discimus,

264 2899 300 2964 in
329 2898 437 2982 aliquo
465 2896 571 2963 officio
601 2897 702 2963 nobili
735 2897 828 2980 (inter
849 2897 1020 2982 notarios‘l)
1054 2918 1126 2963 eum
1156 2897 1315 2965 militasse
1325 2902 1376 2983 ⁷⁷⁸)
1411 2905 1443 2965 et
1472 2899 1577 2967 hieme
1602 2902 1699 2988 382s3
1727 2903 1761 2968 iu
1785 2914 1896 2971 contu-

268 3018 379 3085 bernio
401 3019 551 3085 Flaviani
572 3017 728 3104 praefecti
751 3017 909 3104 praetorio
931 3018 1118 3103 Italicam),
1144 3040 1175 3083 a.
1194 3022 1256 3083 339
1279 3019 1312 3087 iu
1335 3019 1486 3093 comitatu
1509 3021 1695 3097 Mediolanii
1717 3023 1891 3109 sciscere.

355 3417 394 3479 34
418 3415 541 3500 scripta
562 3435 593 3480 a.
620 3417 682 3479 389
705 3421 842 3481 exeunte
866 3412 960 3479 simul
983 3434 1056 3479 curn
1079 3414 1131 3497 38,
1157 3415 1213 3480 ubi
1236 3414 1320 3482 vide.

355 3538 395 3599 36
418 3535 539 3621 scripta
560 3536 666 3602 hieme
688 3557 719 3601 a.
746 3537 844 3621 scafa
868 3534 963 3599 simul
986 3554 1058 3600 cum
1080 3535 1113 3599 II
1139 3540 1187 3615 18,
1214 3536 1269 3602 ubi
1291 3535 1378 3602 vide.

353 3661 391 3721 37
416 3655 456 3721 de
478 3656 613 3722 Eusehii
643 3655 796 3721 archiatri
825 3654 914 3741 apud
942 3654 1213 3740 Hephaestionem
1244 3659 1490 3724 commoratione
1520 3659 1677 3743 loquitur,
1708 3680 1792 3742 quae
1822 3681 1893 3727 cum

265 3776 299 3841 in
322 3796 372 3861 ep.
398 3779 439 3840 36
463 3795 589 3860 quoquc
611 3781 883 3859 commemoretur,
908 3783 1075 3857 utramque
1098 3775 1209 3841 eodem
1232 3776 1300 3842 lere
1323 3784 1465 3864 tempore
1487 3779 1638 3864 scriptam
1661 3785 1749 3863 puto.

778 4173 809 4255 V
837 4170 1069 4255 38-46111
1098 4170 1374 4256 osorsrlvsl.

353 4362 522 4429 Neoterius
552 4361 679 4427 familia
708 4364 831 4429 urbana
860 4365 1029 4445 ortus⁷⁸¹l,
1065 4361 1199 4427 Carterii
1229 4364 1423 4448 propinquus
1433 4367 1504 4447 ⁷⁸2),
1540 4386 1572 4430 a.
1598 4367 1660 4429 366
1683 4366 1717 4431 in
1739 4368 1892 4434 comitatu

270 4483 486 4550 Valentiniani
508 4482 650 4549 notarius
673 4483 788 4549 meruit
796 4485 862 4567 ⁷⁸³).
902 4482 995 4549 annis
1012 4484 1184 4547 386-396
1207 4490 1256 4549 ter
1277 4483 1461 4569 praelectus
1482 4485 1642 4569 praetorio
1657 4485 1729 4569 fuit,
1755 4486 1891 4571 primum

349 4763 408 4826 771)
428 4762 488 4813 cod.
509 4763 603 4812 Thood.
624 4761 649 4810 X
668 4762 709 4826 17,
731 4762 755 4812 3.
794 4763 826 4812 cl.
848 4762 891 4826 81,
913 4761 958 4825 16,
982 4761 1040 4822 139,
1063 4762 1086 4811 1.
1171 4752 1175 4757 ’

351 4849 408 4913 775)
429 4850 593 4910 Symmachus
611 4855 703 4912 sperat,
724 4856 754 4898 nt
771 4850 895 4897 functioni
913 4850 1069 4911 quaestoriae
1087 4849 1134 4896 11111
1152 4851 1192 4896 sut
1211 4863 1296 4898 monuo
1312 4850 1445 4898 Decembri
1464 4864 1487 4900 a.
1501 4848 1550 4900 333
1569 4851 1727 4901 exhibendae
1743 4853 1778 4916 (p.
1793 4854 1885 4916 LVIII)

266 4948 297 4981 ex
315 4937 439 4997 provincia
456 4937 535 4984 redux
554 4938 664 4997 lutercit,
688 4933 744 4998 123,
765 4935 808 4985 24.
1436 4924 1438 4929 ’

349 5021 408 5086 tto)
428 5020 470 5085 81,
493 5021 524 5071 16
541 5025 615 5071 nacci
633 5025 713 5071 instar
730 5026 778 5085 aot,
803 5026 832 5068 ut
849 5019 928 5079 frater
945 5035 1013 5069 merto
1033 5019 1172 5081 Mapnitlua
1189 5022 1284 5069 olearia
1301 5026 1421 5082 potestate
1436 5036 1482 5084 per
1500 5022 1615 5083 Africam
1631 5022 1736 5084 functus
1754 5026 1890 5071 mtlmonlo

265 5109 372 5155 maulam
386 5109 483 5169 puhltoe
498 5109 660 5170 prtoathupot
677 5110 823 5168 conspicuus
840 5109 918 5155 cartis
936 5110 962 5155 ia
979 5121 1008 5155 aa
1023 5109 1154 5168 procincta
1171 5106 1308 5156 retardetur
1325 5106 1463 5159 obstaculis.

349 5193 405 5255 777)
426 5193 465 5241 IX
486 5191 544 5243 122.

348 5279 406 5341 trs)
428 5278 485 5340 133,
507 5278 523 5328 3
541 5293 585 5327 aee
602 5280 656 5340 tros,
675 5284 704 5328 ut
721 5284 831 5341 aadrno,
851 5281 955 5329 militiae
972 5280 1100 5341 aspendio
1118 5279 1241 5344 adamo
1259 5284 1397 5332 amicorum
1416 5289 1552 5333 coactatus
1569 5297 1688 5333 ouercam
1705 5290 1747 5331 est.

348 5366 405 5428 773)
424 5366 450 5414 11
471 5365 517 5430 183
537 5367 562 5416 V
579 5366 622 5417 36.

346 5452 405 5514 7361
423 5454 448 5503 V
466 5452 508 5504 34.

349 5538 406 5603 731)
431 5540 489 5605 136,
511 5541 542 5590 19
560 5548 691 5591 venturum
709 5547 732 5591 tc
749 5542 781 5590 ad
799 5555 951 5591 commanem
966 5544 1075 5604 patriam
1093 5541 1166 5602 sama
1182 5546 1337 5603 promiserat.

348 5624 408 5689 732)
430 5624 489 5691 135,
508 5626 540 5677 21
559 5627 589 5677 de
607 5643 656 5690 quc
673 5628 801 5677 dominum
818 5642 902 5678 meum
919 5627 1057 5688 fratrem
1073 5633 1221 5678 nostrum
1244 5627 1380 5676 carterium
1399 5631 1477 5676 tectam
1493 5628 1564 5687 plau
1580 5625 1685 5674 arbitror
1701 5627 1864 5675 conlocatam.

348 5710 406 5773 783)
428 5713 510 5763 Arum.
531 5710 620 5761 xxvl
638 5713 662 5775 5,
686 5712 716 5762 11
738 5718 761 5762 et
785 5714 818 5763 ad
839 5729 915 5776 usqae
933 5713 1021 5762 Remos
1036 5729 1179 5775 procreatas
1198 5715 1264 5775 (roll.
1285 5712 1489 5773 Valentinianus)
1508 5713 1675 5773 conteratque
1694 5725 1767 5773 supa
1786 5711 1882 5773 Africa,
1947 5716 1949 5721 ’

262 5810 294 5843 ne
309 5803 404 5857 repente
419 5804 624 5860 permoratur,
647 5799 799 5862 Nestorium,
819 5806 902 5861 postca
920 5803 1055 5862 consulem,
1076 5807 1134 5850 tanc
1151 5804 1284 5862 notarium,
1305 5800 1338 5848 ud
1356 5799 1459 5848 eundem
1477 5798 1594 5847 tuendam
1612 5801 1647 5848 tre
1664 5798 1793 5861 disposuit.

339 5896 364 5945 Q.
380 5898 491 5938 transm
505 5898 652 5940 scaurum.
1659 5918 1677 5955 u
