4722 6470
761 510 770 533 .
803 501 847 556 111
864 505 966 554 77-77
986 502 1038 556 777
1057 500 1248 556 sicvnrvss.
1700 497 1840 564 CXXXI

300 735 342 795 43
365 731 528 794 debebatur
549 731 603 792 boc
626 730 737 791 teucria
760 737 927 809 temporum
950 728 1051 807 bortis,
1081 735 1115 789 777
1136 728 1260 789 coasilio
1280 725 1402 807 publico
1424 729 1475 787 777
1498 725 1645 788 laudatas
1668 725 1839 791 7777777777.

217 853 313 920 verba
341 853 501 916 consiliam
521 850 676 933 poblicum
706 867 765 933 per
792 864 827 913 se
855 853 921 913 tam
951 845 996 912 ad
1018 852 1164 912 senatum
1186 864 1282 928 qnam
1305 843 1348 909 ad
1371 845 1591 910 consistorium
1613 845 1767 932 principis
1789 868 1841 914 re-

217 973 291 1040 ferri
320 979 471 1058 possunt,
505 971 564 1037 sed
592 989 676 1053 quae
707 972 885 1051 sequuntur
911 967 1100 1049 ostendunt,
1133 964 1174 1031 de
1203 964 1341 1050 simplici
1371 964 1550 1031 adlectione
1578 984 1755 1033 sermonem
1777 989 1841 1036 non

217 1113 299 1161 esse.
346 1112 422 1157 nam
452 1090 609 1176 promotio
632 1088 752 1156 Sibnrii
781 1088 954 1153 maximam
984 1086 1147 1152 hominum
1169 1084 1423 1171 expectationem
1445 1085 1585 1152 movisse
1607 1086 1781 1173 (1171777111)
1809 1097 1842 1156 et

216 1222 279 1279 tam
302 1232 424 1295 magna
446 1209 476 1276 ei
498 1216 642 1295 potestas
663 1208 828 1288 tribuitur,
862 1213 898 1272 ut
919 1206 982 1272 nisi
1004 1206 1180 1292 principem
1203 1204 1357 1290 optimum
1378 1204 1529 1288 haberet,
1555 1212 1664 1272 contm
1687 1227 1760 1273 eum
1782 1208 1842 1275 niti

216 1341 248 1400 et
275 1333 410 1399 deberet
439 1337 472 1398 et
500 1336 611 1417 posset
619 1330 686 1412 ⁶³⁰).
732 1329 841 1411 itaque
869 1348 933 1393 non
961 1328 1063 1393 solum
1091 1325 1124 1391 in
1153 1324 1381 1426 consistoriumx
1395 1333 1544 1412 receptus
1566 1334 1631 1409 est,
1664 1327 1842 1395 sedetiam

216 1453 392 1541 principem
420 1451 454 1517 in
483 1471 522 1517 eo
552 1452 655 1516 locum
687 1448 838 1531 obtinuit,
870 1447 1022 1514 videlicet
1048 1447 1133 1513 inter
1160 1452 1310 1529 quattuor
1329 1446 1404 1512 illos
1426 1447 1558 1513 comites
1581 1448 1839 1534 consIstorianos,

217 1573 270 1658 qui
300 1582 333 1639 et
363 1572 521 1657 dignitate
551 1579 584 1638 et
612 1570 756 1656 potentia
784 1567 956 1654 praefectis
986 1568 1144 1652 praetorio
1166 1567 1254 1633 haud
1276 1569 1410 1634 multum
1435 1567 1607 1649 cedebant,
1641 1576 1842 1654 quaestorem

218 1695 300 1761 sacri
330 1692 462 1779 palatii,
500 1692 688 1776 magistrum
718 1688 912 1770 officiorum,
951 1687 1083 1753 comites
1114 1706 1277 1753 sacrarum
1306 1686 1510 1773 largitionum
1537 1694 1570 1754 et
1599 1709 1703 1755 rerum
1732 1692 1843 1777 prisa—

214 1816 396 1896 talnm⁸⁴⁰l.
443 1832 521 1897 ergo
551 1811 672 1897 scripta
699 1816 749 1876 est
776 1808 916 1895 epistula
944 1813 1020 1873 ante
1042 1828 1073 1871 a.
1101 1808 1181 1889 379,
1214 1829 1277 1890 quo
1301 1806 1449 1874 Siburius
1479 1808 1661 1892 praefectus
1683 1812 1842 1897 praetorio

216 1934 320 2000 factus
351 1939 415 2014 est,
450 1931 510 1999 sed
538 1932 629 1999 brevi
651 1929 804 2016 temporis
826 1926 931 2013 spatio
952 1926 1044 1992 illum
1067 1947 1185 1992 annum
1207 1927 1424 2013 praecessisse
1446 1927 1591 2013 videtur,
1624 1950 1696 1996 cum
1719 1951 1760 1997 ex
1783 1931 1859 1998 hac

217 2054 368 2119 comitum
391 2052 550 2137 quadriga
572 2050 735 2139 proximus
757 2048 802 2116 ad
823 2047 1058 2135 praefecturam
1080 2046 1189 2113 aditus
1212 2048 1360 2133 patuerit.
1398 2048 1476 2115 dicit
1491 2056 1598 2116 antem
1615 2051 1841 2137 Symmachus,

216 2175 300 2240 hanc
329 2173 449 2240 Sibnrii
477 2172 706 2259 promotionem
737 2173 849 2235 7777777
877 2179 1044 2252 temporum
1073 2171 1159 2234 bonis
1187 2169 1374 2254 convenire,
1405 2169 1491 2253 qnod
1520 2169 1615 2237 aliter
1642 2173 1845 2258 Interpretari

214 2316 276 2361 non
298 2314 430 2380 possum
452 2292 517 2359 nisi
540 2292 580 2360 de
602 2299 780 2378 temporum
802 2289 895 2356 bonis
916 2288 1059 2355 nondum
1082 2288 1218 2373 adultis,
1253 2291 1305 2356 vel
1328 2289 1434 2375 potius
1456 2289 1588 2357 vixdum
1612 2293 1713 2376 natis,
1739 2293 1848 2361 idest

216 2415 256 2481 de
286 2415 400 2500 primis
428 2412 505 2479 novi
533 2412 732 2500 principatus
760 2409 968 2497 temporibus.
1015 2409 1157 2494 epistula
1178 2408 1275 2494 igitur
1295 2409 1410 2476 incidit
1430 2408 1464 2475 in
1485 2410 1622 2495 primum
1644 2401 1846 2499 imperatoris

215 2534 363 2600 Gratiani
391 2555 511 2600 annum
535 2537 615 2616 376,
649 2540 774 2599 etcum
797 2530 910 2597 eodem
932 2529 1001 2596 fere
1024 2535 1187 2615 tempore,
1220 2551 1284 2612 quo
1307 2528 1455 2595 Siburius
1477 2532 1660 2616 praefectus
1682 2534 1842 2619 praetorio

215 2656 318 2722 factus
348 2660 413 2735 est,
450 2654 608 2739 Syagrius
631 2651 849 2736 magisterium
872 2649 1052 2716 officiorum
1074 2648 1236 2735 acceperit
1262 2652 1301 2732 [v.
1328 2672 1360 2735 p.
1386 2651 1475 2737 ΟΧ),
1508 2651 1563 2718 vix
1585 2652 1781 2738 errabimus,
1815 2656 1844 2723 si

214 2776 353 2842 alterum
376 2773 469 2842 alteri
493 2772 688 2841 successisse
710 2772 892 2839 credamus.
938 2772 1023 2855 quod
1046 2771 1206 2838 siveram
1229 2777 1293 2853 est,
1321 2771 1468 2838 Siburius
1490 2772 1645 2857 magister
1666 2773 1844 2841 officiorum

215 2903 283 2963 erat
304 2897 348 2963 ab
370 2917 402 2961 a.
429 2899 491 2961 376
514 2916 618 2978 usque
640 2894 684 2959 ad
705 2914 825 2959 annum
849 2896 923 2957 379.
971 2912 1055 2975 quae
1078 2891 1260 2958 coniectura
1281 2912 1322 2958 ca
1343 2913 1378 2959 rc
1400 2892 1619 2977 confirmatur,
1654 2895 1740 2978 quod
1763 2896 1841 2981 Leo,

214 3018 267 3099 qui
290 3017 378 3082 hunc
399 3016 551 3082 honorem
574 3013 696 3081 ultimis
710 3012 932 3080 Valentiniani
954 3010 1120 3078 mensibus
1136 3011 1248 3096 gessit,
1275 3012 1390 3078 iisdem
1406 3012 1592 3080 criminibus
1608 3015 1725 3098 quibus
1741 3015 1846 3080 Maxi-

213 3139 318 3203 minus
341 3135 527 3222 implicatus
549 3136 676 3220 erat⁶⁴¹)
704 3132 871 3201 eteoclem
893 3139 1037 3217 tempore
1060 3130 1250 3216 magistratu
1273 3132 1418 3218 privatus
1440 3152 1513 3200 esse
1535 3134 1675 3216 videtur,
1702 3155 1765 3218 qno
1786 3134 1845 3203 illc

216 3257 453 3344 praefecturam
475 3255 584 3322 amisit
606 3263 638 3321 et
661 3254 808 3323 Siburius
831 3253 916 3319 inter
938 3251 1069 3320 comites
1091 3252 1340 3319 consistorianos
1362 3262 1510 3341 receptus
1533 3262 1593 3322 est.

299 3383 340 3443 45
365 3376 512 3444 Siburius
541 3382 712 3443 accusatus
742 3381 775 3441 et
805 3374 972 3440 absolutus
1003 3379 1061 3440 est.
1110 3395 1172 3458 quo
1202 3381 1345 3459 tempore
1370 3374 1403 3440 in
1425 3375 1486 3442 hoc
1507 3376 1684 3462 periculum
1707 3378 1843 3462 venerit,

213 3506 298 3565 certo
330 3496 457 3564 definiti
483 3496 608 3579 nequit,
645 3495 703 3561 sed
725 3494 959 3580 suspicionem,
994 3514 1076 3577 quae
1098 3493 1177 3559 mihi
1198 3501 1268 3559 orta
1289 3502 1354 3577 est,
1389 3516 1453 3561 non
1474 3497 1596 3563 tacebo.
1644 3498 1791 3564 Siburius
1813 3498 1847 3564 in

214 3619 418 3705 praefectura
448 3616 652 3702 praetoriana
681 3616 838 3681 successit
859 3613 1019 3696 Ausonio,
1052 3612 1107 3698 qui
1131 3615 1245 3680 saltem
1268 3635 1370 3700 usque
1393 3617 1435 3682 ad
1458 3637 1602 3685 mensem
1625 3618 1847 3704 Septembrem

215 3760 246 3805 a.
263 3743 328 3804 379
351 3736 576 3822 magistratum
598 3735 788 3815 retinuerat3
814 3735 886 3820 ipse
907 3734 1078 3803 Decembri
1100 3733 1245 3801 eiusdem
1267 3736 1344 3801 anni
1365 3736 1547 3823 praefectus
1569 3744 1843 3820 commemoratur,

218 3859 273 3926 sed
294 3856 412 3925 Martio
434 3879 465 3924 a.
492 3859 554 3922 380
584 3856 649 3921 iam
679 3875 898 3922 successorem
920 3855 1057 3921 Probum
1087 3862 1257 3942 acceperat
1290 3858 1331 3941 (v.
1357 3857 1434 3923 adn.
1461 3860 1520 3922 371
1547 3865 1580 3925 et
1601 3860 1689 3944 461).
1736 3859 1846 3943 itaque

216 4001 255 4047 ne
285 4000 345 4046 sex
374 3978 505 4062 quidem
535 3997 663 4044 menses
692 3975 834 4060 integros
856 3974 889 4040 in
911 3975 1032 4042 honore
1053 3977 1224 4060 remansit,
1258 3977 1344 4061 quod
1366 3997 1444 4044 sane
1465 3978 1580 4044 mirum
1603 3978 1781 4059 videretur,
1817 3978 1846 4043 si

217 4121 287 4166 eum
319 4121 407 4166 more
436 4096 584 4165 sollemni
606 4097 762 4181 gessisset
783 4103 815 4162 et
837 4094 1050 4180 deposuisset.
1096 4117 1196 4180 quare
1218 4096 1251 4162 in
1273 4096 1373 4163 vitam
1396 4099 1552 4184 privatam
1578 4120 1651 4164 cum
1673 4098 1845 4165 revertisse

218 4219 410 4286 crediderim
432 4217 636 4284 accusatione
657 4217 768 4299 aliqua
790 4216 948 4283 criminali
969 4222 1125 4299 coactum,
1152 4238 1192 4283 ea
1213 4216 1285 4302 ipsa
1306 4237 1372 4301 qua
1393 4217 1433 4284 de
1456 4219 1669 4303 Symmachus
1691 4218 1843 4303 loquitur.

216 4339 301 4425 quod
325 4340 352 4404 si
376 4346 462 4405 reete
485 4337 617 4419 conieci,
644 4337 815 4421 epistulam
838 4336 887 4401 III
910 4341 950 4401 46
973 4356 1057 4402 anno
1080 4338 1142 4401 3877
1164 4336 1420 4421 adsignabimus.

879 4565 1186 4572 ——Q

226 4738 631 4747 --...-.-.——-——-—

302 4856 362 4920 638)
384 4856 427 4918 81,
449 4856 479 4905 13
501 4870 593 4918 777797
616 4870 718 4917 operam
743 4856 836 4904 77777777
854 4858 918 4903 7777777
934 4857 1052 4917 principis
1069 4860 1253 4916 777777777777.
1290 4860 1380 4916 77777777
1398 4860 1421 4905 77
1437 4861 1571 4919 expectatio
1589 4859 1658 4908 777777
1675 4872 1769 4920 semper
1786 4874 1846 4908 7777-

217 4956 280 4992 7777.
319 4959 380 4992 mm
396 4945 443 4991 7777
461 4942 548 5002 77777777
564 4942 672 5002 77777777,
693 4942 803 5001 pertento
821 4946 904 4990 77777777
919 4945 1034 5002 7777777777
1051 4945 1094 5004 777,
1115 4941 1176 4990 dnm
1193 4941 1238 4990 stbt
1256 4943 1365 5003 7777777777
1380 4943 1518 5002 pollicetar.

303 5029 364 5091 639)
384 5028 426 5091 84,
450 5026 481 5077 15
500 5027 571 5076 bobes
588 5028 713 5076 7777777777
730 5030 817 5075 77777777
834 5030 961 5089 amicum,
987 5043 1035 5090 quo
1053 5029 1103 5076 77777
1121 5030 1228 5089 7777777777
1248 5031 1348 5091 77777777
1366 5030 1473 5091 plurium
1487 5035 1576 5094 purat,
1602 5030 1705 5079 1777777777
1722 5033 1758 5076 777
1775 5031 1848 5090 culpo

217 5128 267 5162 77777
284 5119 409 5178 7777777777.
446 5115 516 5163 vides
534 5119 610 5161 certe:
628 5120 658 5163 777
676 5116 717 5162 7777
735 5117 794 5175 lpse,
816 5118 859 5176 qut
876 5114 997 5163 7777777777
1014 5115 1085 5164 rebus
1102 5117 1216 5174 7777777777,
1237 5114 1271 5163 ud
1289 5116 1380 5164 bonam
1396 5115 1524 5177 pnbttonm
1542 5122 1618 5166 77777777
1635 5120 1686 5179 777,
1706 5130 1770 5163 aon
1788 5115 1847 5165 tibi

219 5200 345 5250 7777777777
362 5216 448 5251 7777777·
465 5215 553 5250 amne
570 5201 741 5250 nitendum
758 5205 801 5249 777
812 5220 822 5262 ,·
840 5201 956 5261 secundo,
976 5207 1005 5249 777
1023 5204 1059 5250 tto
1076 5202 1165 5264 7177777,
1186 5216 1260 5249 7777777
1275 5203 1366 5262 probae
1383 5207 1449 5251 777777
1465 5208 1488 5252 77
1504 5206 1608 5253 7777777777
1624 5202 1748 5262 7777777777.

302 5288 362 5349 676)
383 5288 417 5336 111
441 5289 469 5336 ln
493 5288 550 5348 lege
575 5288 634 5337 God.
661 5288 754 5336 Theod.
780 5287 829 5335 VH
852 5286 883 5350 8,
903 5285 919 5334 3
943 5289 1041 5336 comites
1065 5290 1236 5336 77777777777777
1257 5291 1436 5350 7777777777777
1459 5293 1561 5350 cubasti
1584 5290 1689 5350 pectoris
1712 5298 1785 5336 777777
1808 5288 1847 5334 771-

221 5378 324 5436 cuntur3
345 5376 377 5423 77.
399 5374 580 5422 (77717777777777
598 5373 630 5422 777
648 5374 712 5422 hanc
729 5374 819 5432 legem.

303 5460 605 5520 occlamantes,
629 5458 660 5508 lc
679 5459 709 5507 771
727 5476 749 5509 a.
771 5457 837 5508 375:
862 5463 948 5508 77777777
973 5462 1067 5508 irarum
1089 5448 1242 5508 nutrimento
1264 5463 1323 5506 tuac
1345 5458 1487 5521 effictorem
1508 5461 1626 5520 7777777777
1644 5459 1725 5507 177777
1747 5485 1780 5494 -
1802 5473 1849 5518 pro

220 5544 307 5604 77777777
327 5572 360 5582 -
378 5549 430 5608 ipso
449 5559 544 5608 qaoque
559 5546 760 5609 praefecturam,
780 5550 812 5592 777
829 5559 842 5593 7
859 5548 997 5594 77777777
1014 5548 1147 5606 scopulo
1164 5545 1309 5605 77777777,
1330 5544 1477 5607 adtestante.
1515 5545 1676 5607 qnesstloncs
1695 5545 1771 5593 slmnl
1789 5559 1846 5591 cnm

222 5629 355 5681 liuimlnc
373 5639 458 5681 contre
475 5638 604 5682 senatores
623 5638 780 5694 exercuerat,
801 5632 884 5682 Arum.
906 5632 1020 5683 XXVIII
1041 5632 1064 5695 1,
1089 5633 1129 5682 17.
