4746 6472
476 518 517 579 62
1075 511 1272 568 SYMMAGHI
1290 510 1502 567 EPISTVLAE

423 707 457 769 P
475 723 718 788 cognoscerem,
751 703 838 767 clare
865 702 899 766 in
928 720 1023 766 aures
1051 701 1197 787 publicas
1228 700 1485 785 designationem
1513 699 1699 766 consulatus
1728 700 1790 765 mei
1813 700 1931 766 debere
1954 698 2100 785 proferri.

435 806 556 889 2quid
585 806 684 890 igitur
713 805 832 873 eximio
860 805 967 871 animo
995 812 1050 871 tuo
1079 804 1224 870 laetitiae
1251 805 1367 890 plenus
1396 811 1562 889 exoptem,
1592 803 1656 869 nisi
1685 810 1721 869 ut
1746 803 1843 869 simili
1865 823 1938 869 mox
1960 803 2105 869 fruamur

475 909 572 975 etiam
596 909 636 973 de
659 914 691 975 te
714 908 845 993 gaudio.
892 907 978 992 quod
1008 928 1100 993 spero
1131 907 1294 974 dominum
1323 914 1466 973 nostrum
1489 907 1705 973 Theodosium
1735 907 1952 974 venerabilem
1981 906 2104 972 cunctis

475 1020 508 1078 et
537 1013 710 1098 praecipue
739 1012 833 1078 bonis
862 1012 958 1077 solita
984 1012 1019 1076 in
1048 1011 1168 1077 amicos
1199 1011 1384 1095 dignatione
1416 1011 1585 1077 facturum.
1632 1011 1790 1095 siquidem
1813 1011 1947 1093 dignum
1970 1017 2035 1090 est,
2069 1014 2105 1073 ut

475 1116 724 1199 augustissimus
753 1115 907 1180 honorum
938 1122 1116 1180 nostrorum
1146 1121 1297 1200 patronus
1326 1122 1443 1198 aequet
1472 1114 1701 1197 dignitatibus,
1739 1133 1818 1197 quos
1851 1113 1911 1178 scit
1945 1112 2141 1178 mentibus-¹»

477 1219 658 1284 convenire.
707 1219 792 1284 vale.

1088 1597 1197 1661 nxrrr
1217 1597 1328 1681 (xxa)
1366 1616 1397 1660 a.
1417 1599 1490 1660 aso.

397 1756 462 1818 Pr
944 1751 1203 1817 srnnronvs
1226 1751 1444 1816 snnvrauo
1467 1751 1636 1816 aarum.

564 1924 735 1992 Cresconio
757 1924 859 1989 amice
883 1944 953 1989 meo
974 1943 1116 1990 amorem
1138 1930 1227 1988 tuam
1251 1924 1352 1988 multa
1374 1922 1557 1989 conciliant.
1603 1923 1706 2008 primo
1729 1924 1814 2006 quod
1837 1941 1946 1987 sacras
1968 1921 2105 2003 litteras,

478 2027 595 2112 quibus
624 2028 809 2094 consulatus
839 2026 903 2093 mei
929 2026 1111 2109 designatio
1140 2035 1285 2109 tenetur,
1317 2025 1480 2104 exhibuit;
1512 2025 1629 2092 dehinc
1659 2026 1744 2110 quod
1774 2047 1846 2091 eum
1869 2025 1973 2110 patria
1996 2023 2158 2089 Africam

478 2151 541 2195 non
563 2130 669 2196 minus
691 2130 751 2197 tibi
773 2152 869 2215 quam
891 2129 970 2195 mihi
993 2150 1069 2195 cara
1091 2130 1303 2195 commendat.
1344 2129 1435 2195 cuius
1457 2149 1562 2195 mores
1585 2149 1658 2194 cum
1680 2130 1783 2215 primo
1806 2130 1878 2194 loco
1901 2147 2033 2194 censere
2049 2126 2108 2192 de

480 2233 619 2316 buerim,
652 2234 751 2299 malui
780 2241 835 2300 tuo
857 2232 997 2299 examini
1019 2252 1198 2299 reservare.
1246 2232 1374 2317 suscipe
1395 2232 1508 2316 igitur,
1542 2253 1596 2297 oro
1618 2238 1665 2313 tc,
1700 2239 1809 2298 notum
1832 2231 1968 2297 militiae
1991 2230 2105 2312 virum,

480 2336 535 2420 qui
559 2356 594 2401 se
617 2336 742 2421 apicem
765 2335 929 2402 felicitatis
952 2335 1053 2401 credit
1074 2335 1268 2417 habituram,
1295 2336 1322 2400 si
1345 2355 1417 2400 eum
1439 2335 1608 2421 patrocinii
1630 2335 1676 2400 tui
1700 2336 1853 2419 splendor
1874 2334 2055 2400 inluminet.

1076 2714 1201 2779 nxnrr
1220 2714 1349 2798 (ιιιιιι)
1382 2735 1413 2779 a.
1433 2717 1506 2778 seo.

947 2868 1207 2934 sYMMauHVS
1230 2868 1447 2933 FLAVIANO
1470 2868 1639 2933 FRATRI.
2130 2886 2159 2926 ιι
2251 2933 2256 2941 ‚

567 3042 705 3107 Exercet
733 3061 784 3107 me
815 3040 944 3124 quidem
976 3040 1091 3106 rodas
1120 3059 1159 3106 ac
1188 3039 1338 3106 felicibus
1366 3038 1505 3123 negotiis
1534 3039 1738 3125 praeparatio
1760 3042 1962 3118 consulatus;
1996 3040 2054 3105 sed
2076 3045 2112 3105 ut

483 3144 609 3210 litterae
632 3152 707 3210 tuae
729 3144 913 3227 frequenter
934 3142 1053 3209 indicio
1075 3150 1160 3225 sunt,
1186 3150 1243 3209 tua
1264 3163 1321 3228 pro
1343 3163 1394 3208 me
1418 3162 1494 3208 cura
1516 3143 1761 3228 praeponderat.
1808 3143 1959 3225 hortaris,
1985 3162 2105 3224 moues,

483 3248 590 3331 cogis,
617 3254 653 3313 ut
674 3246 829 3332 quidquid
851 3246 1010 3331 potissimi
1034 3247 1242 3331 magistratus
1265 3247 1385 3313 functio
1408 3247 1549 3330 quaerit,
1575 3248 1775 3331 ademeram,
1802 3253 1928 3313 etcum
1951 3246 1997 3312 sis
2018 3266 2110 3312 meae

443 3355 462 3415 2
485 3358 614 3417 exactor
641 3350 838 3434 industriae,
871 3349 1083 3415 nibilominus
1112 3351 1220 3416 onmia
1248 3349 1457 3416 sollicitudini
1479 3355 1554 3416 tuae
1576 3350 1733 3416 vindicas.
1780 3350 1882 3416 eritne
1904 3355 2031 3435 tempus
2053 3369 2112 3434 op-

483 3460 595 3534 tatum,
622 3473 685 3536 quo
706 3454 802 3520 istam
825 3460 964 3519 mentem
987 3453 1118 3538 paribus
1141 3473 1199 3538 pro
1221 3459 1253 3518 te
1276 3451 1393 3517 officiis
1415 3453 1580 3519 districtus
1602 3454 1830 3538 aequiparem?
1852 3472 1946 3539 spero
1962 3458 2112 3518 actutum
2133 3470 2164 3511 ro

483 3555 615 3622 florente
643 3575 677 3621 re
706 3556 836 3641 publiea
865 3563 899 3622 et
920 3562 1096 3641 propagato
1118 3555 1153 3620 in
1175 3576 1290 3621 aevum
1314 3555 1434 3619 domini
1457 3555 1554 3620 nostri
1578 3556 1752 3621 Theodosii
1775 3556 1956 3641 principatu
1978 3554 2114 3619 umas

483 3667 556 3725 tuas
579 3659 720 3725 fascibus
741 3661 969 3725 munerandas.
1010 3667 1086 3726 tunc
1108 3659 1317 3744 epistularum
1342 3659 1488 3724 stimulos
1511 3678 1574 3724 non
1596 3659 1757 3741 requiram
1777 3679 1837 3724 nec
1851 3658 2029 3743 expectabo
2044 3678 2114 3721 mo

483 3764 628 3827 nitorem.
675 3785 697 3827 a
718 3772 750 3829 te
773 3764 858 3829 enim
880 3763 978 3828 didici
1003 3769 1115 3848 sponte
1139 3762 1313 3846 suscipere,
1340 3762 1495 3845 quidquid
1517 3782 1575 3846 pro
1598 3762 1696 3828 fratre
1719 3762 1894 3827 curandum
1917 3768 1976 3825 est.

1045 4139 1132 4204 LXV
1153 4139 1295 4225 (LXIIII)
1334 4147 1409 4204 ante
1424 4159 1455 4204 a.
1475 4142 1550 4203 395.

952 4294 1213 4361 SYMMAOHVS
1235 4293 1453 4359 FLAVIANO
1476 4295 1645 4360 FRATRI.
2135 4315 2166 4356 ιι

570 4467 843 4551 Adstipulatorem
872 4466 1043 4551 praeclara
1070 4465 1184 4532 merita
1212 4487 1276 4532 non
1307 4466 1488 4549 requirunt;
1526 4465 1683 4549 siquidem
1718 4466 1818 4532 virtus
1849 4486 1909 4531 sua
1936 4467 2010 4531 luce
2040 4486 2117 4532 eon-

485 4570 597 4655 spicua
619 4576 786 4635 aversatur
802 4568 958 4634 auxilium
974 4569 1260 4636 commendationis
1275 4570 1413 4635 alienae.
1455 4589 1532 4653 ergo
1547 4590 1620 4634 cum
1636 4570 1798 4634 dominum
1815 4576 1848 4636 et
1862 4568 1994 4635 fratrem
2009 4589 2116 4634 meum

486 4672 643 4738 Licinium
674 4672 832 4737 celebrem
863 4671 975 4737 feccrit
996 4671 1040 4737 ad
1063 4692 1208 4738 normam
1231 4671 1562 4757 voteris'disciplinae
1584 4671 1763 4754 gubernata
1784 4691 1836 4737 res
1859 4671 2006 4755 publica,
2040 4670 2117 4755 quid

486 4881 606 4947 amicos
630 4878 706 4945 fidei
727 4898 766 4944 ac
788 4877 977 4962 diligentiae
1000 4878 1102 4943 virum
1124 4879 1291 4964 praecelso
1313 4879 1421 4944 animo
1444 4886 1498 4944 tuo
1521 4884 1593 4964 opto
1613 4879 1752 4959 sociare3
1779 4898 1842 4944 non
1856 4878 1942 4962 quod
1956 4877 2112 4943 iudicium
2132 4900 2162 4940 ιι

486 4991 575 5050 tuum
605 4991 725 5050 serum‘
741 4989 837 5066 atque
866 4981 999 5048 difficile
1027 4981 1070 5047 sit
1091 4983 1134 5048 ad
1156 4982 1340 5066 colligenda
1361 4981 1494 5065 ingenia
1517 4988 1550 5048 et
1571 4982 1787 5067 explorandas
1809 4983 1991 5048 voluntates
2013 4982 2114 5046 bono-

488 5109 568 5171 rum,
595 5087 652 5152 sed
676 5107 716 5152 ne
739 5086 847 5152 brevis
861 5076 952 5151 ¹inter
974 5106 1032 5150 vos
1055 5106 1131 5152 usus
1155 5096 1187 5152 et
1209 5087 1363 5152 festinata
1385 5085 1542 5151 discessio
1565 5092 1663 5168 neget
1683 5086 1801 5151 iustum
1816 5092 1944 5170 tempus
1959 5082 2113 5149 examini.

576 5468 642 5517 tue
661 5464 698 5533 te]
717 5465 746 5528 Γ,
768 5466 878 5516 leeteP

576 5553 657 5602 Sera.
675 5555 696 5599 Ρ
798 5554 939 5602 tlamoreur
959 5567 1041 5601 meum
1061 5555 1083 5600 F
1187 5552 1216 5602 13
1236 5553 1344 5601 credidit
1363 5552 1386 5599 P
1488 5554 1545 5603 nale
1563 5553 1622 5602 cdd.
1638 5554 1661 5600 F

578 5639 609 5688 15
627 5640 713 5689 om.F
816 5639 846 5687 ts
864 5654 936 5700 coges
955 5639 1049 5687 le.
1155 5638 1187 5687 20
1205 5640 1344 5687 distructas
1363 5639 1457 5686 le.
1565 5645 1665 5688 acturum
1686 5640 1778 5689 le.
1885 5637 1918 5688 22
1938 5636 2099 5688 moniwreP

577 5725 608 5773 27
628 5723 779 5776 alllcnreP
889 5724 922 5772 20
941 5720 1126 5789 praetermissa]
1145 5725 1216 5785 Saue,
1237 5727 1373 5787 praemissa
1391 5725 1414 5772 P
1515 5732 1610 5789 partein
1630 5726 1653 5773 P
1766 5728 1799 5775 30
1817 5724 1916 5788 optrP
2028 5725 2057 5774 31
2079 5733 2119 5773 at·

491 5808 553 5878 que]
572 5813 600 5871 P,
621 5828 649 5860 ac
670 5809 713 5871 (Γ)
