4746 6472
961 512 1076 568 LIBER
1093 511 1117 567 1.
1812 512 1853 576 23

228 701 346 784 quendi
368 699 457 786 apud
479 700 623 784 collegas
646 700 763 765 adtulit
784 700 872 783 dies}
905 700 974 783 egit
1002 708 1094 784 pater
1115 699 1243 766 senatui
1264 698 1401 782 gratim
1423 719 1463 764 ea
1484 698 1657 764 facundiae
1678 699 1850 783 gravitate,
1883 698 1991 761 VMH

228 823 292 886 qna
320 809 416 868 notus
444 808 505 868 est.
551 802 715 868 kalendae
743 810 819 867 tunc
849 809 957 885 erant,
989 802 1106 886 quibus
1128 820 1232 869 annus
1261 801 1414 886 aperitur.
1459 801 1550 867 brevi
1578 802 1749 868 intervallo
1780 821 1852 867 cnm
1875 801 1895 862 2

228 905 397 971 familiaris
418 904 481 971 mei
504 905 638 989 Trygeti
659 904 726 970 filio
749 904 907 989 praetorio
930 904 1100 970 candidato
1123 924 1252 989 operam
1275 903 1536 990 spopondissem,
1569 904 1711 969 animum
1740 905 1855 988 religio

229 1008 393 1090 convenit,
425 1016 461 1072 ut
481 1007 648 1073 occasione
670 1006 824 1073 destinati
846 1006 943 1073 officii
965 1008 1085 1073 obirem
1108 1027 1224 1073 munus
1246 1007 1354 1073 adhuc
1375 1027 1396 1071 a
1416 1026 1469 1072 me
1497 1007 1582 1091 patri
1609 1007 1754 1074 debitum
1783 1007 1852 1090 sed,

200 1118 265 1176 aut
286 1110 372 1190 dixi,
405 1111 448 1176 ab
475 1110 532 1177 illo
555 1111 682 1177 senatui
702 1110 768 1175 iam
791 1111 942 1176 solutum.
991 1130 1068 1194 ergo
1090 1130 1121 1175 a.
1146 1110 1180 1175 d.
1205 1110 1350 1194 quintum
1372 1110 1450 1174 Idus
1472 1109 1641 1175 Ianuarias
1670 1109 1771 1176 verba
1793 1109 1857 1176 feci

232 1213 264 1277 in
285 1213 483 1298 amplissimo
506 1212 633 1291 ordine;
660 1233 744 1296 quae
767 1213 822 1279 ubi
843 1213 878 1279 in
900 1232 1015 1278 manus
1037 1220 1111 1279 tuas
1133 1213 1289 1296 venerint,
1316 1232 1356 1278 ex
1377 1218 1432 1278 tuo
1453 1212 1560 1278 animo
1582 1213 1722 1279 conicies
1735 1213 1857 1280 indicia

233 1324 415 1381 ceterorum.
463 1335 524 1399 ego
546 1302 750 1381 sub⁰incert0
773 1316 931 1381 examinis
952 1314 999 1381 tui
1021 1315 1156 1381 aliorum
1179 1315 1354 1381 sententias
1377 1315 1570 1381 occulendas
1600 1317 1728 1400 putavi,
1760 1336 1801 1383 ne
1823 1323 1856 1382 te

233 1418 426 1503 praeiudicio
448 1418 530 1483 tanti
553 1418 672 1484 ordinis
694 1419 822 1485 viderer
844 1438 992 1503 urguere.

722 1780 881 1845 xxxxv
901 1779 1113 1863 (xxxvun)
1147 1786 1222 1845 ane
1238 1800 1268 1844 a.
1288 1782 1362 1844 aas.

189 1935 216 1975 lc
643 1916 902 1982 sruuxouvs
924 1916 1087 1983 roomo
1110 1916 1438 1982 anarnxnxro.
1885 1914 1948 1977 Vn

314 2084 436 2153 Anctus
459 2107 529 2153 sum
552 2087 685 2173 gaudio,
720 2088 807 2170 quod
836 2084 988 2154 ¹valetudo
1009 2096 1115 2154 tecum
1138 2087 1269 2154 revertit
1295 2087 1330 2152 in
1358 2084 1511 2170 gradem
1545 2108 1619 2154 nam
1649 2108 1777 2174 semper
1804 2089 1856 2154 in-

233 2191 398 2257 columitas
420 2199 476 2256 tua
497 2191 564 2257 voti
584 2191 648 2256 mei
671 2210 797 2256 summa
819 2198 879 2257 est.
925 2212 1010 2257 nunc
1031 2190 1059 2257 si
1085 2191 1147 2257 diis
1176 2190 1359 2256 volentibus
1389 2191 1614 2257 reconciliatae
1642 2192 1728 2259 vires
1757 2193 1856 2258 animi

231 2294 276 2358 tui
297 2294 536 2378 integraverunt
556 2294 709 2378 vigorem,
735 2293 833 2360 facito
855 2293 1014 2377 epistulae
1036 2300 1112 2359 tuae
1134 2294 1312 2377 multiiugis
1326 2293 1455 2378 paginis
1469 2302 1659 2378 augeantur.
1705 2294 1760 2360 cdi
1781 2314 1858 2380 par-

232 2390 396 2462 simoniam
418 2398 586 2463 verborum
608 2398 773 2463 bonorum.
821 2396 982 2462 scribendi
1012 2396 1131 2481 quippe
1162 2396 1302 2462 brevitas
1331 2395 1436 2479 magis
1465 2396 1595 2462 fastidio
1625 2417 1721 2480 quam
1751 2397 1856 2462 officio

186 2518 213 2557 ιι
232 2500 374 2584 proxima
395 2507 457 2566 est.
501 2501 575 2566 nolo
598 2500 720 2565 litteras
742 2498 904 2565 stillantes
927 2499 967 2564 de
991 2519 1114 2565 summo
1137 2519 1208 2578 ore;
1234 2499 1310 2564 illas
1325 2506 1408 2582 peto,
1435 2519 1518 2582 quae
1532 2519 1680 2566 arescere
1695 2500 1854 2584 nesciunt,

229 2621 312 2685 quae
334 2622 375 2668 ex
396 2602 508 2668 intimo
530 2602 667 2687 pectoris
689 2601 775 2668 lonte
798 2609 993 2687 promuntur.
1041 2602 1172 2667 memini
1199 2602 1390 2668 brevitatem
1412 2601 1605 2687 Spartanam
1633 2602 1723 2668 laudi
1751 2624 1854 2686 quon·
1876 2603 1896 2664 2

229 2706 302 2772 dam
324 2705 442 2786 fnisse;
469 2705 528 2771 sed
549 2725 610 2789 ego
632 2706 784 2771 Romanis
805 2712 911 2771 tecum
933 2706 1061 2789 legibus
1083 2725 1145 2789 ago
1168 2711 1211 2788 et,
1237 2705 1266 2770 si
1287 2706 1335 2771 ita
1356 2704 1417 2787 vis,
1442 2704 1568 2784 Atticis,
1594 2705 1710 2789 quibus
1732 2711 1856 2771 tantum

229 2796 370 2874 decus'a
391 2807 543 2875 facundia
564 2807 635 2890 fuit,
661 2817 698 2874 ut
719 2808 798 2873 mihi
820 2808 990 2874 videantur
1011 2808 1156 2874 Lacones
1179 2813 1267 2874 metu
1290 2807 1469 2873 collationis
1501 2808 1536 2873 in
1564 2807 1727 2873 diversum
1749 2807 1857 2874 studia

229 2912 422 2978 destinasse.
467 2912 586 2978 vellem
608 2912 712 2997 plura,
738 2911 796 2976 sed
819 2918 873 2976 tuo
895 2912 989 2977 modo
1012 2910 1265 2996 conpungendns
1287 2930 1333 2977 es.
1382 2911 1477 2976 simul
1500 2909 1606 2976 cantio
1628 2917 1678 2976 est
1698 2910 1789 2993 milri,
1814 2931 1856 2977 ne

185 3030 213 3071 ιι
229 3021 260 3080 te
282 3035 387 3081 sermo
409 3015 529 3080 multus
551 3014 704 3080 offendat.
750 3013 895 3078 instituto
918 3013 1018 3097 igitur
1040 3034 1111 3080 meo
1134 3015 1254 3080 calcem
1277 3034 1371 3099 pono,
1397 3014 1473 3079 dum
1496 3021 1551 3079 tuo
1572 3033 1681 3098 pareo.
1729 3034 1794 3096 qua
1816 3033 1856 3078 ex

229 3137 262 3182 re
282 3116 466 3200 intellegis,
500 3136 538 3183 eo
566 3124 598 3183 te
620 3116 763 3181 invidiae
786 3123 819 3181 et
840 3116 1036 3182 condicionis
1058 3117 1249 3198 adductum,
1281 3116 1374 3198 quasi
1396 3136 1418 3181 a
1439 3137 1491 3181 me
1514 3136 1618 3200 panca
1641 3116 1737 3181 scribi
1759 3116 1851 3197 velis,

229 3219 289 3283 nisi
310 3220 414 3285 multa
434 3218 649 3303 rescripseris.
695 3220 780 3285 vale.

744 3580 919 3646 XXXXVI
939 3517 1086 3665 (xxxx)
1121 3587 1196 3646 ante
1211 3601 1243 3645 a.
1262 3581 1336 3655 381.

640 3716 900 3782 SYMMAdes
922 3715 1085 3783 AGORIO
1108 3717 1438 3828 PRAuuuquTO.

186 3904 214 3947 ιι
314 3890 407 3956 Potui
429 3888 538 3955 lacere
560 3888 679 3974 scripta
701 3888 886 3974 conpendii,
914 3909 984 3954 cum
1007 3888 1064 3954 tibi
1088 3908 1262 3973 germanus
1284 3908 1376 3954 meus
1397 3889 1506 3954 verbis
1534 3889 1603 3955 suis
1633 3888 1855 3955 satisfacturus

231 3992 358 4059 uberius
386 3992 549 4058 videretur
577 4012 673 4075 qnam
702 3992 783 4058 meis
813 3991 934 4076 literis,
967 3992 1081 4059 sedin
1103 3991 1224 4058 maiore
1247 3993 1334 4057 lucro
1364 3991 1472 4058 officia
1500 3991 1635 4059 honesta
1664 4012 1760 4075 quam
1790 3992 1855 4057 otia

230 4103 316 4162 muta
338 4094 486 4182 ponenda
508 4100 592 4161 sunt.
639 4114 716 4179 ergo
738 4115 842 4178 neque
864 4095 961 4161 tacito
985 4114 1066 4181 opus
1089 4100 1151 4176 est,
1185 4101 1221 4160 ut
1242 4094 1343 4160 lr‘onor
1373 4094 1534 4160 amicitiae
1555 4095 1635 4161 mibi
1656 4094 1778 4160 feratur
1799 4115 1854 4161 ac·

230 4205 336 4282 cepto,
361 4217 466 4282 neque
489 4197 596 4263 omnia
617 4196 802 4263 mandanda
824 4204 898 4264 sunt
919 4197 1052 4281 litteris,
1085 4205 1120 4264 ut
1140 4197 1190 4263 illi
1212 4196 1256 4263 ad
1276 4198 1473 4264 narrandum
1494 4197 1619 4281 aliquid
1641 4199 1851 4280 relinquatur.

230 4301 338 4387 accipe
360 4307 470 4367 tamen
490 4320 596 4366 rerum
619 4299 726 4385 capita
747 4306 781 4367 et
802 4319 944 4366 summas
959 4301 1170 4384 negotiorum,
1196 4301 1313 4385 quibus
1328 4300 1428 4366 irater
1441 4300 1625 4367 admonitus
1640 4300 1737 4366 latius
1753 4319 1854 4382 quae-

185 4418 213 4460 cc
231 4403 291 4471 sita
319 4411 505 4487 exequatur.
554 4403 704 4469 convenit
731 4402 815 4496 inter
843 4403 989 4487 publicos
1012 4404 1213 4485 sacerdotes,
1246 4404 1343 4469 utin
1372 4403 1550 4470 cuswdiam
1579 4402 1697 4469 civium
1721 4401 1850 4487 publico
1872 4404 1892 4463 2

230 4506 382 4590 obsequio
402 4506 604 4573 traderemus
626 4526 734 4572 curam
757 4505 900 4571 deorum.
946 4506 1128 4590 benignitas
1150 4506 1235 4571 enim
1263 4506 1453 4591 superioris,
1485 4505 1549 4572 nisi
1576 4506 1664 4572 cultu
1691 4511 1850 4588 teneatur,

229 4610 392 4676 amittitur.
439 4629 516 4693 ergo
538 4609 639 4675 multo
661 4614 751 4674 tanto
775 4608 931 4692 ornatior,
961 4628 1057 4691 quam
1080 4609 1221 4692 solebat,
1253 4610 1403 4675 caelestis
1432 4609 1537 4675 factus
1567 4614 1617 4675 est
1637 4607 1747 4674 honor.
1794 4628 1853 4674 ex-

147 4778 153 4793 ,
230 4719 356 4796 pectere
377 4711 458 4777 mihi
480 4711 601 4779 videris
629 4711 752 4793 omnia,
786 4731 869 4795 qnae
898 4719 1080 4796 supersunt.
1127 4711 1274 4779 litianus
1302 4732 1395 4778 mens
1421 4711 1572 4795 fungetur
1598 4710 1768 4795 indicium,
1801 4710 1853 4776 cui

228 4813 447 4900 indulgentius
475 4814 644 4897 narrandi,
677 4814 762 4899 qnod
790 4814 892 4898 velis,
924 4835 1023 4900 opera
1051 4816 1161 4900 legata
1190 4822 1250 4882 est.
1296 4815 1435 4882 edictum
1464 4814 1661 4900 principum,
1694 4814 1755 4880 nisi
1785 4813 1851 4879 iam

315 5196 325 5246 1
348 5198 426 5257 gratia
443 5211 499 5245 mea
518 5194 551 5244 Π
651 5195 666 5244 2
685 5197 797 5258 operitur
819 5194 868 5243 VM
969 5195 984 5241 3
1002 5196 1090 5255 trigeti
1112 5194 1214 5258 vum)
1322 5190 1434 5260 operam]
1455 5195 1497 5255 (Π
1501 5196 1519 5256 l,
1539 5194 1645 5242 actionis
1668 5194 1723 5254 VM,
1745 5194 1851 5244 acdona

230 5298 326 5345 operam
348 5281 390 5346 (Γ)
497 5282 654 5344 apondtaaem
675 5282 727 5343 (H)
836 5281 977 5329 diannarll
997 5279 1080 5343 Mllll
1187 5283 1202 5331 e
1221 5294 1309 5329 manus
1328 5295 1396 5329 mass
1412 5280 1434 5328 V
1535 5280 1550 5329 'l
1569 5276 1626 5347 ego]
1645 5280 1689 5342 (11
1693 5281 1710 5341 J,
1731 5293 1788 5340 ergo
1804 5278 1853 5327 Vll
1892 5312 1894 5317 -

314 5369 346 5419 10
365 5382 413 5419 οιιι.
432 5369 475 5416 VF
611 5367 639 5416 11
660 5368 796 5416 reuertitur
814 5367 837 5413 V
954 5366 1109 5415 incolomitas
1132 5367 1153 5414 V
1290 5363 1322 5415 12
1340 5365 1386 5414 deo
1403 5367 1504 5414 nolente
1522 5366 1545 5413 F
1662 5367 1742 5415 udml
1759 5366 1810 5413 mei
1832 5364 1854 5412 V

233 5453 260 5501 13
277 5454 462 5515 integrauertnt
474 5454 497 5500 F
598 5454 739 5514 multiiugis
757 5448 867 5518 paglnis]
882 5451 911 5513 F,
931 5454 1006 5501 multi
1024 5453 1122 5514 psglnls
1140 5454 1209 5512 iugis
1226 5451 1253 5513 V,
1274 5452 1362 5502 multis
1379 5453 1479 5513 paginis
1495 5450 1547 5514 (11)
1655 5450 1686 5499 15
1704 5452 1736 5500 de
1754 5462 1851 5499 summo

230 5550 268 5586 ore
285 5539 412 5588 stillanter
430 5540 453 5586 F
557 5537 587 5588 ll
607 5544 704 5588 tantum
722 5539 753 5587 da
770 5552 846 5587 cansa
864 5539 887 5586 F
991 5537 1021 5587 19
1039 5539 1150 5588 muaatm
1175 5538 1195 5584 V
1307 5536 1340 5586 20
1358 5537 1451 5586 edeam
1468 5533 1544 5603 pono]
1563 5537 1591 5599 V,
1612 5536 1700 5585 adesse
1718 5537 1775 5585 uolo
1797 5536 1818 5584 V

230 5621 311 5691 pareo]
336 5624 385 5686 VF,
404 5638 477 5687 parco
496 5625 529 5673 Π
629 5639 678 5687 qua
695 5625 723 5672 lu
741 5638 768 5673 re
786 5624 809 5670 F
1918 5684 1924 5695 Ι

312 5709 345 5759 al
363 5723 412 5759 om.
430 5710 473 5758 VF
584 5709 615 5758 27
634 5710 749 5771 ponenda
762 5686 816 5757 ‘raon
834 5717 895 5759 suut
916 5709 938 5757 V
1050 5708 1083 5760 29
1101 5711 1213 5772 qnaeslta
1230 5710 1307 5758 latins
1327 5710 1350 5757 F
1450 5708 1480 5758 31
1502 5704 1667 5776 traderemus]
1687 5710 1716 5773 F,
1736 5708 1849 5759 trabere·

230 5810 283 5845 mur
302 5798 339 5857 Π,
360 5798 482 5846 naborem
507 5796 526 5842 V
629 5795 661 5845 32
680 5810 737 5856 ergo
755 5797 834 5844 multo
851 5822 885 5832 -
903 5795 935 5846 33
954 5795 1049 5846 uideris
1065 5809 1114 5845 orn.
1129 5796 1152 5843 F
1252 5793 1285 5843 ct
1302 5796 1456 5859 principium
1478 5795 1521 5843 Vr
