4686 6472
475 472 568 537 LXX
1090 468 1143 524 DE
1161 466 1356 526 subissem
1374 463 1483 526 VITA·

471 701 656 778 numerata,
689 715 752 778 quo
780 700 923 780 tempore
944 695 1158 780 Symmachus
1186 715 1285 780 aeger
1313 695 1348 761 in
1369 691 1504 781 praedic
1527 695 1710 762 suburbano
1732 694 1939 778 versabatur,
1973 696 2104 763 Octobri

471 822 527 883 ant
548 814 723 882 Novembri
745 817 935 900 1397311),
961 815 1081 883 tirones
1104 836 1142 882 eo
1164 835 1267 900 usqne
1290 816 1444 883 contracti
1465 815 1606 882 nondum
1629 815 1673 882 ad
1693 815 1815 883 bellum
1838 816 1988 884 sufficere
2010 817 2104 885 vide·

470 937 587 1004 bantur
608 943 641 1003 et
662 956 747 1001 nova
768 935 901 1002 indictio
923 936 1050 1003 senatui
1071 935 1276 1016 imminebat;
1302 958 1398 1021 quam
1420 958 1493 1004 cum
1515 936 1699 1023 praefectus
1720 936 1792 1002 urbi
1807 938 2012 1004 Florentinus
2031 938 2104 1023 cogi

472 1076 568 1143 posse
590 1064 734 1141 negaret,
761 1056 975 1143 Lampadium
998 1075 1216 1125 suscessorem
1239 1057 1380 1143 accepit,
1405 1065 1478 1143 post
1500 1057 1533 1124 d.
1559 1061 1596 1121 21
1622 1058 1703 1124 Dec.
1728 1078 1760 1123 a.
1787 1058 1923 1143 397117).
1971 1065 2103 1126 senatus

470 1177 570 1262 igitur
598 1176 704 1244 denuo
734 1177 929 1262 legationem
957 1177 1001 1243 ad
1023 1177 1208 1245 comitatum
1231 1178 1333 1259 misit,
1367 1199 1463 1262 quam
1486 1178 1614 1244 Priscus
1636 1178 1765 1243 Abalus
1787 1179 2062 1245 commendaticiis
2084 1200 2105 1246 a

472 1298 667 1383 Symmacho
695 1298 870 1364 instructus
899 1297 1121 1381 ducebamur,
1154 1308 1188 1364 ct
1215 1319 1287 1364 cum
1310 1298 1421 1364 Africa
1448 1299 1535 1365 omni
1564 1317 1623 1385 spe
1646 1298 1783 1365 celerius
1805 1298 1869 1364 iam
1892 1299 1980 1366 victa
2001 1308 2098 1381 esset,

470 1418 679 1505 petitionibus
702 1418 772 1485 cius
794 1417 968 1485 cedebatur
989 1426 1086 1503 atque
1108 1425 1173 1485 tam
1196 1419 1316 1486 tirones
1338 1439 1434 1504 quam
1457 1419 1578 1486 oblatio
1593 1418 1796 1486 senatoribus
1811 1419 1939 1486 remissi
1954 1422 2100 1505 santur).

557 1539 771 1624 Symmachus
801 1538 948 1605 omnibus
978 1539 1031 1604 his
1057 1546 1189 1606 senatus
1213 1539 1500 1606 consultationibus
1522 1540 1680 1623 interfuit,
1714 1546 1747 1606 et
1768 1561 1963 1625 quamquam
1986 1541 2104 1625 legatis

471 1659 623 1747 profectis
645 1660 679 1726 in
701 1680 756 1725 rus
771 1659 963 1726 Vaticanum
986 1660 1130 1742 secessit,
1158 1659 1201 1725 ad
1216 1659 1337 1726 ordinis
1351 1667 1460 1727 tamen
1475 1660 1611 1727 consilia
1625 1662 1758 1726 Romam
1774 1660 1885 1728 venire
1901 1661 2027 1728 solebat
2034 1665 2100 1746 ³²⁰).

471 1780 549 1847 urbs
571 1780 647 1847 licet
667 1780 744 1846 inde
766 1780 808 1846 ab
831 1780 937 1846 hieme
960 1801 992 1846 a.
1011 1782 1109 1864 395]ss
1132 1781 1257 1847 nullam
1275 1779 1394 1847 famem
1409 1780 1590 1865 graviorem
1606 1799 1761 1866 perpessa
1775 1788 1870 1862 esset,
1896 1781 2104 1847 nihilominus

472 1922 599 1987 semper
626 1900 756 1984 frugum
785 1899 895 1985 inopia
924 1878 1173 1986 laborabat321),
1205 1921 1301 1984 quam
1332 1920 1392 1968 nec
1413 1900 1559 1967 subsidia
1581 1923 1602 1966 a
1624 1901 1800 1967 Stilichone
1823 1922 1863 1968 ex
1886 1901 2005 1968 Galliis
2028 1903 2105 1969 His-

473 2024 646 2109 paniisque
668 2022 770 2087 allata
779 2024 829 2106 322)
857 2041 917 2088 nec
939 2021 1079 2106 denique
1094 2021 1206 2087 Africa
1228 2021 1314 2087 victa
1336 2027 1434 2087 totam
1457 2021 1660 2106 1111111311).
1700 2041 1784 2104 quae
1806 2043 1878 2087 cum
1900 2023 1995 2108 plebs
2016 2024 2104 2090 bello

472 2143 604 2211 Gildoni
626 2141 746 2208 indicto
769 2142 885 2227 culpae
908 2142 1011 2223 daret,
1037 2141 1160 2208 invidia
1182 2142 1216 2208 in
1239 2140 1401 2228 principes
1424 2148 1557 2208 senatus
1579 2149 1612 2208 et
1633 2142 1686 2208 vel
1708 2141 1882 2228 praecipue
1904 2143 1939 2208 in
1954 2143 2106 2228 Symma-

471 2266 566 2332 chum
596 2282 752 2330 convcrsa
773 2269 839 2344 est,
873 2283 1006 2346 quorum
1030 2262 1196 2328 sententiis
1219 2261 1367 2328 dominus
1390 2262 1519 2328 Africae
1541 2261 1643 2328 hostis
1665 2262 1815 2347 publicus
1836 2262 1999 2330 iudicatus
2021 2273 2103 2331 crat.

469 2387 579 2469 itaque
601 2383 797 2465 Flavianus,
831 2403 903 2449 cum
932 2382 1013 2447 iram
1041 2381 1148 2468 plebis
1177 2383 1282 2466 magis
1310 2382 1478 2466 magisque
1507 2402 1528 2448 a
1550 2382 1652 2449 soceri
1673 2381 1813 2449 inimicis
1836 2384 1995 2450 stimulari
2017 2406 2106 2451 com-

474 2507 629 2591 perisset,
656 2503 832 2588 suadebat,
859 2509 894 2569 ut
915 2504 1048 2569 Romam
1071 2503 1285 2585 relinqueret,
1316 2502 1375 2569 sed
1397 2508 1503 2568 orator
1523 2503 1606 2570 inter
1627 2509 1748 2569 metum
1769 2511 1802 2570 et
1823 2504 1978 2590 pudorem
2002 2513 2108 2573 metus

475 2625 648 2693 confitendi
661 2624 837 2706 haesitans,
865 2623 1033 2690 consilium
1048 2643 1152 2708 neque
1167 2623 1294 2708 accepit
1308 2642 1412 2706 neque
1427 2623 1555 2706 abiecit,
1575 2623 1634 2690 sed
1648 2624 1741 2691 modo
1756 2624 1791 2691 in
1806 2625 1885 2692 urbe
1900 2626 2102 2709 versabatur,

474 2747 568 2814 modo
595 2747 630 2812 in
659 2745 805 2832 proxima
833 2744 905 2810 urbi
931 2743 1065 2830 praedia
1088 2743 1239 2824 secessit,
1274 2762 1375 2826 usqne
1397 2743 1473 2809 dum
1497 2744 1614 2811 seditio
1636 2745 1752 2830 erupit.
1799 2745 1885 2828 qnod
1907 2747 1962 2812 ubi
1984 2748 2106 2814 factum

476 2875 541 2950 est,
575 2867 608 2932 in
637 2866 746 2931 villam
770 2864 952 2932 Ostiensem
982 2862 1140 2950 perfugit,
1175 2863 1235 2929 scd
1256 2864 1350 2949 plebs
1372 2873 1446 2949 post
1466 2885 1586 2951 paucos
1609 2864 1680 2933 dies
1702 2866 1736 2931 in
1757 2866 1987 2951 paenitentiam
2010 2888 2107 2935 versa

476 2988 562 3055 ludis
591 2985 803 3053 theatralibus
830 2985 968 3052 reditum
998 2984 1067 3051 eius
1097 2983 1252 3070 poposcit.
1298 2985 1457 3069 praefecti
1485 2985 1584 3069 igitur
1610 2986 1726 3053 litteris
1747 2993 1914 3053 revocatus
1936 2989 2106 3074 paululum

562 3284 621 3346 316)
644 3282 702 3342 168,
725 3282 755 3331 18
773 3296 828 3331 mea
845 3280 961 3331 ualetudo
979 3285 1046 3331 caret
1064 3283 1163 3330 interim
1179 3282 1305 3330 doloribus
1321 3282 1364 3330 sed
1382 3283 1477 3343 indicet
1494 3283 1609 3345 (lumitate
1626 3285 1732 3332 macinse
1750 3285 1919 3349 accedentibus
1936 3289 2017 3347 curis,
2042 3302 2106 3350 quas

472 3376 584 3436 proxime
601 3370 672 3431 saeta
689 3386 706 3418 a
723 3373 812 3419 senatu
828 3371 899 3417 aurit
916 3368 1015 3417 oblatio.

561 3457 619 3519 317)
643 3455 701 3518 171,
724 3454 755 3505 18
772 3468 832 3503 narn
848 3455 909 3502 miii
926 3454 955 3501 ob
972 3455 1026 3501 alia
1043 3467 1138 3515 quoque
1155 3468 1226 3515 aepre
1244 3460 1281 3502 111
1298 3454 1382 3502 turbas
1397 3458 1493 3516 patriae
1511 3457 1639 3517 copitanti,
1661 3470 1722 3517 quas
1737 3460 1869 3518 praecipue
1880 3462 2017 3507 1111111111
2028 3473 2105 3509 usum

473 3548 608 3595 militarem
626 3545 705 3606 petita
728 3543 836 3590 seruitia.
873 3544 895 3588 et
917 3553 962 3587 nos
985 3539 1083 3601 quidem
1106 3539 1195 3589 crebris
1216 3541 1328 3600 precibus
1350 3540 1484 3589 obnitimur
1501 3546 1524 3590 et
1541 3540 1605 3590 diem
1623 3541 1734 3590 ducissas
1753 3543 1929 3608 supplicando,
1955 3549 2053 3609 iamque
2069 3547 2104 3595 ad

471 3635 580 3695 pretium
596 3632 694 3691 arpenti
712 3630 817 3690 quinque
833 3626 956 3675 librarum
971 3629 1063 3674 misera
1079 3626 1201 3675 1611111111
1216 3631 1366 3688 peruentum
1382 3632 1434 3688 ert,·
1458 3628 1500 3676 sed
1517 3642 1616 3689 uereor,
1639 3642 1670 3677 ne
1687 3643 1731 3677 nos
1749 3630 1850 3678 alterius
1867 3634 1903 3679 rei
1920 3630 1984 3691 supa
2001 3637 2104 3695 utroque

473 3719 597 3780 despotin.
634 3714 777 3778 praefectus
794 3712 890 3774 apendo
907 3715 1004 3773 nescim
1021 3715 1119 3774 sepnior
1135 3717 1203 3761 1111111
1220 3713 1359 3775 Lampadio
1378 3727 1513 3763 srsccessore
1530 3718 1642 3763 1111111111
1659 3719 1708 3779 est,
1735 3718 1806 3764 euius
1823 3717 1931 3765 moribus
1949 3717 2105 3768 crediderumt

474 3804 626 3868 inpossibilia
640 3804 787 3864 promocsu.
824 3799 985 3848 Florentium
1009 3800 1149 3862 praefectus
1174 3801 1231 3847 urbi
1255 3799 1373 3848 ultimum
1392 3802 1572 3862 praescribitur
1590 3801 1640 3862 legi
1658 3802 1730 3849 datas
1749 3802 1774 3852 d.
1795 3802 1825 3851 21
1846 3803 1908 3853 Dec.
1928 3820 1950 3854 1.
1972 3803 2101 3856 3970111.

475 3891 568 3940 Theod.
588 3891 625 3938 Vl
644 3888 669 3951 2,
692 3887 723 3936 lb
742 3890 775 3948 -)-
796 3885 835 3946 11,
856 3885 872 3936 2
891 3889 924 3947 -)-
942 3886 1005 3933 Vlll
1024 3884 1048 3948 7,
1072 3885 1103 3934 19
1122 3889 1154 3946 -)-
1173 3886 1226 3934 xli
1246 3885 1269 3946 i,
1292 3884 1428 3937 iss-156
1447 3890 1480 3948 -)-
1499 3886 1559 3935 Cod.
1580 3889 1644 3936 lust.
1664 3888 1702 3934 Ill
1721 3887 1764 3951 23,
1786 3889 1809 3939 1.

560 3974 619 4037 318)
641 3973 805 4034 Symmachus
823 3973 959 4034 epistulae,
980 3987 1055 4035 quam
1075 3974 1106 4021 ab
1124 3974 1209 4022 Attalo
1227 3974 1277 4021 iter
1295 3974 1404 4022 iaciente
1422 3980 1565 4035 acceperat,
1586 3974 1741 4038 respondens
1759 3976 1858 4024 scribit:
1882 3975 1941 4040 183,
1960 3978 1977 4028 6
1994 3979 2103 4028 urbanas

473 4064 556 4112 turbas
578 4064 742 4123 Vaticano,
770 4063 797 4108 111
814 4064 936 4122 quantum
954 4061 1026 4120 iicet,
1046 4073 1121 4109 rure
1138 4060 1247 4120 declino,
1276 4065 1299 4109 et
1317 4064 1409 4121 tamen,
1437 4060 1575 4122 siquando
1594 4064 1622 4109 in
1638 4050 1734 4110 coetum
1751 4077 1883 4125 vocamur,
1910 4064 1944 4111 ad
1961 4066 2104 4127 obsequium

473 4151 571 4199 emuiiii
586 4148 680 4210 publici
694 4145 783 4208 pedem
799 4146 890 4207 resero.
921 4147 1030 4195 eundem
1042 4148 1159 4195 Attalum
1177 4148 1287 4208 legatum
1303 4146 1485 4195 Mediolanium
1504 4148 1610 4195 missum
1628 4161 1692 4210 esse,
1714 4163 1746 4197 ex
1764 4151 1978 4199 commendaticiis
1996 4152 2046 4199 VII
2059 4152 2100 4202 bi.

476 4236 533 4287 113.
556 4235 604 4286 111
622 4235 757 4296 discimus,
781 4247 857 4296 quam
874 4238 957 4282 autem
975 4234 1124 4294 legationem
1144 4233 1261 4296 duxerit,
1287 4248 1319 4281 ax
1337 4234 1448 4295 epistula
1465 4234 1494 4281 ad
1514 4233 1663 4282 Flavianum
1680 4236 1824 4294 agnoscitur
1843 4234 1908 4298 169,
1928 4235 1960 4286 23
1986 4239 2033 4299 ipsi
2048 4242 2104 4298 post

474 4324 612 4384 lepatorum
627 4319 805 4383 prosectionem
823 4334 877 4368 rus
899 4320 1107 4380 Vaticanum,
1129 4318 1194 4381 quod
1211 4323 1291 4369 vestro
1308 4319 1411 4380 praedio
1429 4319 1547 4379 cohamet,
1569 4322 1728 4383 accessimus,
1747 4325 1770 4368 et
1788 4324 1809 4369 si
1826 4321 1890 4369 nihil
1906 4321 2026 4382 disposita
2043 4337 2103 4372 con·

473 4410 568 4468 trsrbet,
595 4411 622 4457 in
639 4409 737 4469 Apriles
760 4404 879 4455 lsaiendas
901 4407 979 4455 1111111
996 4407 1045 4454 otio
1063 4405 1214 4468 defruemur.
1253 4408 1415 4454 iuniorum
1438 4406 1581 4454 dilectus
1604 4406 1738 4457 urbanis
1762 4406 1907 4468 familiis
1932 4410 2103 4469 imperatus

473 4509 573 4558 usque
590 4495 629 4543 ad
646 4497 770 4542 aeterni
785 4496 942 4554 principis
959 4506 1113 4553 responsa
1127 4492 1292 4553 pendebit.

560 4580 620 4642 319)
643 4579 700 4640 176,
722 4578 755 4629 32
781 4580 855 4641 ieqati
873 4580 968 4628 ordinis
985 4583 1109 4627 nostrisa
1126 4593 1176 4626 usu
1193 4581 1256 4627 actis
1273 4578 1386 4627 omnibus
1404 4584 1563 4627 reuerterunt.
1601 4594 1661 4626 nam
1679 4585 1702 4627 et
1722 4582 1829 4628 1111111111
1846 4585 1985 4643 conquievit
2003 4582 2104 4631 indictio

472 4673 495 4717 et
513 4670 610 4728 arpenti
627 4666 697 4716 nobis
712 4668 784 4730 sacta
801 4669 883 4727 pratia
901 4672 945 4715 est.
983 4680 1056 4726 super
1073 4668 1209 4726 impetratis
1227 4670 1309 4713 tamen
1326 4665 1406 4713 adbuc
1423 4670 1537 4726 speratur
1554 4668 1641 4715 oratio.

558 4752 618 4815 329)
638 4769 662 4803 s.
683 4752 766 4801 adnot.
788 4750 846 4800 318.
885 4754 918 4801 11.
941 4751 998 4813 171,
1020 4750 1035 4801 2
1055 4766 1125 4812 saepe
1141 4751 1265 4800 urbanam
1282 4754 1498 4801 commorationem
1515 4755 1626 4814 precioso
1645 4767 1702 4801 sure
1720 4753 1908 4814 distinquimus.

561 4837 620 4901 321)
641 4838 802 4899 Symmachus
821 4843 941 4886 autumno
959 4854 981 4887 a.
997 4838 1046 4888 397
1066 4839 1165 4887 scribit:
1188 4837 1247 4898 116,
1262 4837 1294 4888 26
1313 4838 1355 4886 sed
1373 4839 1432 4900 quid
1449 4839 1510 4887 miii
1528 4840 1672 4888 insusurras
1688 4840 1772 4900 serapis
1785 4837 1922 4899 Africanae
1940 4845 2025 4888 tenues
2035 4855 2103 4890 com·

471 4928 585 4974 meatus?
610 4924 686 4987 absit,
707 4928 736 4974 ut
753 4938 869 4986 praesum
886 4938 969 4972 annus
988 4926 1097 4973 incitetur
1114 4923 1246 4984 fortunam
1263 4927 1474 4985 superiorum.
1512 4925 1553 4972 hle
1571 4925 1676 4986 pluralis
1694 4928 1849 4986 superiorum
1867 4930 2001 4989 monstrat,
2027 4929 2102 4976 etism

472 5012 581 5060 hiemem
599 5026 621 5059 a.
638 5006 715 5077 tussi
734 5010 797 5059 satis
815 5011 944 5059 difficilem
963 5012 1058 5072 fuisse;
1079 5011 1144 5073 quod
1162 5016 1248 5058 autem
1266 5024 1298 5059 ex
1312 5011 1397 5058 Africa
1415 5016 1471 5059 tum
1489 5010 1603 5059 subsidia
1622 5012 1796 5073 sperabantur,
1819 5026 1847 5060 eo
1865 5013 2016 5074 explicatur,
2036 5013 2104 5075 quod

472 5098 546 5147 Gildo
569 5111 649 5159 usque
670 5097 701 5145 ad
725 5095 1092 5147 6111111111397111111111111
1109 5110 1245 5159 numquam
1263 5102 1412 5158 negaverat,
1439 5098 1484 5147 sed
1501 5112 1574 5159 parce
1593 5102 1693 5146 tantum
1711 5099 1790 5146 misit.
1827 5099 1860 5148 ci.
1881 5098 1969 5146 Claud.
1991 5098 2022 5146 de
2040 5099 2100 5147 bell.

473 5184 541 5233 Glid.
562 5183 596 5232 79
612 5187 739 5245 pascimur
757 5183 858 5233 arbitrio
877 5182 972 5244 Mauri,
991 5197 1035 5232 nec
1053 5183 1135 5232 debito
1153 5182 1223 5232 reddi
1240 5183 1284 5232 sed
1300 5198 1347 5233 sua
1364 5184 1464 5232 mercedi
1483 5188 1560 5233 iactat
1576 5183 1716 5246 qaudetque
1733 5184 1837 5233 diurnos
1854 5189 1883 5234 ut
1900 5185 2014 5245 famulae
2030 5200 2103 5247 prae-

474 5272 527 5320 iere
545 5271 629 5319 cibos.-

560 5354 618 5417 322)
640 5356 728 5405 Claud.
748 5358 777 5404 in
795 5370 864 5405 cons.
885 5355 943 5405 Stil.
963 5355 1059 5417 13073
1079 5355 1187 5419 11392;
1207 5357 1247 5404 111
1265 5355 1312 5419 si,
1332 5358 1359 5404 in
1379 5357 1483 5420 Eutrop.
1504 5355 1593 5406 1162.

559 5442 618 5504 323)
642 5441 699 5505 187,
722 5441 754 5491 11
771 5449 838 5491 earet
855 5443 938 5504 Appia
956 5447 1008 5491 tota
1023 5443 1143 5492 militibus
1160 5446 1306 5491 transuectis
1324 5445 1449 5503 omnibus,
1472 5446 1515 5506 qui
1530 5448 1644 5504 pacato
1661 5442 1796 5501 Africae
1814 5447 1900 5491 statu
1918 5447 1945 5491 in
1962 5443 2104 5506 obsequium

471 5528 552 5578 divini
574 5531 694 5589 principis
716 5534 874 5578 revertemini.
912 5529 972 5591 quid
995 5529 1059 5591 quod
1082 5531 1157 5577 etiam
1177 5531 1263 5590 patria
1287 5532 1320 5578 in
1342 5530 1436 5578 rebus
1459 5532 1610 5592 anqustts
1627 5532 1667 5578 vei
1684 5544 1755 5590 opem
1772 5531 1890 5579 summm
1907 5531 1948 5579 sel
1964 5533 2105 5579 societatem

471 5617 589 5677 requirit?
610 5642 647 5651 -
669 5616 712 5664 sed
736 5618 787 5664 iam
804 5630 857 5677 spes
873 5616 961 5663 11111111
977 5616 1045 5664 urbis
1062 5620 1161 5665 nostrae
1178 5617 1278 5664 cultum
1295 5621 1391 5665 serenat
1409 5622 1432 5666 et
1448 5619 1570 5666 alimonia
1587 5618 1686 5665 interim
1701 5619 1800 5677 preciso
1817 5616 1886 5677 suita
1903 5616 2012 5665 subsidio
2029 5619 2105 5665 ettam

469 5702 552 5762 scupis
570 5700 677 5763 Libycae
693 5703 831 5764 stipulatur
848 5700 992 5750 aduentum.
1025 5715 1081 5764 ergo
1099 5716 1155 5751 cum
1174 5704 1302 5751 exercitus
1320 5704 1398 5751 victor
1415 5705 1441 5750 iu
1455 5704 1554 5752 ltaliam
1572 5705 1622 5751 iam
1640 5717 1755 5751 reversus
1773 5707 1833 5764 erat,
1855 5703 1965 5751 nondum
1984 5703 2052 5752 1111111
2069 5717 2104 5752 ex

469 5787 554 5835 Africa
571 5792 722 5835 commeatus
742 5789 898 5836 annonarias
918 5793 1030 5837 venerit.
