4744 6476
494 477 557 538 334
1091 474 1287 529 SYMMACHI
1305 474 1518 530 ORATIONES

496 684 555 730 nos
577 665 748 750 principes.
795 664 879 730 tales
901 665 1028 749 collega
1050 672 1158 731 vester
1179 666 1408 747 suffragatores
1430 665 1560 745 babuit,
1586 666 1700 748 quales
1722 665 1897 748 antiquitas
1920 664 2118 730 candidatos.

494 769 723 851 intellegamus
738 768 837 834 nostri
852 768 974 833 saeculi
989 769 1091 833 bona:
1114 770 1207 835 abest
1222 789 1296 834 cera
1309 770 1422 855 turpis,
1442 769 1582 835 diribitio
1598 776 1747 853 corrupta
1762 768 1981 835 clientelarum
1998 769 2117 851 cuneis,

494 873 603 941 sitella
616 873 759 949 tonatim
785 872 869 938 inter
885 879 1031 938 senatum
1048 879 1080 938 et
1095 873 1255 957 principes
1271 873 1400 938 comitia
1414 873 1650 955 transiguntur:
1669 873 1794 956 eligunt
1808 892 1914 957 pares.
1934 872 2123 939 confirmant

495 977 688 1062 superiores.
734 976 821 1041 idem
844 975 957 1040 castris
979 976 1064 1059 quod
1087 976 1195 1041 curiae
1218 977 1342 1061 placet:
1375 977 1447 1060 quis
1470 977 1530 1043 hoc
1552 998 1614 1041 non
1636 981 1728 1061 putet
1749 976 1851 1043 orbis.
1865 983 2020 1041 terrarum
2049 995 2122 1043 esse

454 1081 672 1148 Siudiciuml
715 1078 743 1144 si
766 1078 846 1144 haec
868 1078 963 1142 nimis
986 1078 1130 1144 obsoleta
1159 1079 1265 1162 adque
1295 1079 1388 1145 arida
1418 1087 1510 1163 sunt,
1543 1086 1729 1163 sequentem
1760 1086 1938 1145 scrutemur
1966 1086 2157 1145 aetatems

494 1187 601 1251 fasces
623 1184 702 1248 istos
724 1181 835 1263 largiri
858 1181 1017 1247 didicerat
1038 1181 1145 1266 prisca
1167 1182 1351 1263 dominatio,
1378 1189 1410 1249 et
1431 1204 1472 1248 ne
1495 1184 1538 1248 ad
1559 1183 1657 1248 aliam
1673 1182 1921 1248 munificentiam
1943 1190 2117 1267 cogeretur,

494 1291 625 1355 obtentu
648 1284 778 1352 honoris
799 1284 931 1367 tegebat
952 1285 1123 1350 aerarium.
1167 1286 1241 1350 aliis
1264 1305 1332 1351 mos
1355 1286 1415 1352 fruit
1437 1286 1582 1352 fastidita
1605 1286 1660 1351 diu
1683 1307 1781 1352 onera
1803 1293 1991 1371 praetextae
2013 1287 2122 1371 priva·

493 1400 596 1458 torum
619 1389 738 1455 umeris
761 1387 927 1472 paulisper
947 1388 1111 1472 inponere.
1159 1389 1355 1455 renuntiarit
1377 1390 1427 1455 his
1449 1389 1576 1455 iniuriis
1599 1390 1799 1455 consulatus:
1832 1389 1924 1473 ipsae
1947 1389 2122 1473 dignitates

493 1496 593 1562 decus
615 1514 708 1559 suurn
731 1498 936 1576 receperunt3
963 1511 1025 1574 res,
1052 1512 1136 1575 quae
1158 1492 1276 1557 donum
1300 1494 1426 1559 solebat
1448 1512 1532 1574 esse,
1558 1493 1623 1557 iarn
1646 1494 1823 1577 praemium
1846 1500 1907 1559 est.

1129 1807 1217 1866 Deest
1236 1805 1346 1885 folium
1367 1810 1486 1866 cuam?
2143 1830 2173 1868 ro

319 1928 392 1969 *mh*
408 1940 429 1978 ν’
444 1928 480 2043 ³5¹
580 2025 818 2043 ‚‚‚‚‚‚‚‚
840 1978 927 2055 11111,
955 1997 1034 2058 qaaere
1049 1978 1166 2060 sitopoli
1180 1979 1357 2057 accipimur,
1383 1985 1417 2038 ut
1433 1980 1465 2037 ic
1485 1976 1490 2058 Ι
1510 1981 1640 2040 cunctos
1657 1975 1847 2059 redundent,
1873 1975 1964 2057 talia,
1990 1978 2122 2059 quaein

492 2100 659 2148 commune
681 2078 914 2162 consequimur,
941 2085 975 2144 ut
997 2079 1187 2162 perveniant
1208 2078 1252 2142 ad
1274 2078 1412 2161 gratiam
1435 2078 1646 2163 singulorum.
1687 2087 1842 2162 quantum
1862 2087 1921 2159 est,
1947 2080 2033 2163 quod
2048 2082 2122 2147 boni

491 2205 592 2250 meres
613 2184 723 2248 timere
744 2183 809 2248 iam
830 2182 989 2263 nesciunt,
1009 2183 1021 2268 {t
1036 2193 1112 2261 quod
1132 2192 1240 2246 iudicio
1258 2208 1313 2245 non
1332 2196 1454 2246 terretur
1472 2192 1575 2257 alieno,
1596 2194 1644 2262 qui
1663 2191 1752 2246 fretus
1770 2197 1815 2246 ost
1833 2207 1885 2246 suo
1901 2182 1914 2265 ΙΙ
1929 2184 2015 2267 quod
2038 2191 2122 2251 totus

491 2294 624 2354 senatus
646 2308 709 2352 non
732 2286 868 2351 refertur
889 2286 923 2350 in
946 2307 1112 2352 numerum
1135 2288 1312 2365 noxiorum,
1338 2288 1425 2370 quod
1448 2288 1519 2353 sola
1541 2288 1681 2372 suspicio
1704 2307 1777 2353 reos
1799 2308 1862 2352 non
1886 2286 1986 2353 facit?
2014 2287 2122 2354 inab

492 2398 601 2458 sentes
630 2391 703 2457 ideo
732 2390 812 2454 nihil
843 2389 990 2472 tingitur,
1024 2390 1100 2473 quia
1122 2390 1201 2455 nihil
1226 2390 1381 2471 creditur3
1416 2390 1538 2456 nullius
1561 2390 1670 2457 divitis
1702 2391 1824 2456 crimen
1852 2397 1989 2475 optatur.
2036 2398 2121 2457 certe
2143 2416 2172 2455 ru

489 2497 676 2561 innocentes
706 2512 833 2575 sumus,
866 2492 1004 2558 necdum
1034 2493 1146 2559 liceret
1173 2493 1234 2558 hoc
1264 2492 1390 2576 dicere,
1424 2494 1452 2559 si
1483 2494 1613 2560 eosdem
1635 2494 1742 2559 adhuc
1763 2501 1967 2560 accusatores
1989 2495 2123 2560 baberet

492 2601 593 2665 llorna
614 2616 693 2680 quoa
715 2596 852 2661 iudices.
893 2602 1045 2678 quantum
1069 2603 1119 2662 est
1140 2597 1262 2680 gratias
1284 2617 1383 2681 agere
1405 2618 1462 2682 pro
1484 2598 1593 2664 nobis!
1622 2599 1719 2663 etiarn
1742 2598 1861 2663 famam
1885 2598 2007 2663 saeculi
2025 2618 2122 2682 supe·

489 2707 582 2773 rioris
605 2705 825 2788 diligentiores
848 2704 967 2788 posteri
991 2689 1164 2770 diluetunt.
1205 2724 1310 2786 neque
1333 2704 1417 2770 enim
1441 2705 1492 2770 fas
1515 2712 1566 2770 est
1582 2705 1707 2788 negari,
1733 2722 1797 2767 non
1811 2701 1893 2766 alios
1909 2700 2017 2766 divum
2033 2701 2122 2786 prin-

490 2811 593 2895 cipem
617 2808 787 2893 pertulisse
810 2807 921 2873 hostes
943 2807 1198 2889 existimationis,
1225 2828 1320 2892 quam
1344 2827 1402 2873 nos
1425 2808 1551 2873 salutis.
1590 2808 1698 2873 iamne
1721 2812 1855 2888 constat,
1882 2805 2042 2870 fortunam
2065 2825 2123 2871 11

491 2912 625 2979 bilitatis
648 2910 826 2976 consentire
848 2912 1066 2996 temporibus?
1096 2912 1210 2977 eedem
1234 2912 1357 2977 iustitia
1378 2913 1530 2997 purgavit
1552 2913 1724 2997 imperium
1747 2930 1830 2994 quae
1853 2916 2011 2974 senatum.
2141 2931 2172 2973 11

434 3019 471 3078 tt)
581 3015 788 3080 Gratulamur
809 3014 885 3093 tibi,
910 3014 1038 3080 iuvenis
1060 3015 1224 3097 Auguste,
1255 3014 1340 3098 quod
1361 3015 1488 3099 paterni
1510 3035 1675 3081 successor
1697 3015 1800 3081 factus
1822 3012 1965 3097 imperii,
1999 3017 2122 3078 tanturn

492 3121 597 3186 malos
622 3119 747 3185 iudices
769 3117 863 3200 quasi
885 3117 1074 3183 hereditatis
1096 3138 1195 3183 onera
1216 3118 1406 3203 repudiasti.
1453 3139 1518 3183 non
1540 3119 1620 3184 satis
1642 3119 1700 3183 tibi
1724 3118 1843 3183 idonea
1865 3116 1951 3182 bona
1972 3115 2030 3179 illa
2053 3115 2123 3180 visa

491 3230 565 3289 sunt
587 3242 658 3287 cum
681 3220 876 3300 †ministris.
923 3227 957 3285 at
979 3220 1080 3304 prirno
1103 3221 1271 3286 consilium
1294 3229 1382 3286 tuum
1406 3221 1596 3287 deliberatio
1619 3221 1762 3303 distulit,
1788 3220 1864 3287 dum
1887 3218 2053 3304 experiris,
2080 3238 2122 3283 an

318 3341 389 3382 rma.
404 3354 426 3392 r.
441 3342 479 3383 arr
493 3325 629 3410 improbi
656 3331 752 3407 atque
777 3324 901 3389 externi
923 3343 1028 3388 mores
1051 3323 1209 3410 exemlplo
1232 3324 1355 3389 saeculi
1378 3324 1599 3405 vincerentur,
1633 3325 1684 3390 vel
1708 3323 1795 3407 quod
1816 3323 1935 3407 optimo
1958 3321 2023 3387 tilio
2046 3342 2124 3387 con-

492 3428 638 3512 gruebat,
666 3427 740 3492 dum
765 3427 871 3511 palam
895 3426 1003 3492 facere
1026 3426 1146 3508 studes,
1174 3427 1347 3512 praeterita
1370 3427 1489 3493 delicta
1511 3434 1705 3512 potestatum
1728 3427 1828 3492 fuisse
1850 3447 1913 3491 non
1929 3433 2119 3511 temporum.
2141 3451 2173 3491 aa

492 3533 619 3598 sciebas
648 3531 748 3609 enim,
780 3550 844 3614 quo
874 3536 1036 3615 spectaret
1063 3530 1203 3612 invidia,
1237 3531 1290 3597 cui
1313 3531 1473 3596 familiare
1502 3537 1552 3597 est
1574 3531 1732 3597 maximas
1754 3531 1942 3596 insimulare
1965 3529 2119 3611 fortrmas,

492 3636 597 3718 adque
627 3635 700 3700 ideo
723 3634 889 3719 paulisper
910 3634 1120 3718 inpotentiam
1143 3652 1260 3718 passus
1283 3654 1337 3717 es,
1368 3641 1404 3700 11
1425 3635 1580 3718 liqueret,
1613 3654 1669 3700 eos
1690 3634 1811 3719 publici
1834 3633 1954 3699 doloris
1976 3639 2132 3698 auctores

492 3739 613 3804 dudum
636 3738 747 3817 fuisso,
774 3738 829 3819 qui
851 3738 948 3802 etiam
971 3745 1038 3803 tum
1061 3737 1196 3803 nocendi
1220 3744 1321 3803 artem
1345 3738 1503 3821 colebant,
1530 3758 1602 3803 cum
1624 3738 1689 3803 iam
1712 3744 1867 3803 noverant
1888 3757 1951 3801 non
1973 3735 2082 3801 licere.

433 3847 465 3906 11
580 3842 666 3920 Quid
688 3841 825 3926 primum
847 3841 947 3924 igitur
969 3840 1118 3923 admirer,
1145 3840 1340 3925 quodcirca
1363 3841 1473 3905 divum
1496 3860 1612 3906 munus
1635 3842 1681 3925 pii
1704 3841 1763 3905 filii
1785 3861 1827 3905 an
1849 3839 1935 3923 quod
1958 3840 2042 3904 circa
2064 3859 2123 3904 nos

492 3954 601 4032 partes
624 3945 766 4031 parentis
789 3945 884 4029 egisti
894 3952 908 4009 1
933 3945 1112 4010 alienorum
1135 3945 1335 4010 simulatione
1358 3944 1524 4010 criminum
1546 3945 1741 4009 Maximinus
1762 3944 1858 4009 fidem
1881 3942 1959 4009 fecit
1980 3963 2120 4009 suorum.
2142 3966 2173 4005 co
2225 3982 2227 3987 <

491 4056 600 4114 vestra
622 4048 803 4115 aestimatio
827 4049 877 4127 sit,
905 4048 1011 4131 qualis
1034 4048 1186 4114 fueritin
1208 4054 1343 4131 ceteros,
1369 4069 1464 4132 quem
1487 4049 1550 4133 ipsi
1574 4069 1677 4114 rerum
1694 4048 1816 4113 domini
1830 4054 2002 4132 tyrannum
2018 4069 2122 4133 paene

491 4153 569 4217 estis
592 4152 726 4237 experti.
766 4152 903 4233 urgebat
924 4151 1008 4216 enirn
1032 4172 1114 4217 novo
1137 4151 1224 4217 fastu
1246 4152 1434 4236 patientiam
1458 4152 1580 4235 regiam
1603 4160 1636 4216 et
1651 4152 1875 4236 praefecturae
1891 4171 1971 4216 suae
1987 4151 2123 4236 putabat

493 4275 566 4322 esse
589 4255 809 4339 dispendium,
837 4255 866 4319 si
888 4254 967 4338 quid
988 4255 1133 4320 licuisset
1155 4255 1300 4339 imperio.
1349 4255 1471 4320 interea
1494 4275 1552 4320 nos
1575 4256 1836 4341 opperiebamur,
1864 4261 1900 4319 ut
1922 4255 2123 4339 principatus

433 4363 470 4421 12
494 4359 577 4424 ultro
598 4357 679 4423 talia
702 4357 888 4438 vindicaret,
915 4376 972 4422 vos
994 4358 1245 4443 exspectabatis,
1272 4367 1307 4423 ut
1329 4365 1461 4424 senatus
1483 4366 1643 4442 argueret.
1686 4357 1781 4423 credo
1796 4364 1915 4439 tamen,
1941 4358 2001 4422 bas
2016 4377 2123 4423 moras

493 4460 536 4525 ad
558 4461 746 4543 suffragium
769 4460 919 4543 publicae
941 4481 1059 4527 causae
1081 4482 1215 4547 parasse
1239 4463 1407 4537 fortunam,
1435 4469 1470 4527 ut
1492 4469 1708 4547 suscepturus,
1736 4461 1891 4527 Gratiane
1913 4462 2119 4545 venerabilis,
2143 4486 2174 4526 ac

318 4583 390 4624 aaa.
405 4596 427 4636 p.
442 4582 479 4625 ror
492 4564 647 4630 iudicium
670 4564 789 4629 doloris
811 4565 921 4647 nosti,
948 4564 1090 4631 adferres
1113 4565 1327 4631 testimonium
1351 4566 1412 4645 tui;
1440 4566 1501 4632 etsi
1522 4566 1605 4632 illud
1627 4566 1731 4647 magis
1747 4565 1935 4630 condumam
1954 4565 1959 4651 l
1978 4585 2030 4630 me
2046 4587 2124 4630 cou-

491 4669 596 4753 11111,
627 4675 769 4734 nostram
791 4668 987 4752 legationem
1014 4676 1141 4735 nostras
1171 4670 1279 4753 egisse
1309 4669 1543 4753 querimonias,
1577 4678 1611 4734 ut
1641 4668 1795 4735 videreris
1826 4679 1859 4732 lu
1886 4689 2013 4754 quoque
2040 4671 2124 4736 inter

492 4881 744 4889 ...----—.—.--
760 4881 903 4887 ———-

580 5018 719 5065 3uensles

579 5103 758 5152 11111111.
866 5100 1041 5165 81111111.

582 5190 608 5238 11
631 5188 772 5240 redundent
866 5191 894 5239 11
1001 5189 1032 5238 13
1051 5190 1212 5238 morlstimari
1300 5192 1327 5237 in
1342 5192 1424 5250 primu
1443 5190 1547 5238 editione
1565 5192 1684 5249 scriptam
1701 5194 1755 5237 erut
1773 5189 1838 5250 quod
1856 5190 1914 5236 boui
1933 5202 2013 5237 morse
2033 5190 2123 5236 timere

493 5280 543 5326 ism
568 5279 699 5339 nesciunt,
725 5279 750 5324 ia
774 5277 882 5325 scatade
906 5277 972 5338 qnod
989 5277 1083 5325 indicto
1101 5290 1150 5324 uon
1169 5282 1278 5324 terretur
1295 5276 1392 5336 alieno,
1418 5277 1462 5338 qul
1480 5277 1561 5324 fretus
1580 5282 1620 5325 est
1637 5288 1683 5323 suo
1818 5275 1849 5324 14
1867 5274 2125 5339 reterturinnttrnerul

495 5364 526 5413 15
544 5364 636 5413 diuites
741 5370 813 5416 certe
926 5363 955 5412 17
975 5360 1050 5430 quos]
1069 5362 1130 5425 Mai,
1150 5364 1218 5424 quod
1323 5365 1462 5424 superiores
1577 5358 2124 5428 191111111111111111111.1111111111·

494 5452 657 5500 1111111111,
765 5450 1007 5499 tusculanam.
1114 5450 1238 5514 iustitiam
1342 5463 1392 5511 qus
1411 5453 1423 5496 1
1443 5464 1477 5497 m.

579 5534 742 5603 1111111111
836 5535 870 5585 13
888 5538 1010 5585 ministris
1022 5538 1079 5585 tstta
1091 5536 1224 5598 Baehrens,
1238 5537 1356 5584 malorum
1370 5535 1493 5583 ministris
1506 5549 1550 5595 ceo
1646 5532 1670 5585 al
1766 5531 1916 5599 deliberallo
2015 5533 2049 5583 24
2067 5547 2123 5582 sac·

493 5626 542 5681 tuli
646 5625 742 5686 optime
762 5629 774 5673 1
794 5639 884 5673 ms·

580 5710 613 5760 19
631 5706 703 5776 quid]
723 5711 790 5772 quod
809 5716 820 5759 l
836 5726 869 5759 m.
976 5709 1009 5759 30
1027 5715 1144 5771 parentes
1163 5713 1224 5759 lm.
1332 5703 1502 5773 simulatlone]
1519 5706 1580 5771 Mol,
1601 5707 1729 5755 simulatlo
1834 5705 2038 5756 3111111111.

581 5795 613 5845 36
632 5792 833 5863 lldlellmdslorls
936 5797 1039 5846 adlerris
1146 5795 1178 5843 37
1197 5796 1323 5848 uidereris
1429 5790 1469 5860 tu]
1487 5807 1538 5857 epo,
1558 5810 1607 5843 om,
1627 5794 1682 5843 eod.
