4716 6476
490 461 552 523 238
1089 450 1285 511 sumptuosi
1303 451 1513 508 EPISTVLAE

438 651 472 714 F
488 646 676 731 diligentiae
705 656 775 710 tuoe
804 650 970 730 promptus
999 641 1236 710 commendator
1264 641 1407 722 insinno,
1441 640 1495 724 qui
1525 640 1691 707 refovendi
1719 638 1902 725 patrimonii
1927 638 1992 704 mei
2013 638 2118 722 gratia

489 749 683 815 laboriosam
705 746 932 834 peregrinandi
954 746 1179 813 necessitatem
1202 745 1334 831 recepit,
1359 764 1460 828 eoque
1483 743 1610 827 dignior
1632 751 1682 810 est
1703 743 1778 809 boni
1796 742 1951 826 cuiusque
1967 741 2118 825 suffragio

449 859 468 918 2
496 896 1510 917 ....................................
1529 847 1605 912 ullis
1627 846 1742 913 edictis
1765 843 2023 928 designationem
2046 862 2120 928 per-

491 974 639 1019 sonarum
662 953 809 1019 videmus
832 966 1035 1039 expressam,
1069 952 1125 1018 sed
1147 950 1378 1037 principalibus
1400 957 1433 1017 et
1454 949 1623 1015 tabulariis
1646 950 1782 1016 liberum
1805 955 1871 1032 est,
1904 947 1987 1014 alios
2008 968 2029 1012 a
2053 946 2121 1011 dis-

490 1056 606 1142 pendio
628 1056 808 1138 vindicare,
842 1056 917 1122 aliis
939 1056 1118 1121 indebitum
1140 1074 1256 1119 munus
1278 1054 1443 1139 inponere.
1491 1052 1576 1117 unde
1607 1072 1745 1135 quaeso,
1778 1059 1814 1117 ut
1835 1051 1918 1117 hanc
1940 1057 2066 1135 partem
2089 1057 2156 1115 ets

490 1167 619 1225 nostrae
648 1158 797 1225 utilitatis
827 1166 859 1224 et
888 1165 963 1224 tuae
993 1158 1101 1224 laudis
1132 1156 1385 1223 consideratione
1416 1156 1581 1222 discutias.
1633 1156 1797 1240 postulant
1825 1154 1910 1220 enim
1944 1152 2121 1239 capitulani

490 1263 687 1339 taxationem
718 1261 829 1327 tironis
855 1263 896 1327 ab
919 1260 1102 1326 hominibus
1125 1261 1206 1327 meis
1228 1260 1319 1325 nulla
1342 1279 1440 1343 super
1461 1259 1521 1324 hoc
1545 1258 1693 1344 publicae
1715 1256 1894 1322 validitatis
1915 1261 2122 1321 monumenta

491 1371 681 1448 promcatcs3
716 1364 802 1430 unde
824 1364 904 1429 mibi
925 1385 988 1429 non
1012 1364 1132 1430 iniusta
1154 1363 1294 1448 suspicio
1317 1370 1383 1443 est,
1415 1362 1500 1445 quod
1521 1362 1554 1427 in
1578 1360 1817 1427 exeusationem
1841 1359 1891 1425 sui
1913 1366 1969 1425 aut
1992 1378 2122 1425 suorum

491 1475 615 1532 nostros
645 1487 772 1551 qnoque
803 1467 948 1533 homines
978 1467 1064 1533 falsa
1085 1465 1302 1551 adscriptione
1325 1465 1538 1531 subdiderint.
1585 1472 1618 1530 et
1639 1463 1713 1529 ideo
1736 1463 1868 1546 dignum
1892 1470 1955 1541 est,
1991 1467 2027 1526 nt
2047 1481 2121 1545 pro-

492 1570 684 1636 vincialibus
706 1571 758 1637 vel
782 1571 887 1636 edicto
910 1570 963 1636 rel
986 1569 1220 1654 subscriptione
1242 1575 1299 1633 tua
1321 1568 1489 1634 instructio
1511 1569 1609 1652 plena
1631 1567 1802 1652 pandatur,
1828 1586 1869 1632 ne
1891 1564 2120 1631 tabulariorum
2145 1590 2175 1631 ιο

492 1681 524 1738 et
546 1674 713 1738 curialium
736 1694 822 1757 vaga
845 1682 877 1738 et
900 1673 1003 1739 libera
1025 1672 1150 1739 exactio
1173 1678 1342 1756 quaestum
1364 1677 1505 1757 praestet
1528 1668 1689 1736 licentiae.
1707 1675 1716 1689 ‘
1736 1668 1821 1735 vale.

1276 2014 1335 2079 XI.

1046 2169 1306 2237 SYMMACHVS
1327 2167 1568 2236 MARCELLO.

582 2345 662 2409 Cum
691 2342 794 2408 vicem
825 2341 1027 2426 praesentiae
1049 2362 1142 2408 meae
1164 2349 1197 2407 et
1218 2341 1321 2426 possit
1342 2348 1374 2407 et
1396 2340 1514 2407 debeat
1534 2347 1609 2406 tuus
1630 2340 1829 2407 interventus
1851 2340 1994 2424 inplere,
2027 2340 2123 2405 miror

495 2445 756 2530 suggestionibus
779 2443 946 2509 Amazonii
969 2444 1195 2528 occupationes
1216 2450 1343 2510 nostras
1365 2443 1551 2527 frequenter
1573 2442 1708 2508 onerari.
1752 2462 1912 2526 exequere
1934 2443 2041 2526 igitur,
2068 2462 2123 2507 oro
2147 2469 2176 2508 ra

494 2556 543 2628 te,
577 2555 687 2635 partes
716 2547 878 2614 amicitiae
908 2554 1139 2631 congruentes,
1171 2554 1207 2612 ιιι
1235 2547 1357 2613 anxilio
1385 2534 1440 2612 tuo
1466 2553 1571 2613 tutata
1593 2546 1754 2632 possessio
1777 2546 1906 2632 etipsa
1927 2568 1948 2612 a
1969 2546 2123 2613 molestiis

454 2658 473 2717 2
495 2652 677 2719 vindicetur
704 2659 737 2716 et
764 2651 856 2716 nobis
886 2650 1010 2733 aliquid
1040 2650 1273 2717 commoditatis
1303 2651 1465 2716 exhibeat.
1513 2650 1597 2715 inter·
1619 2649 1744 2733 reliqua
1767 2656 1893 2733 autem,
1926 2670 2010 2733 quae
2037 2649 2123 2715 idem

496 2754 690 2820 Amazonius
711 2753 889 2835 intimavit,
921 2773 1118 2839 magnopere
1141 2752 1332 2839 deprecatus
1355 2760 1423 2835 est,
1457 2759 1491 2819 ut
1513 2753 1646 2835 Vrsum,
1671 2752 1912 2835 quamdudum
1935 2752 2044 2820 domui
2066 2773 2125 2818 no

496 2865 582 2924 strae
610 2877 681 2924 cum
712 2856 836 2923 familia
866 2876 924 2921 sua
953 2856 1032 2922 dicit
1060 2857 1249 2947 obnoxium,
1281 2858 1322 2922 ab
1352 2857 1440 2923 omni
1468 2855 1599 2941 publica
1629 2856 1839 2923 conventione
1862 2874 2030 2937 secernas,
2062 2874 2125 2939 quo

496 2961 624 3026 facilius
650 3010 830 3025 .......
856 2958 967 3025 delata
994 2958 1140 3025 munivit.
1199 2958 1259 3026 sed
1286 2958 1389 3024 maior
1417 2959 1447 3024 ei
1475 2959 1643 3044 opitulatio
1674 2978 1714 3024 ex
1745 2966 1815 3042 tuo,
1851 2958 1979 3039 arbitri,
2016 2957 2125 3023 favore
2145 2981 2175 3022 ro

496 3064 680 3148 proveniet,
713 3083 785 3129 cum
814 3081 933 3129 causae
965 3062 1035 3128 eius
1055 3062 1155 3128 etiam
1178 3062 1301 3128 iustitia
1322 3082 1388 3127 non
1410 3061 1505 3127 desit.
1552 3061 1811 3146 circumscriptus
1834 3061 1938 3143 enim,
1972 3065 2125 3144 quantum

498 3184 549 3231 res
572 3166 690 3247 docuit,
715 3166 886 3251 inprovida
909 3165 1066 3247 cantione,
1093 3186 1157 3231 non
1180 3165 1278 3232 debet
1299 3185 1416 3231 noxam
1439 3164 1577 3231 rusticae
1597 3164 1764 3248 facilitatis
1786 3163 1940 3229 incidere.
1987 3163 2072 3228 vale.

1199 3509 1263 3575 XII
1294 3529 1324 3574 a.
1350 3511 1423 3572 399.

1136 3664 1195 3729 ΑΙ)
1218 3663 1485 3729 PERPETVVM.

587 3836 703 3902 Votiva
725 3835 839 3901 domus
861 3854 953 3901 meae
975 3834 1095 3901 iunctio
1117 3842 1173 3901 tua
1194 3835 1381 3901 adiumenta
1403 3833 1566 3919 deposcit3
1596 3834 1740 3919 proxime
1763 3835 1860 3915 enim,
1887 3835 1914 3899 si
1938 3842 2049 3921 optata
2070 3856 2129 3901 no
2147 3856 2177 3898 rs

501 3947 568 4006 stra
596 3939 687 4005 favor
717 3937 895 4004 divinitatis
917 3938 1091 4019 adiuverit,
1124 3937 1210 4004 filius
1232 3958 1324 4004 meus
1346 3944 1517 4023 praeturae
1540 3937 1679 4003 editione
1702 3937 1869 4021 iungetur,
1904 3937 1955 4003 cui
1976 3957 2127 4022 equorum

501 4042 658 4109 curulium
681 4041 825 4126 paranda
846 4040 998 4107 nobilitas
1020 4048 1080 4106 est.
1124 4041 1152 4106 si
1175 4040 1253 4123 quid
1274 4041 1373 4124 igitur
1396 4039 1483 4124 apud
1505 4046 1536 4106 te
1552 4040 1640 4105 valet
1653 4040 1827 4107 amicorum
1842 4040 2022 4107 absentium
2038 4061 2125 4123 cura,

501 4163 622 4227 quaeso
650 4150 701 4227 te,
735 4150 770 4209 ut
799 4165 840 4211 ex
869 4143 1016 4209 omnibus
1045 4143 1215 4227 gregibus,
1247 4143 1364 4226 quibus
1393 4143 1493 4228 pollet
1522 4142 1696 4226 Hispania,
1730 4143 1923 4209 lectissimos
1950 4164 2070 4228 genere
2097 4151 2130 4210 et

503 4246 673 4313 velocitate
704 4253 904 4331 praestantes
935 4245 1106 4330 diligenter
1136 4246 1324 4328 edecumes,
1359 4265 1438 4328 quos
1468 4246 1563 4312 amici
1587 4246 1650 4311 mei
1670 4246 1705 4312 in
1726 4266 1793 4312 rem
1816 4247 1907 4312 missi
1928 4247 2015 4313 iusta
2036 4247 2129 4333 pretii

503 4349 689 4416 definitione
711 4357 901 4416 mercentur.
942 4350 1040 4417 stabit
1061 4351 1148 4435 apud
1170 4370 1222 4415 me
1243 4349 1359 4433 iugiter
1380 4349 1528 4416 beneficii
1550 4349 1597 4414 tui
1618 4349 1735 4433 gratia,
1761 4348 1790 4414 si
1812 4348 1888 4415 huic
1909 4350 2038 4434 negotio
2062 4356 2130 4415 stn-
2149 4372 2177 4413 co

504 4452 603 4533 dium,
629 4451 715 4534 quod
736 4452 850 4535 religio
872 4459 983 4518 mutua
1004 4453 1168 4538 promittit,
1194 4452 1391 4538 inpenderis.
1438 4453 1524 4519 vale.

593 4763 604 4812 l
625 4763 751 4824 dilenglae
769 4760 806 4811 1³²
820 4767 831 4810 1
844 4778 880 4812 m.
986 4760 1057 4830 tuse]
1075 4763 1211 4827 Scioppius,
1226 4778 1275 4813 om.
1290 4764 1314 4811 F
1414 4762 1429 4812 2
1449 4759 1540 4829 eoque]
1553 4760 1629 4823 w,
1649 4777 1678 4812 eo
1696 4765 1761 4826 quod
1775 4766 1799 4812 F
1805 4762 1841 4812 ¹1⁸
1941 4761 2053 4832 dignior]
2069 4763 2129 4823 111',

505 4850 607 4914 dignius
626 4851 649 4897 F
751 4849 875 4912 cuiusque
893 4850 1007 4909 suffragii
1025 4850 1086 4898 ullis
1104 4847 1134 4911 Γ,
1155 4850 1278 4911 oulnsqns
1296 4850 1442 4909 suffragium
1461 4850 1520 4897 ullis
1539 4850 1600 4912 (illis
1614 4846 1652 4896 F²
1665 4854 1677 4898 l
1690 4864 1736 4913 aa,
1757 4864 1814 4899 cnm
1832 4850 1905 4913 tm.)
1926 4850 1956 4913 F,
1976 4852 2051 4899 cuins
2069 4866 2130 4900 usus
2244 4861 2252 4869 '

505 4936 566 4985 nllis
585 4935 622 4998 Π,
643 4937 761 4985 hennom
779 4933 901 4983 indicavit
919 4934 1049 4997 Scioppius
1175 4936 1258 4987 4alio
1276 4934 1312 4983 F¹
1440 4935 1602 4984 bnindirate
1622 4932 1659 4982 1⁸²
1780 4933 1821 5003 nt]
1840 4942 1866 4987 st
1884 4933 1920 4984 Fi
2040 4937 2130 4987 blan·

506 5018 557 5089 dia]
575 5020 689 5084 Lppsi'ns,
710 5020 799 5069 salutis
817 5022 840 5067 F
958 5021 1088 5085 postulent
1105 5017 1147 5069 Ν
1160 5026 1171 5070 i
1185 5038 1219 5070 m.
1343 5017 1491 5088 capitulani]
1509 5019 1610 5083 ΠΓΡῑ,
1631 5024 1768 5084 capitulam
1787 5020 1825 5070 ul
1946 5022 2056 5087 isuper
2074 5018 2131 5089 hoc]

507 5113 622 5170 superest
642 5104 678 5155 Fl
692 5111 703 5154 1
717 5123 762 5169 m.,
789 5113 904 5168 superest
921 5109 994 5155 ouius
1015 5105 1049 5155 i'ff
1062 5108 1123 5156 tm.
1230 5103 1382 5174 ualldltatis]
1400 5122 1453 5168 spo,
1474 5109 1593 5158 utilitatis
1613 5110 1641 5171 F,
1662 5110 1818 5158 auctoritatis
1836 5110 1937 5158 Iasstras
2042 5107 2058 5158 8
2076 5122 2132 5171 pro-

507 5190 617 5259 mentes]
634 5193 749 5256 Lppsins,
770 5193 896 5256 promittis
916 5190 1077 5259 F1s21m,
1098 5195 1272 5257 promittentes
1291 5193 1329 5242 Pl
1342 5196 1358 5243 2
1369 5212 1404 5244 m.
1545 5192 1652 5262 iniusta]
1670 5194 1787 5259 lypsias,
1807 5195 1876 5244 iusta
1893 5196 1917 5242 F
2052 5194 2068 5243 s
2087 5209 2131 5245 uo-

508 5275 584 5345 stros]
602 5292 646 5327 nos
665 5277 701 5324 Pl
805 5280 927 5329 subdetur
946 5276 984 5328 F2
1086 5288 1126 5330 est
1143 5296 1191 5331 om.
1207 5279 1244 5329 F²
1363 5282 1392 5330 10
1411 5281 1545 5344 scriptione
1565 5280 1601 5328 F1
1705 5276 1842 5347 pandatur]
1860 5277 1937 5343 Im,
1957 5281 2081 5343 pandatur
2099 5279 2131 5328 Pl

510 5364 538 5414 ll
559 5365 683 5413 cuntium
702 5362 740 5411 F2
843 5366 959 5413 licentias
977 5372 1034 5416 unis
1051 5380 1115 5428 uaga
1131 5369 1217 5417 eolice.
1239 5366 1284 5431 (Γ)

596 5448 628 5500 19
645 5464 694 5513 qno
712 5451 808 5501 facilins
826 5466 894 5499 aas*
912 5451 995 5499 delata
1012 5448 1133 5519 muniuit]
1152 5450 1206 5516 (Γ),
1226 5467 1274 5503 om.
1290 5453 1341 5517 (Π)
1470 5452 1503 5501 20
1520 5448 1618 5518 arbitri]
1635 5466 1688 5515 epo,
1709 5454 1806 5503 arbitrii
1826 5452 1877 5516 (Π)
2000 5450 2033 5502 22
2052 5454 2132 5501 laelii·

508 5533 705 5604 tatis]1nssius,
724 5536 868 5587 foelicitatis
886 5537 919 5586 Π

596 5622 629 5671 26
648 5619 802 5688 diuinitatis]
821 5620 852 5687 Γ,
872 5624 977 5672 diuinus
996 5622 1046 5686 (Π)
1152 5624 1184 5675 28
1202 5632 1227 5673 te
1245 5638 1293 5674 orn.
1309 5622 1354 5689 (Γ)
1460 5623 1493 5673 30
1510 5620 1615 5691 ingiter]
1634 5625 1740 5687 maras,
1760 5626 1841 5686 igitur
1859 5622 1939 5689 (His
