4744 6476
1087 476 1284 532 Sinnacen
1300 477 1538 534 RELATIONES

996 841 1144 907 xxxrn
1168 841 1362 925 (xxxam.
1381 842 1466 925 unq
1502 861 1533 905 a.
1553 845 1630 907 sss.

385 1010 482 1071 ΤΜΓ
587 1010 626 1073 ln
659 1010 765 1075 causis
798 1012 1052 1096 appellationum
1086 1014 1171 1078 malo
1204 1014 1255 1078 ius
1288 1013 1455 1097 potestatis
1489 1011 1663 1094 infringere
1697 1034 1793 1096 quam
1830 1013 2123 1098 interpretationum

500 1112 599 1178 dubia
627 1115 801 1196 sustinere,
837 1117 1023 1201 praesertim
1054 1117 1199 1181 conscius
1227 1115 1316 1181 haud
1345 1116 1474 1199 iniquae
1499 1115 1721 1191 iudicationis,
1755 1117 1806 1181 coi
1830 1117 1973 1183 nonnihil
1997 1119 2124 1183 honoris

459 1217 476 1275 2
499 1217 636 1299 eveniet,
663 1218 691 1282 si
714 1219 913 1285 aeternitatis
936 1227 1062 1285 vestrae
1085 1220 1214 1284 oraculo
1236 1219 1410 1300 roboretur,
1437 1218 1514 1283 ddd.
1540 1220 1662 1303 imppp.
1703 1218 1762 1284 tuli
1784 1220 1882 1307 igitur
1904 1220 2123 1287 Constantium

493 1320 640 1400 suanum
664 1327 783 1386 temere
805 1329 1040 1406 provocantem,
1068 1342 1139 1387 cum
1162 1343 1202 1387 cx
1224 1321 1378 1405 rescripto
1400 1321 1539 1385 numinis
1561 1322 1660 1388 vestri
1675 1328 1805 1403 statum,
1831 1343 1927 1405 quem
1942 1322 2157 1391 Theodosios

498 1423 627 1488 absenti
656 1425 837 1507 ademerat,
874 1425 1110 1490 reformassem.
1163 1431 1249 1489 mota
1278 1425 1362 1489 enim
1393 1431 1501 1489 vestra
1531 1424 1701 1489 clementia
1730 1424 2017 1508 supplicationibus
2047 1448 2124 1510 qne-

499 1526 578 1590 rulis
607 1527 696 1592 brevi
726 1527 873 1593 examine
902 1528 997 1593 iussit
1025 1526 1159 1611 inquiri,
1192 1548 1234 1591 an
1256 1526 1438 1592 Theodosio
1466 1532 1558 1591 extra
1587 1525 1768 1591 conflictum
1798 1527 1903 1593 locato
1932 1548 1971 1594 ac
1994 1528 2121 1609 deinde,

499 1649 539 1694 ne
570 1631 665 1694 rebus
695 1630 881 1710 excederet,
920 1636 1114 1714 provocante
1145 1630 1380 1714 possessionem
1411 1649 1577 1714 corporum
1608 1629 1815 1695 Constantius
1846 1638 1933 1697 esset
1959 1632 2121 1718 indeptus.

499 1732 643 1815 allegata
664 1733 763 1817 igitur
784 1734 1010 1818 praeceptione
1032 1734 1144 1798 divina
1165 1734 1268 1818 primo
1291 1733 1504 1816 cognitionem
1527 1733 1623 1798 totim
1639 1733 1771 1817 negotii,
1797 1734 1943 1818 quamvis
1959 1737 2123 1819 speciatim

499 1836 578 1901 milri
606 1837 848 1919 tranquillitatis
877 1844 1005 1902 vestrae
1033 1837 1238 1919 delegatione
1267 1837 1470 1917 mandatam,
1503 1836 1564 1900 viri
1593 1836 1762 1901 clarissimi
1789 1837 1902 1903 vicarii
1924 1839 2124 1921 praesentiae
2145 1857 2174 1897 ιο

499 1939 672 2004 reservavi.
731 1940 890 2022 siquidem
924 1939 1093 2004 videbatur
1126 1940 1207 2003 haec
1240 1959 1338 2004 causa
1372 1939 1487 2004 ceteris
1520 1938 1802 2023 provocationibus
1835 1959 1907 2006 esse
1941 1942 2120 2017 coniuncta,

499 2061 582 2124 quae
604 2062 635 2106 v.
662 2062 690 2107 e.
716 2043 938 2126 prodecessori
958 2063 1028 2108 meo
1051 2044 1253 2125 negabantur
1275 2041 1439 2107 admissae
1461 2048 1494 2106 et
1515 2042 1652 2106 aiterum
1675 2062 1799 2107 mecum
1822 2053 2027 2129 sumpserant
2049 2066 2124 2127 cog-

457 2151 476 2211 3
500 2144 646 2210 nitorem.
695 2145 812 2211 debinc
834 2146 890 2211 ubi
913 2167 984 2211 eam
1008 2154 1149 2230 partem,
1176 2166 1259 2228 quae
1281 2144 1325 2209 ad
1346 2145 1436 2210 illius
1458 2145 1611 2229 temporis
1632 2143 1772 2210 iudicem
1795 2145 1993 2230 pertinebat,
2020 2156 2124 2214 vestm

499 2247 675 2313 retinuistis
697 2249 848 2327 examini,
875 2249 1103 2334 appellationis
1125 2247 1330 2330 inquisitione
1353 2247 1510 2328 discreta,
1537 2266 1607 2312 cum
1631 2247 1695 2311 iam
1718 2248 1907 2333 participem
1929 2250 2042 2316 iudicii
2063 2272 2124 2316 nun

499 2351 668 2432 haberem,
702 2353 848 2419 turbatae
876 2352 1090 2439 possessionis
1119 2352 1296 2433 querellam
1325 2350 1480 2434 rescripto
1509 2351 1680 2416 obsecutus
1702 2351 1831 2431 audivi,
1865 2359 1898 2418 et
1919 2353 1997 2436 quia
2019 2352 2124 2419 Theo
2145 2370 2173 2410 ¹⁵

394 2464 398 2469 ’
499 2453 624 2519 dosium
645 2454 765 2521 indicio
787 2476 851 2521 nou
872 2455 1058 2522 interfuisse
1081 2456 1256 2534 constabat,
1284 2474 1346 2536 qno
1369 2454 1431 2519 sibi
1454 2453 1601 2538 demptas
1624 2460 1757 2536 questus
1780 2461 1830 2520 est
1851 2453 2035 2539 facultates,
2065 2477 2124 2522 nec

498 2557 565 2622 ulla
588 2578 718 2642 precum
740 2558 911 2624 mendacia
932 2557 1139 2623 Constantius
1162 2557 1345 2640 detegebat,
1371 2563 1524 2622 executus
1547 2576 1617 2621 sum
1641 2556 1726 2622 circa
1748 2578 1937 2640 germanum
1960 2558 2125 2643 snpplica-

497 2659 574 2723 toris
596 2660 748 2726 heredem
771 2662 911 2727 caeleste
933 2660 1087 2726 iudicium
1102 2659 1280 2725 reformato
1303 2665 1406 2740 statu,
1438 2679 1532 2741 quem
1556 2658 1671 2724 claruit
1693 2679 1767 2724 mox
1789 2660 1953 2745 proposita
1975 2662 2124 2745 appella·

497 2762 584 2828 bone
607 2763 790 2845 defensum,
817 2763 892 2830 licet
913 2764 1046 2842 inultus
1069 2763 1216 2828 subditus
1238 2761 1419 2844 quaestioni
1442 2760 1581 2843 libellos,
1608 2780 1687 2842 quos
1709 2762 1911 2828 Theodosius
1932 2763 2120 2848 publicavit,

498 2866 585 2950 apud
616 2886 652 2932 se
680 2867 842 2933 resedisse
864 2866 1097 2932 memoraverit.
1145 2865 1351 2931 nihilominus
1373 2864 1548 2930 oboediens
1570 2863 1734 2948 imperatis
1758 2867 1873 2958 statui,
1908 2874 1943 2931 ut
1964 2866 2046 2933 tides
2067 2888 2124 2951 ge
2142 2884 2172 2926 n

456 2975 473 3033 4
498 2978 618 3036 stomm
641 2971 839 3056 superiorum
862 2970 905 3036 ad
927 2978 1067 3054 augusta
1089 2968 1209 3035 scrinia
1230 2969 1419 3034 mitteretur.
1466 2967 1541 3033 binc
1562 2974 1633 3033 orta
1654 2974 1705 3034 cst
1725 2969 1922 3053 provocatio,
1957 2970 2049 3035 cuius
2071 2971 2123 3036 vel

495 3073 620 3140 iustitia
641 3075 695 3140 vel
717 3074 919 3140 contumacia
940 3092 1031 3138 sacro
1054 3072 1254 3157 expendetur
1275 3070 1418 3136 arbitrio.
1464 3071 1589 3136 interea
1610 3071 1844 3137 constitutionis
1867 3093 1987 3138 memor
2009 3092 2125 3157 seque-

497 3177 591 3241 strari
620 3177 751 3242 mobilia
780 3177 965 3260 fructusque
993 3175 1160 3261 praecepi,
1197 3195 1238 3240 ne
1271 3173 1369 3240 medii
1399 3173 1554 3257 temporis
1583 3173 1748 3257 usurpatio
1777 3174 1928 3240 abutatur
1957 3175 2119 3242 indebitis.

497 3279 637 3344 omnium
659 3286 821 3363 gestorum
836 3279 911 3360 fida
933 3279 1125 3344 documenta
1147 3299 1218 3343 cum
1242 3277 1474 3362 supplementis
1497 3277 1635 3362 partium
1660 3277 1805 3342 relationi
1829 3297 1869 3342 ex
1891 3298 1979 3343 more
2002 3279 2123 3344 sociata

497 3389 581 3461 sunt,
607 3388 642 3446 ut
664 3381 719 3447 diu
741 3381 909 3449 fluctuanti
931 3401 1049 3448 causae
1070 3381 1201 3447 tandem
1223 3380 1372 3447 stabilem
1395 3379 1566 3445 terminum
1589 3379 1699 3444 divino
1721 3399 1775 3445 ore
1798 3380 1935 3465 ponatis.
2141 3397 2172 3441 as

915 3693 1079 3758 xxxnn
1099 3690 1311 3775 (xxxxvn.
1329 3690 1432 3773 nmo
1466 3710 1497 3755 a.
1517 3692 1700 3757 sss-sss.

583 3863 711 3946 Omnes,
739 3864 793 3946 qui
816 3864 860 3929 ad
881 3864 1099 3948 amplissimos
1121 3865 1276 3929 honorum
1301 3861 1422 3944 gradus
1444 3860 1562 3926 iudicio
1584 3862 1775 3928 clementiae
1798 3869 1925 3927 vestrae
1946 3862 1997 3927 vel
2013 3863 2121 3928 farore

495 3967 716 4051 provehimur,
749 3988 872 4032 summo
901 3966 1006 4032 studio
1036 3967 1191 4033 debemus
1220 3965 1315 4047 eniti,
1350 3972 1385 4030 ut
1413 3960 1546 4030 famam*
1564 3965 1685 4031 saeculi
1717 3965 1958 4047 suggestionum
1988 3966 2122 4031 veritate

496 4076 659 4149 tueamur,
695 4070 772 4136 ddd.
803 4070 925 4156 imppp.
974 4068 1060 4152 quod
1089 4069 1174 4135 enim
1204 4086 1308 4152 genus
1337 4067 1461 4151 gratiae
1491 4067 1655 4133 beneficiis
1685 4068 1864 4152 principum
1895 4069 2121 4151 rependendae

454 4174 623 4243 2fortuna
649 4174 743 4258 inpar
771 4174 930 4253 inveniet,
964 4174 992 4238 si
1021 4172 1118 4238 fidem
1148 4172 1294 4253 deserat,
1329 4192 1412 4255 quae
1442 4172 1512 4237 sola
1541 4172 1643 4236 munit
1672 4170 1862 4254 imperium?
1895 4172 2122 4256 contemplanti
2141 4190 2171 4231 so

495 4276 575 4341 mibi
596 4277 694 4359 igitur
715 4277 903 4362 rescriptum
925 4276 1065 4342 numinis
1087 4276 1197 4356 sesni,
1224 4296 1287 4358 quo
1310 4294 1404 4340 arcae
1427 4273 1572 4339 vinariae
1595 4273 1704 4339 debita
1726 4295 1746 4338 a
1768 4273 1932 4358 praefecto
1954 4274 2026 4338 eius
2041 4282 2122 4340 tarn

494 4381 596 4463 poris,
623 4401 686 4464 quo
708 4387 870 4446 contracta
891 4380 1053 4462 dicuntur,
1076 4378 1148 4465 ,crui
1171 4379 1358 4459 censuistis,
1384 4378 1480 4443 silere
1503 4376 1554 4442 fas
1577 4376 1738 4452 nonfuit,
1765 4376 1844 4459 quid
1865 4382 2044 4461 temporum
2066 4397 2123 4443 ve·

494 4490 629 4549 stromm
656 4489 811 4565 congruat
838 4482 1004 4565 aequitati.
1049 4482 1115 4547 iam
1137 4482 1275 4567 primum
1298 4489 1426 4564 stupere
1449 4500 1500 4546 me
1523 4480 1625 4545 fateor
1647 4478 1781 4543 caelesti
1803 4478 2043 4545 mansuetudini
2064 4500 2123 4545 re-

582 4657 614 4707 n
633 4654 697 4724 mg.
718 4654 916 4709 xxxxvnu
937 4656 959 4719 ι,
980 4655 1010 4704 n
1033 4654 1088 4720 ss.

583 4917 592 4966 1
615 4918 647 4966 Ι).
668 4917 805 4965 'l’bsodoslo
823 4930 922 4978 semper
941 4917 1006 4977 Aug.
1027 4915 1189 4974 Symmachus
1207 4915 1285 4977 praef.
1306 4916 1361 4962 urb.
1383 4911 1409 4961 Γ
1509 4911 1524 4960 2
1541 4916 1598 4974 post
1616 4911 1811 4974 appellationem
1828 4914 1936 4972 φαείνω
1953 4926 2060 4960 vocum
2077 4914 2120 4960 lit-

388 5032 399 5046 ·
494 5009 603 5051 mamm
624 5005 724 5051 19-15
743 5005 771 5051 in
790 5000 819 5048 M
920 5000 1112 5061 instringerel'
1214 4995 1308 5049 cnud
1326 5000 1390 5060 impr
1410 4998 1445 5060 M,
1466 5000 1498 5046 D.
1513 4996 1692 5059 Imperatori]
1714 4997 1748 5057 ss.
1763 5013 1789 5058 p.
1804 4995 1894 5058 279,'l
2000 4997 2124 5046 murras

493 5091 636 5138 beatarum
651 5090 680 5137 M
772 5090 864 5151 scripto
878 5087 906 5135 M
1001 5087 1204 5135 uestrinuminls
1217 5084 1246 5132 M
1347 5084 1527 5134 brelormasse
1541 5083 1570 5130 M
1665 5079 1790 5149 querulis]
1805 5083 1936 5145 Kiasslinp,
1957 5085 2070 5145 querelis
2083 5083 2118 5145 M,

492 5178 617 5239 quaerelis
631 5176 659 5238 T,
678 5182 704 5225 et
721 5173 871 5237 querellsl'
970 5173 1136 5221 loonsllinm
1150 5171 1176 5218 M
1278 5167 1481 5220 8excideretf'
1581 5172 1768 5232 possessionum
1782 5166 1809 5215 Μ
1912 5169 2059 5232 indemptus
2075 5168 2123 5216 ΓΜ

495 5262 525 5312 12
544 5258 721 5328 prodecessorl]
738 5276 791 5325 epo,
814 5261 988 5322 prodecessors
1010 5257 1067 5319 ΓΜ,
1088 5258 1275 5321 praedecessore
1294 5255 1321 5305 Γ
1448 5254 1558 5323 mecum]
1577 5272 1660 5305 meum
1680 5255 1707 5302 M
1838 5253 2009 5322 sumpserant]
2030 5255 2117 5318 Meyer,

492 5355 635 5411 sumpserat
655 5347 707 5408 rl',
728 5353 872 5409 susceperat
891 5346 919 5394 M
1051 5344 1082 5395 14
1099 5344 1159 5404 sort.
1180 5344 1251 5393 scrib.
1270 5358 1326 5392 curn
1343 5344 1519 5406 appellationis
1538 5344 1703 5405 inquisitione
1721 5343 1829 5391 discreta
1846 5343 1896 5389 ism
1914 5344 2063 5406 participem
2081 5344 2120 5390 iu·

492 5436 554 5483 dicii
572 5449 622 5483 non
641 5436 756 5483 haberem
862 5432 894 5482 ts
912 5438 977 5482 stato
996 5431 1025 5479 M
1129 5430 1159 5480 19
1178 5427 1274 5496 cultus]
1294 5430 1371 5492 ΤΜΓ,
1392 5432 1452 5492 sort.
1472 5432 1649 5498 rprnionlsrius
1666 5432 1705 5478 nel
1723 5429 1899 5489 cognitionalis
2003 5428 2037 5478 20
2056 5443 2121 5476 ress-

492 5508 572 5587 disse]
591 5521 620 5583 F,
641 5522 735 5569 redisse
756 5519 807 5566 ΤΜ
908 5518 941 5569 22
960 5518 1116 5580 sequestrant
1135 5515 1162 5565 Γ
1259 5516 1293 5566 24
1312 5533 1369 5566 curn
1387 5533 1436 5566 om.
1457 5515 1483 5564 Γ

578 5607 611 5657 ab
629 5607 683 5655 DD.
706 5606 800 5655 Theod.
821 5613 847 5653 st
864 5607 970 5653 Arcbsd.
991 5619 1089 5666 semper
1107 5604 1188 5662 Angg.
1211 5603 1373 5662 Symmachus
1392 5604 1469 5665 praei.
1491 5604 1547 5650 urb.
1569 5600 1595 5649 Γ
1711 5601 1744 5650 29
1763 5597 1820 5652 unu
1838 5603 1905 5663 imp—r
1925 5601 1960 5661 M,
1982 5603 2014 5650 D.
2036 5603 2119 5662 Impe-

492 5699 555 5742 rator
568 5692 599 5754 Γ,
614 5693 649 5753 cs.
662 5707 688 5752 p.
704 5692 793 5752 rial
899 5691 1035 5754 repetenda
1057 5691 1084 5750 T,
1105 5690 1256 5751 repetendae
1277 5688 1305 5735 M
1407 5688 1440 5738 30
1457 5691 1539 5750 impar
1556 5689 1669 5751 inparT
1773 5685 1911 5737 munistl'
2009 5687 2042 5737 32
2060 5701 2121 5735 con·

492 5785 530 5827 tra
551 5778 578 5825 M
679 5779 773 5825 dicitnr
793 5776 819 5824 Γ
918 5775 950 5825 33
970 5771 1092 5841 primum]
1110 5776 1247 5824 dudumT
