4716 6476
928 514 1041 569 LIBER
1059 513 1135 568 VIII.
1782 510 1844 571 223

222 724 312 783 nem,
338 723 379 769 ne
402 702 480 769 mibi
502 702 583 768 alter
605 724 623 769 e
644 702 737 768 vobis
760 703 893 769 duorum
916 703 986 769 viee
1008 710 1041 770 et
1062 724 1117 769 ore
1138 703 1338 769 rescriberet.
1385 721 1502 784 quare,
1529 699 1619 764 utin
1641 698 1760 763 honore
1782 717 1844 762 nu·
1866 697 1931 759 PF

223 805 343 871 minum
372 807 455 871 solet
476 805 560 885 fieri,
595 804 732 872 litationi
753 806 839 871 addo
862 806 1046 887 donarium,
1080 807 1195 887 breve,
1228 807 1345 887 fateor,
1379 812 1411 871 et
1433 802 1519 887 quod
1540 809 1575 867 tu
1597 800 1753 887 prolixius
1776 819 1848 866 esse

223 909 400 991 voluisses,
430 910 489 974 sed
511 909 545 973 in
567 908 703 975 adiectis
726 928 878 976 mensura
899 930 963 975 non
985 912 1160 993 quaeritur.
1207 910 1279 995 ipse
1302 909 1427 994 copiam
1450 905 1549 972 redde
1573 904 1739 986 brevitati,
1773 903 1849 986 quia

222 1012 399 1077 familiares
420 1011 558 1096 paginas
580 1031 635 1078 eos
658 1019 782 1097 oportet
804 1013 989 1096 extendere,
1015 1015 1132 1097 quibus
1157 1034 1221 1079 non
1243 1020 1294 1079 est
1315 1030 1448 1078 necesse
1471 1009 1647 1093 geminare.

892 1255 1017 1321 XXVII
1047 1276 1078 1321 a.
1102 1258 1177 1319 396.

847 1393 907 1457 ΑΙ)
930 1392 1220 1458 CENSORINVM.

310 1564 460 1648 Prompta
490 1569 522 1628 et
550 1562 648 1629 avida
676 1584 773 1628 manu
803 1563 926 1629 litteras
952 1570 1043 1647 tuas,
1077 1585 1148 1630 eum
1171 1564 1250 1630 mibi
1274 1565 1479 1645 offerrentur,
1512 1560 1616 1627 invasi
1639 1566 1675 1625 ut
1696 1578 1851 1644 prospera

225 1665 424 1749 cogniturum
460 1665 519 1732 sed
549 1685 621 1731 cum
651 1686 868 1750 percurrerem
899 1667 1035 1734 lectione
1062 1668 1332 1733 enumerationem
1355 1665 1594 1752 dispendiorum
1616 1670 1759 1743 tuorum,
1794 1681 1852 1726 vo-

226 1768 340 1854 luptati
362 1768 518 1834 successit
539 1768 685 1835 offensio.
731 1775 764 1835 et
784 1770 844 1835 illa
866 1770 996 1851 quidem
1018 1770 1166 1853 adversa,
1197 1791 1279 1854 quae
1303 1790 1374 1835 cum
1399 1768 1543 1853 plurimis
1567 1765 1737 1851 pertulisti,
1763 1784 1851 1829 more

181 1896 206 1936 ιι
226 1871 356 1936 humaui
386 1871 510 1955 ingenii
540 1873 661 1938 babent
688 1871 821 1953 aliquod
844 1872 884 1938 de
907 1873 1059 1939 societate
1083 1874 1255 1956 solacium,
1289 1874 1374 1937 bunc
1396 1893 1472 1939 vero
1495 1871 1648 1957 piraticae
1671 1867 1852 1954 depraeda-

224 1974 319 2041 tionis
346 1973 462 2057 iotum,
494 1995 587 2057 quem
619 1975 785 2061 speciatim
815 1996 910 2042 casus
940 1977 999 2042 tibi
1027 1977 1126 2043 durus
1156 1977 1291 2060 adiecit,
1324 1977 1504 2061 inpressum
1526 1974 1624 2039 altius
1647 1980 1741 2063 puto,
1776 1971 1853 2052 quia

224 2097 327 2160 neque
349 2077 448 2143 babet
469 2078 660 2164 participem
678 2085 711 2144 et
724 2079 901 2162 geminavit
916 2079 1070 2146 dolorem.
1092 2080 1096 2166 l
1117 2087 1227 2146 contra
1240 2081 1321 2146 baec
1336 2079 1466 2145 fortuita
1481 2078 1598 2143 virtute
1614 2081 1711 2158 atque
1726 2074 1849 2139 ratione
1872 2076 1891 2136 2
1915 2076 1948 2136 F

225 2181 351 2246 animus
366 2181 541 2248 armandus
557 2188 616 2263 est,
635 2202 710 2267 spes
726 2202 850 2266 quoque
866 2182 1067 2248 adsumenda
1082 2189 1132 2249 est
1147 2183 1325 2249 meliorum.
1366 2202 1464 2267 saepe
1479 2180 1651 2246 titubantia
1665 2179 1698 2243 in
1714 2176 1852 2242 solidum

225 2290 434 2361 reverterunt;
461 2285 541 2349 nibil
565 2286 747 2350 bominibus
762 2291 927 2351 aeternum
944 2293 1009 2362 est;
1037 2288 1169 2351 volvunt
1182 2286 1330 2352 mortalia
1344 2286 1433 2351 vices
1448 2285 1590 2367 crebrae,
1617 2290 1649 2349 et
1664 2287 1695 2346 io
1712 2280 1852 2347 omnium

179 2410 207 2452 rs
224 2407 328 2452 rerum
360 2387 439 2470 fuga
466 2388 593 2453 vivitur.
640 2388 752 2473 paucis
774 2388 839 2455 ista
861 2389 1120 2474 perstrinxerim,
1153 2410 1224 2455 cum
1247 2391 1306 2455 tibi
1328 2410 1385 2474 pro
1408 2388 1585 2454 eruditione
1607 2387 1701 2472 plura
1723 2403 1854 2449 succur-

225 2497 311 2560 rant:
338 2510 424 2555 nuno
445 2490 487 2556 ad
509 2491 567 2556 illa
589 2491 780 2576 respondeo,
806 2513 890 2576 quae
913 2492 952 2557 de
975 2514 1026 2558 me
1050 2494 1133 2559 scire
1156 2494 1297 2559 voluisti.
1344 2492 1579 2578 quamprimum
1602 2489 1773 2574 Neapolim
1796 2507 1854 2569 pe-

225 2592 282 2657 titu
306 2593 426 2658 civium
448 2612 576 2659 suorum
598 2594 703 2660 visere
726 2594 851 2660 studeo.
891 2596 958 2661 illle
981 2595 1091 2661 honori
1115 2596 1202 2661 urbis
1224 2596 1397 2679 religiosae
1418 2595 1622 2660 intervallum
1644 2592 1736 2658 bidui
1752 2590 1854 2674 depu-
1876 2595 1894 2651 9

226 2697 310 2761 tabo.
359 2696 492 2778 dehinc,
527 2696 556 2761 si
579 2698 661 2763 bene
684 2697 846 2763 destinata
868 2698 912 2763 dii
936 2699 1092 2779 iuverInt,
1123 2700 1276 2784 Capuano
1298 2699 1413 2765 itinere
1435 2697 1652 2764 venerabilem
1673 2694 1766 2761 nobis
1789 2694 1854 2757 Ro-

227 2819 310 2864 mam
339 2800 504 2882 laremque
534 2807 691 2885 petemus.
739 2801 821 2867 inter
851 2800 947 2879 baec,
981 2802 1009 2868 si
1039 2802 1116 2866 mihi
1147 2802 1291 2868 evenerit
1319 2809 1450 2887 aspectu
1474 2808 1506 2868 et
1528 2798 1695 2884 conloquio
1716 2804 1771 2863 tuo
1795 2795 1853 2862 de-

181 2925 209 2966 ro
227 2902 298 2985 frui,
326 2903 480 2988 explebor
500 2902 611 2987 gaudii
633 2904 801 2981 satietate3
828 2905 878 2970 sin
901 2906 1001 2970 maior
1023 2906 1199 2972 necessitas
1222 2907 1390 2989 negaverit
1411 2905 1503 2971 nobis
1525 2905 1571 2970 tui
1595 2903 1729 2989 copiam,
1755 2899 1853 2965 velim

229 3025 372 3070 curarum
396 3007 478 3072 nube
501 3007 631 3073 detersa
653 3028 725 3073 eam
749 3008 913 3093 sapienter
934 3029 1080 3075 resumas
1102 3010 1202 3074 animi
1225 3010 1436 3091 alacritatem,
1462 3030 1559 3092 quam
1582 3007 1639 3073 tibi
1663 3023 1853 3089 congressus

228 3117 335 3174 noster
356 3109 468 3174 sedulo
491 3110 661 3176 conciliare
684 3111 853 3196 potuisset.

963 3353 1117 3422 XXVIII.

886 3494 944 3559 AD
968 3494 1191 3560 ROMANVM.

184 3683 213 3729 ac
316 3661 500 3731 Meminisse
522 3671 554 3730 te
577 3662 653 3747 scio,
679 3665 766 3749 quod
788 3686 839 3731 me
863 3685 991 3748 quoque
1013 3666 1100 3733 idem
1124 3667 1165 3732 de
1187 3666 1290 3732 amico
1313 3666 1405 3733 dolor
1427 3665 1577 3751 perculit3
1605 3664 1747 3729 sedium
1762 3662 1855 3726 nobis

229 3788 408 3834 sermonum
437 3767 526 3835 vices
557 3767 675 3834 debent
697 3787 770 3835 esse
793 3769 924 3835 solacio.
972 3769 1075 3835 scribo
1097 3770 1215 3852 igitur,
1246 3777 1281 3835 ut
1302 3769 1496 3854 respondere
1519 3768 1644 3851 cogaris
1665 3775 1699 3853 et
1721 3789 1741 3833 a
1763 3766 1856 3831 fune-

229 3872 287 3938 stis
310 3871 559 3955 cogitationibus
581 3870 697 3937 redeas
719 3871 752 3936 in
775 3871 882 3938 officia
904 3871 1091 3938 viventium.
1139 3873 1261 3939 iecerat
1283 3872 1436 3956 religiosa
1457 3890 1573 3951 causa,
1608 3892 1647 3936 ue
1669 3870 1755 3956 prior
1777 3870 1857 3936 sori-

230 3975 334 4042 beres:
362 3994 427 4041 non
448 3975 512 4042 erle
533 3981 599 4042 tarn
621 3974 816 4056 inreverens,
844 3982 878 4040 ut
900 3983 1090 4060 provocatus
1112 3976 1288 4042 abstineas.

234 4159 415 4166 -—.-.
428 4160 641 4168 ———-----

318 4269 327 4319 i
351 4271 441 4318 nimlbl
460 4270 554 4319 Pim.
670 4268 1013 4321 ιιιὶιι1ιιιιιιιι1616169116112
1130 4272 1312 4321 2litterutionl
1334 4267 1393 4318 Fid
1495 4272 1572 4319 breue
1591 4272 1647 4319 om.'
1661 4267 1696 4317 F³
1800 4282 1857 4330 pro-

230 4358 297 4406 lixus
316 4354 428 4407 F21'm.
536 4354 551 4404 3
571 4356 672 4404 reddere
693 4353 730 4403 Fi
834 4359 960 4407 breuitate
978 4358 1072 4406 le.
1180 4359 1245 4421 quod
1263 4355 1300 4406 Fi
1403 4358 1418 4406 l
1439 4359 1494 4405 urle
1512 4357 1570 4406 add.
1593 4354 1653 4403 Fid

315 4442 398 4492 bont.
415 4443 437 4488 F
538 4440 552 4488 'l
573 4441 697 4504 mauqu
767 4426 770 4431 ⁴
799 4445 937 4493 oiierentur
955 4444 1037 4492 ΡΜ
1040 4441 1052 4478 ²
1066 4449 1077 4492 1
1092 4461 1126 4494 m.
1233 4444 1451 4507 8praecurrerem
1466 4442 1500 4491 F¹
1605 4444 1739 4492 lectionem
1752 4457 1858 4491 enume-

231 4530 327 4578 ratione
347 4525 383 4575 IV
497 4527 635 4578 VotientIo
653 4525 692 4575 1³²
795 4528 911 4597 quidem]
929 4533 1001 4593 quusi
1021 4522 1058 4578 Fi
1177 4531 1208 4581 ill
1227 4533 1293 4579 bunc
1315 4534 1340 4594 (u
1359 4533 1385 4580 iu
1402 4530 1464 4593 rus.)
1485 4530 1513 4594 P,
1534 4545 1601 4579 nunc
1621 4528 1659 4576 FI
1765 4529 1791 4577 11
1814 4529 1859 4576 du·

232 4628 273 4662 rus
292 4630 341 4663 om.
365 4613 386 4660 F
520 4614 580 4677 qula
597 4628 647 4678 qne
666 4629 715 4663 non
735 4616 829 4665 habent
846 4619 992 4680 partlclpem
1011 4619 1141 4678 geminant
1160 4615 1196 4664 F³
1337 4617 1366 4666 12
1385 4618 1474 4665 babuit
1492 4612 1530 4663 Fi
1669 4610 1707 4683 et]
1725 4616 1767 4665 sed
1788 4617 1810 4662 F
1816 4615 1823 4649 ¹

226 4699 286 4748 inde
310 4717 326 4749 a
349 4714 406 4749 uoce
430 4706 515 4750 eontra
538 4716 591 4751 uon
615 4707 746 4763 supersunt
770 4703 838 4750 r‘nP
858 4706 908 4751 nist
931 4704 1004 4753 bueo:
1034 4704 1164 4754 131...
1189 4700 1354 4755 libili...
1376 4710 1440 4752 mort
1534 4702 1858 4753 lbrerui...strimo

303 4787 376 4848 plura
399 4801 458 4835 succ
475 4824 482 4837 .
499 4824 528 4838 ..
552 4787 582 4837 16
600 4789 697 4850 pendeo
721 4803 771 4850 qna
864 4794 913 4852 qni
936 4792 1019 4851 primu
1044 4804 1109 4853 neap
1205 4789 1234 4839 i'l
1254 4795 1330 4839 suoru
1354 4793 1437 4840 uisere
1463 4796 1504 4838 stu
1524 4828 1530 4838 .
1547 4827 1553 4838 .
1570 4792 1667 4840 ,urbis
1692 4791 1808 4852 religIosq
1830 4790 1858 4835 ln

234 4874 398 4935 ...putabo
415 4874 506 4922 debinc
524 4874 578 4922 sibe
597 4910 604 4924 .
621 4910 650 4924 ..
676 4872 707 4924 18
726 4875 815 4923 dii-
832 4890 945 4938 capuano
966 4879 1143 4926 ...rabilem
1161 4904 1193 4914 -
1213 4882 1281 4926 romi
1297 4878 1321 4926 la
1423 4876 1453 4926 19
1472 4879 1591 4925 inter-
1609 4890 1690 4925 euene
1709 4912 1715 4924 .
1732 4911 1737 4921 .
1756 4910 1762 4924 .
1782 4881 1859 4922 et—

233 4958 303 5007 detra
397 4959 430 5008 29
448 4960 534 5024 gaudii
551 4986 587 4996 —
604 4962 644 5009 siu
663 4976 680 5009 n
699 4998 705 5010 .
722 4998 729 5010 .
746 5001 751 5012 .
771 4969 810 5011 tus
829 4964 952 5021 -nobls
971 5000 978 5014 .
994 5000 1024 5012 ..
1045 4962 1076 5013 21
1097 4978 1212 5013 curarum
1229 4989 1265 5001 -
1282 4964 1339 5012 dete
1433 4978 1545 5012 resumas
1563 4990 1598 5001 —
1615 4964 1654 5011 ala
1674 5000 1680 5012 .
1698 4999 1727 5012 ..
1747 4964 1859 5022 egressus

232 5073 265 5084 -
282 5048 410 5108 potuisset
454 5029 458 5037 ’
544 5044 783 5113 121ιιιιιο]1οοὶ’ῐ1
910 5052 1009 5098 fortuna
1029 5045 1138 5098 Film.
1276 5048 1307 5098 14
1325 5046 1497 5115 reuerterunt]
1516 5050 1553 5110 Π,
1574 5063 1692 5099 conuersa
1710 5052 1771 5095 suut
1790 5043 1857 5105 W,

232 5144 304 5181 uersa
321 5138 382 5181 sunt
401 5128 436 5179 F³
538 5139 578 5182 est
595 5147 644 5184 om.
667 5131 701 5181 ui
805 5132 843 5202 iu]
861 5150 913 5198 epo,
934 5151 983 5185 om.
997 5138 1020 5183 F
1142 5136 1172 5186 15
1192 5134 1302 5203 uiuitur]
1320 5134 1379 5199 ΠΓ,
1402 5138 1469 5186 uiuit
1488 5134 1557 5199 ΡΜ,
1577 5137 1645 5185 luult
1664 5132 1698 5182 Fi
1804 5150 1860 5198 per-

232 5219 367 5267 strnxerlm
386 5214 423 5266 F²
437 5224 449 5267 1
462 5235 497 5267 m.
626 5221 699 5282 plura
716 5234 759 5283 pro
778 5222 918 5271 erudltione
938 5217 977 5269 F2
1117 5222 1147 5274 16
1166 5219 1222 5289 illa]
1240 5221 1320 5288 Fls),
1342 5224 1389 5272 alia
1410 5224 1461 5286 (Π)
1593 5223 1678 5270 ruinam
1696 5226 1752 5269 unte
1770 5235 1859 5283 quarn-

231 5305 340 5367 primum
359 5307 431 5355 r'mer.
455 5304 486 5352 F¹
621 5305 651 5355 11
670 5322 771 5356 suorum
789 5310 883 5357 elutum
903 5306 949 5369 1⁹³,
969 5309 1064 5358 cirrium
1083 5314 1181 5357 tuorum
1200 5309 1298 5358 Lectius
1402 5310 1454 5357 illic
1471 5335 1506 5344 —
1523 5308 1646 5370 deputabo
1663 5312 1717 5370 post
1738 5306 1768 5357 19
1786 5311 1858 5369 pete·

233 5404 287 5438 mus
305 5391 391 5441 colloc.
413 5387 450 5438 1?I
553 5394 644 5442 bonore
663 5392 701 5440 F¹
806 5393 838 5444 18
857 5395 893 5443 dit
910 5408 959 5444 om.
980 5392 1018 5441 Fu
1121 5398 1243 5444 aluerunt
1262 5393 1323 5443 sir
1337 5411 1382 5457 m.,
1404 5398 1527 5444 lunerunt
1546 5392 1658 5444 mm.
1769 5392 1798 5441 19
1817 5394 1860 5441 de·

233 5472 284 5543 irnl
302 5475 330 5537 P,
352 5477 402 5526 irul
423 5478 444 5524 F
566 5477 600 5528 20
619 5481 737 5528 societute
756 5480 779 5527 P
791 5484 803 5528 1
817 5496 852 5530 m.
867 5476 904 5527 Fi
1019 5479 1070 5549 eln]
1088 5486 1126 5530 sul
1148 5479 1185 5529 F2
1300 5484 1438 5532 necessitas
1456 5482 1588 5544 negaberit
1605 5496 1654 5532 orn.
1670 5479 1705 5528 F³
1820 5494 1860 5526 cc-

232 5565 298 5624 piam
312 5564 352 5611 tul
364 5560 401 5641 F}
505 5564 535 5614 21
557 5566 624 5614 nube
642 5562 735 5635 dotalis
750 5566 777 5628 P,
799 5569 891 5615 nubem
909 5569 1034 5617 detorsam
1049 5566 1084 5615 FI
1097 5573 1109 5616 1
1123 5586 1168 5631 m.,
1189 5571 1283 5618 nubem
1301 5570 1425 5619 detersam
1440 5566 1500 5616 Fra
1602 5567 1635 5618 22
1653 5569 1710 5616 nale
1728 5565 1787 5616 add.
1804 5561 1860 5611 Μ

318 5648 441 5711 24perr'tt
464 5652 570 5713 epicinia
594 5651 781 5714 istrueter
803 5654 877 5701 baec.-
902 5652 935 5704 26
962 5693 968 5705 .
991 5670 1091 5706 ..ner
1115 5655 1146 5704 21
1173 5693 1179 5705 .
1202 5636 1454 5708 ..animno
1477 5658 1542 5720 prlor
1565 5655 1597 5706 26
1625 5669 1741 5707 ...us
1765 5659 1794 5702 ut
1817 5667 1860 5715 pro

232 5734 266 5785 24
283 5736 324 5785 Ad
342 5733 492 5804 Romanurn]
514 5738 556 5801 (Π
558 5737 577 5799 l,
597 5752 644 5789 cm.
668 5739 689 5785 F
817 5738 850 5789 26
869 5742 1017 5803 respondem
1036 5739 1075 5789 Fi
1090 5746 1100 5789 i
1113 5758 1147 5790 m.
1271 5745 1362 5803 rogaris
1382 5742 1419 5789 Fi
1541 5758 1556 5790 a
1573 5739 1695 5810 funestis]
1715 5742 1804 5790 mestls
1825 5735 1861 5785 F³

234 5819 265 5870 21
285 5823 373 5871 lecerit
394 5821 437 5884 (Γ)
544 5821 588 5891 ne]
606 5839 646 5874 me
666 5824 701 5872 Fi
803 5825 837 5876 28
855 5827 911 5875 urle
929 5827 989 5877 odd.
1006 5825 1067 5875 Fid
