4722 6470
773 490 829 546 vn
846 492 950 543 44-44
968 489 1021 545 Ao
1038 486 1298 546 uhcsnoulvrr.
1683 487 1851 555 cuxxm

231 738 260 780 4.
284 719 345 778 414
375 714 528 781 vicariam
557 734 616 797 per
637 712 779 779 Africam
809 713 1045 797 praefecturam
1054 716 1120 797 875).
1168 712 1327 779 accedunt
1354 711 1388 778 14
1410 710 1541 777 Oriente
1563 711 1773 778 Macedoniae
1798 710 1851 777 vel

311 958 359 1039 Is,
393 956 554 1039 4144444
577 954 792 1040 Symmachus
815 954 960 1040 scripsit,
993 976 1014 1021 4
1036 953 1190 1037 magistro
1213 952 1390 1018 officiorum
1413 952 1562 1019 diversus
1585 959 1650 1033 est;
1682 974 1760 1019 nam
1782 951 1852 1040 epi-

230 1080 330 1145 stulae
353 1080 395 1141 26
417 1083 450 1143 44
472 1080 512 1140 21
542 1096 573 1142 a.
600 1078 659 1139 391
692 1074 790 1142 datae
819 1082 909 1158 sunt,
943 1076 997 1142 hic
1026 1082 1132 1142 antem
1161 1074 1226 1140 iam
1254 1095 1285 1141 a.
1312 1075 1374 1138 384
1404 1079 1460 1140 444
1490 1076 1552 1139 385
1584 1093 1690 1159 poena
1719 1073 1852 1160 capitali

228 1198 360 1285 periisse
388 1197 527 1263 videtur.
573 1195 615 1261 (14
643 1195 777 1278 reliquis
804 1195 958 1262 iudicium
987 1202 1108 1262 4444444
1138 1195 1214 1262 ferri
1243 1215 1308 1260 non
1336 1200 1457 1281 potest,
1490 1195 1548 1261 sed
1577 1215 1681 1279 neque
1704 1195 1852 1262 comitem

228 1339 330 1384 rerum
358 1318 556 1404 priratarum
585 1337 691 1400 neque
721 1316 876 1382 41444144
898 1315 1028 1382 Africae
1059 1315 1197 1381 eundem
1227 1334 1300 1380 cum
1323 1314 1508 1400 Symmachi
1530 1315 1635 1381 amico
1656 1315 1849 1400 putaverim.

228 1440 255 1504 is
284 1437 385 1521 enim,
419 1457 491 1503 cum
520 1438 562 1502 ab
583 1435 694 1502 Attalo
723 1436 878 1522 pietatem
908 1443 942 1503 et
970 1436 1159 1518 obsequium
1181 1436 1313 1518 exigere
1335 1442 1446 1519 posset
1454 1439 1526 1521 ⁸⁷⁷),
1560 1443 1617 1502 aut
1638 1443 1771 1521 patruus
1795 1442 1852 1501 aut
1909 1497 1911 1501 ,

228 1559 403 1625 avunculus
426 1564 483 1623 aut
505 1576 596 1623 socer
617 1556 687 1622 eius
709 1562 793 1637 erat,
821 1556 1022 1639 pulsantem
1045 1556 1165 1637 credat,
1191 1555 1307 1622 iisdem
1330 1556 1433 1638 aunis,
1460 1556 1578 1639 quibus
1598 1557 1656 1622 ille
1678 1576 1851 1642 purpuram
1883 1640 1886 1645 ,

227 1679 338 1745 itemm
367 1679 559 1761 tertiumque
581 1676 769 1763 resumpsit,
801 1675 1058 1742 necessitudines
1080 1675 1151 1741 eius
1173 1675 1306 1741 summis
1328 1676 1571 1761 magistratibus
1593 1678 1636 1743 ab
1658 1677 1852 1764 imperatore

226 1799 367 1884 legitimo
395 1806 565 1865 exornatos
587 1796 711 1863 fuisse‘?
748 1803 870 1864 restant
890 1796 989 1881 igitur
1011 1796 1193 1862 Macedonii
1215 1796 1403 1877 orientales,
1437 1819 1571 1882 qnorum
1593 1819 1692 1864 unum
1716 1800 1851 1864 Romam

227 1920 383 2002 migrasse
404 1919 570 2001 Attalique
592 1918 781 2002 cognatione
804 1936 896 1982 usum
919 1935 1008 1998 4444,
1035 1936 1074 1981 eo
1097 1916 1297 2002 probabilius
1320 1924 1379 1999 444,
1405 1918 1482 2002 quia
1503 1925 1597 2003 pater
1617 1938 1745 2003 quoque
1767 1919 1847 1997 eius,

227 2039 253 2104 si
275 2039 416 2125 suspicio
437 2044 547 2103 nostra
568 2038 610 2104 (14
631 2038 780 2123 Ampelio
802 2057 879 2104 vcra
901 2044 958 2119 est,
986 2057 1027 2103 ex
1050 2036 1177 2103 Libanii
1200 2037 1306 2122 patria
1328 2037 1484 2121 originem
1507 2044 1659 2105 traxerat.

885 2264 1194 2273 --.—.—--—--.—-

310 2474 363 2535 26.
389 2473 429 2533 21
453 2467 661 2534 Macedoniae
683 2468 779 2533 simul
801 2488 874 2533 cum
896 2468 1004 2534 Attalo
1019 2468 1139 2533 Tibure
1161 2468 1294 2532 Romam
1316 2487 1466 2533 reversus
1489 2475 1540 2534 est
1561 2476 1594 2535 41
1614 2490 1636 2535 4
1656 2469 1850 2554 Symmacho

226 2591 366 2675 epistula
393 2589 499 2673 priore
522 2590 716 2654 Laurentum
739 2587 905 2653 invitatur.
952 2588 1120 2674 cumipse
1143 2609 1178 2654 44
1202 2588 1418 2671 excusaverit,
1451 2588 1580 2654 litterae
1602 2590 1725 2655 alterae
1747 2592 1788 2656 ab
1811 2610 1850 2656 eo

226 2717 353 2795 petunt,
381 2715 418 2774 ut
439 2709 554 2774 saltem
575 2708 720 2773 Attalum
743 2707 901 2793 proticisci
923 2708 1096 2793 permittat.
1143 2707 1225 2775 haec
1248 2708 1344 2774 simul
1367 2728 1438 2774 oum
1462 2709 1556 2793 epist.
1582 2710 1643 2775 VII
1668 2715 1706 2774 15
1730 2711 1851 2796 scripta

227 2851 308 2913 4444,
334 2830 388 2896 vel
409 2829 511 2914 primo
533 2830 646 2895 obtutu
667 2833 768 2912 patet.
1278 2830 1282 2837 '

310 2955 350 3015 28
373 2950 474 3016 febris
496 2948 681 3033 Symmachi
703 2954 890 3013 autumnum
913 2968 943 3012 a.
970 2950 1033 3013 396
1054 2948 1199 3015 indicare
1221 2949 1360 3015 videtur.
1406 2970 1437 3013 v.
1464 2948 1541 3016 adu.
1568 2954 1642 3016 3112.

745 3429 814 3512 Vll
840 3430 986 3513 {to-34
1016 3427 1079 3512 ll)
1107 3430 1324 3515 llllbvll.

309 3624 433 3689 Nonius
454 3622 580 3688 Atticus
602 3621 820 3703 1144144489)
849 3619 925 3686 fidei
947 3619 1141 3686 christianae
1163 3621 1312 3688 addictus
1334 3625 1477 3706 4444871).
1521 3643 1552 3687 a.
1579 3625 1641 3686 384
1664 3625 1851 3708 praefectu-

225 3765 293 3808 ram
314 3743 472 3828 praetoriu
496 3761 552 3826 per
573 3740 701 3805 Italiam
723 3739 898 3823 gessit⁸⁸⁰l,
924 3760 954 3805 a.
981 3742 1042 3804 397
1067 3742 1179 3807 consul
1201 3741 1307 3808 sactus
1329 3749 1389 3809 est.

886 3969 1192 3977 ———

311 4178 350 4240 30
373 4172 586 4259 Symmachus
615 4171 658 4237 acl
680 4169 779 4236 Attici
807 4170 1008 4236 consulatum
1035 4180 1186 4239 evocatus
1208 4172 1383 4239 adveutum
1406 4193 1499 4239 snum
1522 4175 1692 4260 promittit,
1727 4177 1849 4243 ultimis

226 4315 257 4360 a.
282 4297 343 4359 396
367 4293 542 4359 mensibus.

311 4418 352 4480 32
375 4412 560 4498 Symmachi
590 4411 676 4477 filius
706 4432 820 4493 aeger,
853 4411 923 4497 ipsc
952 4412 1034 4479 febri
1063 4419 1271 4498 attemptatus
1300 4413 1415 4480 itinere
1445 4415 1531 4481 leuto
1558 4416 1691 4481 Romam
1718 4418 1845 4503 repetit,

228 4555 336 4602 mense
357 4533 533 4601 Novembri
556 4554 588 4598 a.
614 4535 688 4597 396.
735 4553 766 4596 v.
792 4553 824 4617 p.
852 4532 999 4598 LXVIII.

1112 4762 1191 4769 —q—.-

233 4938 339 4943 ---.-.
349 4932 636 4942 ..—.-——.—-—-

310 5064 368 5125 815)
391 5061 528 5123 Augurem.
549 5062 625 5121 eplet.
647 5057 703 5108 152.
728 5058 784 5109 153.
808 5059 865 5108 155.

311 5156 369 5219 sto)
391 5157 480 5204 Liban.
500 5155 577 5216 epist.
598 5153 640 5204 211,
661 5151 703 5204 82.
724 5152 768 5203 83.
790 5152 848 5203 121).
869 5153 927 5205 586.
949 5152 1008 5204 1199.
1031 5153 1848 5213 191.192.193.991.992.1134.1261.1318.1429.1596.

312 5249 370 5311 811)
394 5247 454 5311 184,
475 5247 506 5297 19
523 5248 664 5308 4444444144
681 5262 731 5296 4444
748 5247 874 5309 credibile,
901 5250 923 5296 41
939 5249 1021 5312 filtrum
1038 5264 1121 5300 meum
1139 5251 1253 5300 Attalum
1270 5252 1304 5299 orl
1320 5266 1366 5301 4444
1381 5256 1464 5302 4444144
1479 5258 1608 5315 potereris.
1646 5259 1751 5306 144144
1769 5260 1851 5306 444144

228 5341 294 5385 tare
315 5341 377 5395 eet,
402 5338 470 5384 1414
491 5336 625 5383 monitis
647 5334 848 5398 4444144411,
877 5335 957 5397 quod
980 5336 1106 5397 putdem
1128 5336 1207 5397 steri
1229 5343 1380 5400 oportere
1403 5344 1585 5401 4444444114,
1615 5341 1657 5389 sed
1678 5355 1729 5390 uon
1751 5347 1852 5391 eotenus

224 5422 379 5484 pontificiam
396 5426 468 5469 144444
485 5422 512 5469 in
529 5424 615 5469 4444144
632 5420 725 5469 (14444444
739 5421 891 5481 protendas!
928 5422 950 5468 41
968 5422 1127 5472 114444144144
1147 5424 1229 5472 Arent
1247 5429 1319 5487 peter
1336 5426 1441 5488 1414444,
1466 5425 1628 5484 Symmachus
1646 5428 1755 5489 prolecto
1774 5431 1853 5491 scrip·

227 5510 316 5558 simet:
336 5509 418 5571 1111444
434 5511 546 5555 44414444
564 5520 613 5555 non
630 5507 712 5570 fitium
728 5521 818 5557 4444444.

312 5602 371 5664 818)
393 5603 432 5651 De
450 5602 594 5651 nomlnlbus
611 5603 667 5650 4144
685 5616 710 5651 v.
729 5603 862 5666 (14114441,
881 5604 961 5653 lusor.
981 5603 1068 5653 christ.
1088 5606 1144 5654 urb.
1166 5606 1235 5653 Itom.
1258 5607 1269 5653 I
1287 5621 1313 5669 p.
1336 5604 1394 5655 198.

313 5696 372 5759 819)
392 5699 432 5746 De
449 5698 520 5745 Rosel
539 5698 557 5746 l.
577 5697 595 5746 l.

313 5790 372 5855 8811)
393 5790 453 5841 ond.
475 5792 568 5840 I'heotl.
589 5791 651 5839 XJll
673 5789 697 5853 1,
719 5790 749 5840 12
768 5792 824 5841 date
842 5793 865 5843 (1.
890 5792 920 5841 13
938 5793 1011 5841 Mart.
1034 5809 1055 5842 4.
1077 5791 1136 5843 384.
