4686 6472
790 437 839 491 DE
860 436 1056 493 suliulam
1074 435 1279 493 EPISTVLIS.
1728 438 1854 504 XXVII

311 660 400 726 Inter
421 659 552 729 codices
573 661 824 747 manuscriptos,
857 681 916 746 por
934 680 1014 744 quos
1036 660 1128 727 nohis
1150 660 1360 746 epistularum
1384 681 1500 746 corpus
1520 662 1673 728 traditum
1696 668 1755 742 est,
1788 661 1856 747 pri-

225 800 310 845 mum
344 781 449 847 locum
475 782 599 848 obtinet
619 781 786 847 Parisinus
809 784 908 862 8623,
941 801 1037 864 quem
1067 782 1176 847 littera
1197 782 1223 847 P
1245 781 1434 866 signaris).
1480 782 1619 867 scriptus
1646 790 1697 849 est
1724 784 1855 849 swculo
1928 833 1930 837 «

227 921 310 966 nono
344 901 503 969 columnis
529 902 614 969 hinis
643 902 676 967 in
705 908 818 985 quarto
847 901 981 969 minore.
1026 902 1251 988 inscriptiones
1285 920 1396 968 omnes
1427 902 1543 969 litteris
1575 903 1763 970 maiusculis
1797 903 1855 969 sed

215 1028 407 1088 atramento
428 1029 582 1089 exaratae
605 1029 689 1103 sunt,
722 1022 785 1087 nisi
807 1022 910 1106 quod,
943 1022 998 1088 uhi
1021 1029 1077 1088 ant
1098 1023 1181 1088 liher
1201 1042 1304 1088 novus
1326 1029 1383 1088 aut
1405 1042 1489 1088 nova
1510 1024 1721 1109 epistularum
1743 1023 1856 1090 suhdi-

225 1141 306 1208 visio
328 1142 458 1228 incipit,
484 1143 570 1208 linea
591 1142 792 1228 paenultima
814 1149 883 1224 aut,
910 1143 996 1225 quod
1019 1143 1122 1208 rarius
1144 1142 1264 1209 factum
1287 1151 1351 1225 est,
1377 1143 1492 1210 ultima
1513 1145 1611 1210 minio
1634 1143 1851 1229 distinguitur.

226 1269 393 1347 praeterea
415 1263 520 1348 prima
540 1262 695 1347 cuiusque
718 1262 878 1347 epistulae
900 1262 1007 1329 littera
1027 1263 1189 1329 rubricata
1210 1270 1245 1329 et
1265 1263 1368 1328 maior
1388 1263 1521 1347 reliquis
1542 1272 1603 1330 est.
1643 1271 1854 1332 aeneatorum

224 1402 286 1448 non
308 1383 416 1449 minus
438 1383 573 1449 duorum
595 1403 710 1449 manus
733 1390 885 1469 expertus
906 1389 966 1464 est,
992 1403 1076 1466 quae
1098 1390 1133 1448 ut
1154 1404 1176 1448 a
1197 1383 1301 1468 prima
1321 1390 1464 1468 tempore
1485 1404 1549 1450 non
1568 1387 1702 1452 multum
1718 1386 1852 1469 distant,

226 1504 271 1570 ita
291 1504 379 1569 haud
402 1504 499 1570 facile
521 1504 604 1570 inter
625 1522 661 1569 ss
683 1504 917 1571 discernuntur.
964 1504 1155 1589 plemmque
1177 1504 1438 1589 orthographiam
1461 1505 1581 1572 codicis
1604 1506 1719 1591 partim
1742 1525 1855 1571 rasura

225 1625 338 1710 partim
367 1625 562 1691 correctione
592 1630 801 1704 commutant,
835 1632 870 1689 ut
900 1624 1043 1708 exempli
1073 1624 1178 1707 gratia
1206 1644 1310 1710 paene
1339 1644 1467 1709 semper
1487 1646 1528 1692 ex
1550 1629 1696 1710 quidquid
1717 1627 1855 1692 effecere

225 1747 383 1829 quioquid,
417 1755 553 1828 computo
582 1765 623 1811 er
650 1754 793 1827 scopato,
827 1746 947 1809 aro-ito
968 1764 1009 1810 er
1031 1746 1188 1827 adscribo,
1222 1752 1348 1811 etcum
1371 1746 1475 1830 prima
1497 1766 1612 1812 manus
1633 1747 1668 1811 in
1696 1746 1760 1813 fine
1782 1767 1856 1813 ver-

226 1886 316 1932 suum
339 1886 428 1931 more
450 1865 581 1949 antiquo
603 1864 703 1931 verba
725 1862 865 1930 dividat:
908 1865 1024 1952 ordalio,
1057 1865 1165 1952 recito,
1199 1869 1400 1949 coorupltar,
1433 1887 1547 1932 manus
1570 1866 1715 1933 secunda
1735 1867 1856 1933 ultimis

226 1986 399 2072 superioris
424 1985 531 2052 lineas
553 1984 670 2053 litteris
692 1985 796 2051 erasis
817 1984 996 2069 iisdemque
1018 1984 1051 2050 in
1074 1986 1220 2070 margine
1242 1985 1403 2053 infamaris
1425 1987 1560 2055 adiectis
1582 1988 1780 2072 syllabarum
1803 1986 1855 2052 di-

225 2107 381 2174 uisionem
403 2107 465 2172 hac
486 2106 609 2173 ratione
631 2106 778 2172 mutavit:
807 2106 898 2190 ussto,
924 2108 1027 2191 refrte,
1054 2105 1243 2191 corrclptos.
1284 2128 1367 2190 quae
1389 2108 1497 2173 omnia
1518 2108 1553 2173 in
1575 2115 1732 2193 apparatu
1747 2108 1856 2175 critico

226 2229 354 2312 neglexi
383 2227 644 2312 orthographiam
674 2227 798 2312 primae
827 2246 942 2292 manus
971 2227 1090 2310 ubique
1120 2233 1261 2294 secutus.
1309 2248 1387 2294 vera
1416 2235 1524 2294 autem
1554 2227 1672 2294 menda
1701 2236 1858 2296 corrector

131 2424 135 2439 Ι
227 2348 409 2415 coniectura
429 2349 617 2433 plerumque
639 2347 736 2413 obvia
745 2351 802 2431 ⁶⁴),
835 2367 1073 2431 nonnumquam
1094 2346 1227 2431 falsaili
1253 2349 1438 2434 temptavit,
1472 2348 1531 2415 scd
1552 2349 1663 2431 aliqua
1684 2370 1725 2415 ex
1747 2349 1857 2416 codice

228 2488 352 2552 quoque
375 2469 499 2549 hausit,
524 2468 581 2552 qui
604 2488 658 2550 eo,
683 2487 724 2533 ex
746 2488 809 2550 quo
832 2475 999 2534 contextus
1020 2467 1201 2554 descriptus
1224 2475 1289 2549 est,
1323 2469 1511 2535 auctoritate
1532 2468 1679 2551 inferior,
1713 2469 1857 2536 sednon

227 2590 352 2656 omuino
375 2588 627 2655 contemnendus
649 2594 728 2655 erat.
772 2608 848 2654 uam
871 2595 907 2655 ut
927 2589 1030 2655 multa
1050 2589 1118 2654 alia
1139 2589 1294 2672 omittam,
1320 2590 1454 2655 lacunas
1475 2590 1649 2655 nonnullas
1672 2610 1713 2655 oa
1734 2590 1857 2656 ratione

229 2711 351 2795 explet,
385 2730 481 2795 quam
503 2730 613 2776 veram
636 2728 710 2776 esse
732 2682 788 2775 aut
810 2729 861 2775 res
882 2708 957 2794 ipsa
978 2716 1035 2777 aut
1056 2710 1185 2776 codices
1208 2709 1323 2793 reliqui
1346 2712 1560 2792 testenturiil.
1608 2710 1691 2777 liher
1712 2710 1803 2776 initio
1825 2718 1858 2777 et

227 2832 286 2897 fine
308 2837 474 2898 truncatus
496 2838 562 2909 sst3
588 2830 701 2914 incipit
721 2830 807 2896 euim
830 2851 863 2914 p.
890 2834 942 2913 26,
970 2833 987 2892 7
1011 2840 1074 2894 tom
1096 2832 1190 2893 house
1212 2833 1389 2911 voluntatis,
1415 2829 1535 2895 desinit
1557 2850 1589 2915 p.
1616 2833 1689 2913 227,
1716 2834 1736 2894 2
1758 2836 1858 2896 scisso

229 2963 306 3017 verte
325 2954 451 3037 supitii,
485 2950 545 3017 sed
565 2949 630 3016 iam
652 2949 728 3015 iude
750 2971 771 3015 a
793 2950 900 3016 medio
922 2950 1003 3016 lihro
1025 2950 1136 3033 quinto
1159 2970 1270 3034 margo
1293 2950 1412 3016 sensim
1434 2949 1559 3033 deficit,
1591 2950 1637 3017 ita
1663 2957 1698 3017 ut
1719 2951 1858 3036 primum

231 3073 377 3157 singulae
399 3071 537 3153 litterae,
564 3090 638 3135 mox
660 3090 755 3137 voces
778 3078 810 3137 ot
831 3071 1021 3153 sentcntiae,
1047 3069 1142 3137 finem
1161 3089 1275 3139 versus
1291 3076 1377 3136 totae
1392 3071 1559 3136 columnae
1574 3071 1737 3155 perierint.
1785 3092 1857 3137 cum
1967 3072 1972 3083 '

229 3194 306 3259 Pin
329 3191 558 3277 orthographia
580 3211 688 3257 veram
712 3190 865 3276 temporis
880 3191 1121 3276 Symmachiani
1143 3190 1318 3275 imaginem
1340 3210 1419 3277 praa
1442 3209 1478 3256 sa
1499 3189 1583 3256 forat
1596 3185 1638 3257 'st
1659 3212 1731 3257 oum
1747 3192 1858 3258 codice

229 3314 380 3400 rescripto
402 3313 577 3379 orationum
602 3311 669 3377 fero
692 3310 877 3393 conveniat,
912 3312 1115 3378 collationem
1138 3312 1208 3378 eius
1231 3311 1264 3377 in
1287 3312 1369 3377 libro
1392 3311 1493 3397 primo
1515 3310 1673 3395 integram
1696 3312 1789 3394 dedi,
1822 3313 1856 3378 iu

229 3434 360 3519 reliquis
382 3433 634 3520 permutationes
657 3439 780 3499 tantum
802 3433 977 3499 litterarum
1002 3455 1017 3496 e
1038 3439 1072 3499 et
1093 3454 1130 3497 aa
1152 3440 1186 3499 et
1207 3435 1333 3515 epistota
1354 3452 1411 3517 pro
1434 3436 1566 3515 epistula
1587 3433 1725 3517 positum
1744 3433 1853 3511 omisi;

231 3782 379 3830 mundationi
404 3780 554 3842 respondet,
580 3794 655 3842 qnam
679 3779 747 3826 tilius
771 3780 827 3827 aius
844 3783 947 3840 epatre
965 3778 995 3827 sd
1014 3779 1189 3838 Symmachum
1207 3780 1361 3842 pertulerat,
1385 3780 1448 3829 VIII
1467 3778 1500 3829 38
1519 3780 1550 3829 da
1568 3780 1681 3829 eiusdem
1699 3780 1747 3828 utri
1765 3781 1856 3828 studita

232 3869 370 3926 Symmachi
388 3881 462 3916 surse
480 3867 602 3926 delegatis
619 3867 737 3927 loquitur.

313 3969 353 4033 53)
377 3972 497 4019 Octauius
517 3970 616 4029 Cicron,
637 3968 666 4016 dr
684 3969 825 4030 Symmachi
842 3971 1008 4030 epistularum
1024 3969 1106 4018 cadim
1124 3968 1247 4017 Parisino.
1285 3968 1390 4017 Bonitas
1412 3970 1486 4019 1867.

314 4074 355 4133 tl)
434 4073 476 4136 28,
515 4073 531 4122 8
555 4075 687 4133 tetigissem
704 4071 725 4119 P
742 4072 757 4121 2
777 4088 811 4121 m.
1186 4076 1296 4132 ispissem
1314 4073 1334 4120 P
1354 4071 1365 4120 1
1387 4088 1421 4121 m.
1442 4073 1466 4119 V

496 4158 529 4209 28
554 4160 647 4206 roiam
664 4159 684 4206 P
703 4156 718 4206 2
737 4172 769 4209 m.
1187 4161 1284 4207 suioara
1302 4159 1322 4205 P
1342 4157 1353 4206 1
1375 4174 1408 4208 m.
1429 4160 1452 4205 V

433 4244 765 4309 27‚3ruodasP2m.
1186 4244 1443 4294 suadiale.V

433 4332 476 4392 36,
497 4332 530 4382 24
553 4337 739 4381 structurarum
757 4331 777 4380 P
796 4332 811 4381 2
829 4347 863 4380 ιιι.
1186 4332 1393 4380 histructurarum
1411 4330 1430 4379 P
1450 4329 1461 4380 l
1483 4346 1517 4380 m.
1537 4325 1607 4382 VFO

434 4418 846 4481 st,22neomqoamrrm.
1184 4417 1526 4481 meumquamle.V

433 4504 476 4567 38,
496 4505 527 4555 31
550 4507 640 4566 proelii
657 4506 677 4553 P
695 4504 711 4554 2
730 4520 763 4554 ιιι.
1183 4506 1283 4566 prositis
1301 4504 1321 4550 P
1341 4501 1352 4552 l
1373 4519 1408 4553 m.
1428 4504 1477 4552 VM

234 4593 309 4640 mults
325 4594 426 4654 similis,
446 4595 474 4641 in
492 4594 584 4654 quihus
601 4605 738 4640 cousensus
757 4591 848 4639 codicis
867 4591 890 4637 V
910 4592 1028 4651 ostendit,
1049 4592 1168 4639 mendum
1187 4592 1282 4652 primae
1302 4604 1391 4639 manus
1409 4593 1458 4639 iarn
1476 4593 1504 4639 in
1522 4591 1655 4653 archetypo
1673 4590 1762 4637 fuisse.

314 4695 354 4756 55)
410 4695 475 4758 xlii,
499 4694 530 4744 18
553 4697 704 4745 sontiorroris
722 4696 742 4743 P
760 4693 775 4742 2
794 4709 828 4742 m.
1183 4695 1318 4741 coattaaris
1336 4694 1356 4739 P
1377 4693 1387 4741 l
1409 4708 1441 4743 m.
1464 4688 1527 4756 VO,
1552 4695 1584 4741 ci.
1605 4693 1736 4753 liiussllng
1754 4695 1782 4740 in
1800 4706 1857 4754 pro·

1222 4785 1358 4838 grammate
1367 4779 1590 4842 Gryphisvsldeusl
1602 4786 1663 4827 aest.
1679 4792 1702 4825 a.
1717 4776 1781 4827 1883
1791 4792 1816 4839 p.
1829 4778 1853 4827 3.

433 4866 476 4930 29,
496 4867 528 4917 25
553 4867 610 4928 fidei
628 4867 648 4913 P
666 4866 682 4915 2
700 4881 734 4915 m.
1183 4866 1235 4928 fiiri
1253 4864 1304 4913 P‘l
1324 4880 1371 4924 ιιι,
1390 4867 1443 4928 {iaci
1460 4858 1531 4914 VMI'

431 4953 473 5015 38,
496 4952 528 5001 12
551 4951 660 5012 frustrer
676 4951 696 5000 P
714 4951 730 5001 2
749 4966 781 5002 m.
1180 4954 1275 5015 frustra
1295 4951 1315 4997 P
1335 4950 1345 5000 l
1367 4966 1413 5012 m,
1433 4950 1530 5010 frustra
1547 4953 1594 4998 sim
1612 4954 1633 4998 si
1651 4950 1675 4996 V

433 5040 473 5102 ts,
497 5039 530 5089 20
553 5040 634 5101 {iliram
651 5041 702 5086 iam
719 5039 739 5085 P
758 5037 774 5086 2
792 5053 827 5086 rn.
1183 5038 1234 5101 pilio
1253 5040 1303 5085 iam
1322 5038 1342 5084 P
1362 5036 1372 5085 1
1394 5053 1439 5098 m.,
1460 5037 1563 5099 quotum
1581 5036 1624 5084 VP

432 5124 757 5187 sutsauaeorum.
1182 5123 1494 5182 dcole.,dehsoF

419 5213 476 5275 131,
496 5212 529 5262 30
553 5214 633 5272 mauis
650 5212 761 5260 intrudit
778 5210 799 5258 P
817 5209 832 5259 2
850 5226 883 5261 m.
1184 5224 1233 5259 orn.
1254 5212 1273 5258 P
1294 5210 1304 5258 1
1327 5225 1360 5259 m.
1381 5211 1424 5258 vs

312 5316 354 5377 561
374 5315 417 5378 st,
437 5314 471 5365 23
486 5318 640 5376 praarniiurs
658 5315 721 5363 haus
739 5328 783 5373 spo
795 5316 931 5375 impensius
943 5314 987 5362 tihi
998 5319 1055 5363 coto
1067 5319 1151 5375 optare
1163 5314 1248 5361 studea
1261 5328 1334 5375 quum
1352 5312 1446 5361 Ρ2ιιι,
1462 5313 1511 5360 VM
1530 5339 1565 5348 -
1580 5327 1640 5373 pros
1659 5313 1762 5373 reliquis
1780 5314 1857 5359 omis·

230 5404 262 5450 sle
280 5404 299 5451 P
319 5402 329 5451 1
351 5417 402 5465 m.;
433 5401 474 5462 53,
496 5400 529 5451 30
554 5401 618 5463 qued
640 5401 701 5449 mihi
724 5399 820 5448 iihrarii
843 5413 911 5448 error
935 5398 987 5448 Ρ2
1007 5414 1040 5448 m.
1060 5398 1117 5462 vu,
1147 5397 1188 5459 79,
1209 5399 1226 5447 4
1250 5402 1287 5447 tui
1311 5402 1338 5446 irs
1359 5397 1492 5458 fastigium
1514 5399 1652 5446 tolleremus
1671 5396 1773 5444 amoliti
1790 5400 1856 5445 aum

230 5484 246 5532 P
263 5488 323 5537 lm.
344 5488 380 5549 1¹¹3
400 5487 442 5549 37,
463 5487 496 5536 33
515 5490 543 5535 ia
559 5492 642 5547 aperio
660 5491 695 5535 ast
712 5488 799 5534 merito
816 5488 869 5533 cius
886 5485 1002 5534 laudibus
1018 5490 1131 5534 nostrum
1149 5485 1212 5534 sedit
1230 5487 1359 5547 inpertiam
1376 5483 1396 5532 P
1414 5483 1478 5532 2ιιι.
1498 5483 1530 5545 P,
1554 5481 1612 5541 165,
1632 5481 1665 5531 22
1682 5486 1789 5529 vmtrom
1806 5496 1856 5529 ser-

230 5587 283 5621 onrs
300 5576 473 5635 imminuimus
491 5574 533 5621 ssd
547 5577 717 5635 perseuerauit
735 5570 818 5620 inedia
835 5571 856 5619 P
873 5571 888 5620 2
907 5586 957 5634 m.;
979 5570 1037 5633 itt,
1058 5571 1074 5621 6
1091 5574 1166 5619 omui
1183 5574 1267 5633 orama
1285 5570 1352 5633 quod
1369 5575 1424 5618 soto
1443 5572 1485 5616 tuo
1502 5570 1614 5627 rorantis
1631 5568 1711 5629 fossas
1726 5574 1857 5628 praeturae

228 5657 246 5707 P
262 5660 278 5710 2
295 5676 347 5724 ιιι.;
378 5659 437 5721 180,
460 5660 490 5708 15
508 5664 684 5722 amarisque
706 5658 833 5708 domiuum
854 5664 878 5707 ai
893 5661 1032 5721 priucipsm
1048 5663 1161 5706 murtrum
1178 5660 1250 5707 auius
1268 5672 1346 5707 sermo
1363 5656 1464 5705 moinus
1481 5657 1574 5703 itineris
1593 5654 1612 5702 P
1630 5652 1646 5702 2
1665 5670 1698 5704 m.
1719 5669 1784 5717 qnss
1801 5670 1855 5704 om·

229 5748 268 5794 nis
282 5749 364 5811 prims
381 5760 472 5795 msuns
490 5747 618 5794 omiserat.

1607 5840 1649 5896 d*
