4736 6478
868 871 1202 958 mmmm

847 1026 907 1092 An
934 1025 1218 1092 nuruussrvn.
1870 1025 1975 1089 Pru

310 1203 495 1268 Praeturam
525 1201 584 1266 filii
606 1200 686 1281 mei,
721 1199 749 1264 si
772 1198 837 1264 sors
867 1199 989 1265 dietum
1011 1199 1114 1279 iuvet,
1147 1200 1310 1284 proximus
1339 1219 1444 1283 annus
1473 1204 1649 1286 exspectat.
1696 1219 1848 1283 equomm

223 1306 301 1370 mihi
330 1306 487 1371 curulium
516 1303 661 1390 paranda
690 1302 840 1368 nobilitas
869 1309 935 1385 est,
968 1309 1004 1368 ut
1025 1302 1239 1388 expectationi
1262 1302 1373 1387 populi
1395 1305 1485 1367 Rom.
1511 1322 1585 1369 mea
1606 1302 1759 1388 pecunia,
1792 1307 1849 1368 tua

192 1430 299 1473 scura
321 1408 525 1493 respondeat.
573 1408 634 1473 boe
655 1427 707 1471 me
730 1405 849 1471 crebris
871 1405 988 1471 litteris
1013 1407 1195 1490 postulasse
1218 1406 1403 1472 meministi.
1449 1425 1534 1471 nunc
1556 1405 1633 1471 milri
1655 1404 1848 1471 admonitio-

224 1513 273 1577 nis
295 1512 404 1591 verba‚
431 1531 494 1576 nou
514 1509 679 1593 petitionis
702 1507 888 1574 adhibenda
906 1516 997 1589 sunt;
1024 1515 1057 1574 et
1078 1516 1196 1592 tamem
1223 1529 1294 1575 cum
1309 1510 1458 1576 voluntas
1479 1509 1513 1574 in
1534 1528 1594 1574 uos
1615 1514 1673 1573 tua
1694 1507 1848 1574 ambitum

223 1635 285 1679 non
312 1614 469 1698 requirat,
501 1614 536 1679 in
558 1620 681 1679 tantum
705 1632 755 1677 me
777 1611 886 1677 votiva
908 1612 1097 1695 sollicitant,
1130 1620 1166 1679 ut
1186 1613 1301 1678 anxias
1324 1611 1455 1678 auribus
1476 1611 1540 1677 tuis
1561 1617 1724 1693 tamquam
1746 1630 1848 1677 novus

223 1718 340 1802 petitor
360 1718 504 1801 ingeram
524 1735 648 1801 preces.
694 1714 854 1781 vincenda
876 1723 925 1780 est
947 1715 1033 1781 enim
1049 1714 1126 1781 milri
1150 1715 1239 1782 lania
1260 1716 1479 1802 exemplomm
1495 1735 1647 1799 meorum,
1672 1734 1756 1798 quae
1777 1722 1850 1799 post
1870 1718 1890 1778 2

223 1822 424 1887 consularem
453 1820 703 1886 munificentiam
731 1817 846 1884 domus
871 1824 999 1884 nostrae
1027 1825 1060 1884 et
1080 1819 1139 1884 filii
1161 1820 1225 1885 mei
1247 1819 1463 1902 quaestoriam
1485 1818 1682 1884 montionem
1702 1817 1786 1883 nihil
1807 1817 1849 1883 de

179 1948 206 1987 ιο
224 1925 316 1990 uobis
338 1923 497 1989 mediocre
520 1922 686 2007 promittit.
732 1922 813 1987 haec
834 1921 932 2005 igitur
953 1921 1115 2008 petitionis
1131 1942 1223 1988 meae
1245 1942 1371 1989 summa
1393 1930 1452 2006 est,
1479 1929 1515 1988 ut
1535 1942 1587 1987 me
1602 1921 1773 2006 diligentia
1793 1911 1850 1987 tua

225 2028 417 2111 praeteritae
438 2027 561 2111 gloriae
588 2045 698 2111 parem
727 2024 836 2091 faciat.
883 2026 987 2111 pretia
1008 2047 1065 2110 pro
1094 2034 1150 2093 tua
1171 2026 1336 2110 aequitate
1366 2025 1565 2092 numeranda
1587 2024 1763 2091 familiares
1785 2024 1849 2090 mei

224 2130 444 2197 incunctanter
465 2128 643 2195 exsolvent.
690 2129 736 2194 tui
758 2128 906 2196 beneficii
929 2129 1003 2211 erit,
1036 2136 1071 2196 ut
1097 2130 1254 2215 quidquid
1275 2130 1319 2197 ad
1341 2130 1451 2197 curule
1474 2137 1635 2196 certamen
1658 2148 1847 2213 generosum

175 2244 179 2251 '
224 2234 328 2317 giguit
348 2233 523 2319 Hispania,
557 2232 609 2298 vel
638 2232 732 2297 domo
759 2233 917 2317 praebeas
938 2232 992 2299 vel
1021 2232 1063 2299 de
1089 2233 1225 2299 aliorum
1247 2232 1401 2318 gregibus
1430 2253 1596 2319 excerpas.
1643 2253 1708 2299 non
1737 2236 1891 2299 vereor3

225 2336 307 2401 iuter
328 2336 420 2419 haec,
445 2356 486 2401 ne
509 2356 560 2401 me
582 2334 787 2421 adpetentem
810 2335 958 2422 plebeiae
981 2335 1088 2402 laudis
1110 2336 1284 2403 existimes.
1323 2336 1387 2402 scis
1409 2336 1496 2402 enim
1517 2356 1574 2422 pro
1596 2343 1653 2403 tua
1674 2335 1846 2422 sapientia,

181 2466 207 2503 rs
226 2460 361 2523 magnae
385 2440 472 2506 urbis
495 2439 737 2522 magistratibus
765 2446 920 2523 angustos
941 2440 1066 2506 animos
1094 2460 1156 2505 nou
1186 2441 1367 2507 convenire.
1414 2441 1475 2506 boc
1504 2440 1601 2506 etiam
1624 2439 1753 2504 'Pullius
1774 2448 1849 2506 tuus

226 2543 382 2628 praecipit
396 2544 506 2608 luxum
529 2541 563 2608 in
578 2542 711 2626 privatis
733 2543 872 2626 negotiis
886 2562 1038 2626 arguens,
1063 2542 1097 2608 iu
1113 2544 1251 2628 publicis
1273 2542 1543 2627 magnificentiam
1560 2543 1710 2628 probans.
1750 2564 1848 2627 quare

218 2667 264 2715 cx
287 2646 421 2712 summis
443 2646 557 2731 opibus
580 2646 655 2710 iuva
671 2646 805 2711 Romani
828 2646 926 2711 animi
949 2646 1129 2731 speciosum
1153 2646 1290 2713 calorem
1307 2655 1459 2713 venturus
1481 2646 1513 2711 iu
1538 2654 1662 2730 partem
1685 2646 1849 2731 popularis

225 2770 348 2814 mecum
372 2749 500 2827 favoris,
531 2749 559 2812 si
582 2747 674 2812 bonis
696 2769 736 2814 ex
759 2756 813 2814 tuo
835 2748 992 2815 beneficio
1015 2749 1170 2815 celebrior
1191 2751 1279 2816 fama
1301 2751 1492 2835 provenerit.

798 3110 1272 3195 mmmmma

178 3291 206 3333 a
945 3265 1127 3344 mm
1873 3273 1986 3335 em

310 3439 469 3505 'l'uentius
490 3445 564 3505 tuus
586 3439 620 3505 in
643 3437 797 3504 utramvis
819 3458 929 3504 aurem
952 3457 1095 3503 somnum
1120 3445 1285 3523 capessat;
1312 3437 1391 3504 nihil
1415 3439 1499 3505 enim
1522 3460 1643 3524 magna
1665 3439 1807 3523 dignitas
1828 3462 1850 3507 a

226 3563 369 3629 paupere
397 3542 486 3627 petit.
534 3543 576 3608 sit
605 3542 741 3608 fortasse
763 3541 925 3626 plerisque
956 3541 1028 3627 ipsa
1054 3541 1166 3626 inopia
1194 3541 1323 3625 gravis,
1357 3541 1455 3609 babet
1480 3551 1588 3609 tamen
1616 3542 1716 3609 alieni
1743 3543 1850 3609 oneris

225 3647 458 3734 exceptionem.
505 3646 614 3725 adice,
641 3646 669 3710 si
691 3646 813 3730 placet,
845 3645 1008 3711 securitati
1030 3645 1100 3711 eius
1123 3644 1294 3711 sacerdotii
1315 3645 1520 3730 privilegium
1544 3646 1691 3712 etunius
1713 3646 1851 3712 bominis

226 3751 422 3817 munimenta
443 3749 632 3834 multiplica.
680 3749 756 3813 milri
780 3747 907 3815 videtur
928 3748 1066 3814 validior
1086 3768 1159 3815 esse
1182 3749 1328 3814 omnibus
1350 3748 1526 3815 vacationis
1549 3749 1700 3815 remediis
1725 3751 1850 3816 exhau-

179 3877 208 3917 η
225 3863 275 3921 sta
297 3854 435 3920 fortuna.
482 3852 540 3918 sed
562 3852 660 3918 velim
682 3851 824 3931 mireris,
856 3852 1056 3935 quaesitores
1078 3852 1204 3935 glebae.
1218 3851 1397 3919 senatoriae
1419 3853 1563 3938 protinus
1585 3853 1752 3919 adfuturos
1775 3873 1850 3940 spe-
1873 3860 1892 3919 2

226 3958 423 4040 caudamque
438 3956 567 4021 Tuentii
588 3955 716 4021 veniam
731 3954 919 4041 pleniorem,
945 3955 973 4020 si
995 3955 1092 4021 fidem
1107 3955 1305 4041 paupertatis
1320 3956 1390 4022 eius
1404 3957 1582 4042 exploratio
1600 3963 1703 4022 ratam
1725 3955 1847 4023 fecerit.

223 4063 347 4127 interea
369 4066 456 4125 tutus
478 4058 636 4145 prioribus
659 4059 758 4142 gestis
780 4065 858 4142 agat
880 4058 1028 4124 liberum.
1074 4058 1156 4123 nihil
1176 4058 1348 4125 novabitur
1376 4067 1448 4144 post
1475 4060 1620 4126 inlustris
1649 4061 1709 4127 viri
1731 4061 1850 4127 Felicis

225 4185 281 4249 pro
303 4164 361 4229 illo
382 4162 624 4241 iudicationem,
658 4162 751 4228 modo
774 4169 809 4227 ut
830 4162 990 4245 allegatas
1012 4161 1134 4228 dudum
1156 4161 1313 4228 senatoris
1334 4164 1501 4246 angustias
1523 4164 1669 4230 adstruat
1689 4166 1850 4232 examinis

226 4268 404 4352 diligentia.
450 4269 535 4332 nuuc
557 4266 636 4330 milri
656 4273 689 4331 tu
713 4266 816 4331 amice
838 4264 1058 4350 obiurgandus
1076 4284 1133 4348 es,
1167 4266 1318 4348 quicum
1339 4265 1446 4333 vicina
1472 4267 1589 4333 itinera
1610 4269 1843 4352 perstrinxeris,
1871 4272 1891 4333 3

179 4395 207 4433 ro
225 4369 355 4436 flectere
383 4369 426 4435 ad
448 4389 506 4434 nos
529 4369 674 4435 habenas
705 4370 834 4451 longum
858 4369 990 4453 putasti.
1037 4368 1182 4435 dedisset
1203 4368 1363 4453 Hispania
1384 4370 1507 4436 Romae
1536 4371 1639 4456 posito
1660 4391 1769 4436 morae
1791 4391 1849 4438 ve-

225 4474 329 4551 niam;
363 4473 452 4539 novit
476 4472 561 4538 enim
592 4473 789 4538 summittere
811 4471 974 4537 desideria
997 4492 1056 4537 sua
1077 4480 1259 4539 cuucmrum
1290 4473 1524 4557 provinciarum
1547 4475 1687 4558 parenti,
1721 4494 1781 4540 neo
1802 4475 1848 4540 ita

226 4596 325 4641 avara
348 4583 414 4654 est,
448 4584 484 4641 ut
507 4577 597 4642 uobis
620 4576 749 4661 propria
770 4576 855 4640 bona
876 4576 955 4641 nolit
976 4576 1155 4641 ostendere.
1203 4597 1302 4660 quare
1324 4577 1463 4642 fraudati
1485 4578 1590 4661 gratia
1611 4583 1667 4643 tua
1688 4578 1848 4643 secundos

225 4679 385 4745 amicitiae
408 4678 529 4745 fructus
553 4679 666 4744 sedulo
688 4679 902 4762 postulamus:
929 4688 964 4744 ut
986 4680 1133 4763 quotiens
1155 4680 1219 4744 fors
1242 4681 1365 4765 copiam
1389 4679 1522 4762 dederit,
1550 4682 1697 4764 legamus
1719 4682 1845 4765 saltem,

225 4803 319 4866 quem
343 4783 453 4849 videre
475 4782 658 4847 maluimus.

197 4954 200 4959 ’
311 4977 343 5026 ib
361 4973 421 5029 Cic.
442 4988 493 5041 pro
511 4973 605 5028 Flauo.
628 4974 668 5037 12,
688 4974 730 5026 28.

376 5150 635 5158 „-——-—--

310 5271 375 5320 iad
393 5271 530 5319 eufrasium
550 5270 577 5333 P,
603 5283 651 5319 om.
677 5268 719 5316 VF
853 5270 1004 5319 lnobllltas
1022 5270 1131 5319 curanda
1149 5278 1188 5319 eet
1206 5270 1229 5317 F
1365 5284 1445 5318 romae
1468 5269 1487 5318 V
1625 5269 1726 5318 bhuue
1746 5269 1844 5319 le.

225 5354 400 5423 lipetltiouis]
417 5372 468 5421 epo,
490 5357 648 5419 repetitionis
668 5355 737 5403 PVF
858 5354 889 5404 10
907 5358 979 5405 uobis
997 5372 1045 5406 om.
1066 5358 1086 5404 V
1207 5357 1237 5406 lli
1256 5359 1382 5420 praecepit
1404 5357 1446 5403 VF
1549 5352 1666 5422 negotlls]
1683 5357 1773 5404 omelia
1795 5357 1814 5403 V

224 5449 312 5508 probas
334 5445 356 5493 V
460 5442 490 5493 18
509 5446 581 5492 uobis
599 5443 704 5506 Lpprius
1205 5485 1208 5489 .

310 5531 344 5581 20
362 5532 392 5580 ad
410 5533 439 5595 (ἵε
460 5531 486 5594 (i.
505 5544 527 5580 e.
547 5531 577 5579 ad
595 5544 670 5592 quem
687 5532 769 5592 supra)
791 5530 821 5589 P,
839 5545 888 5579 om.
908 5529 954 5577 VM
1079 5529 1109 5579 21
1130 5526 1377 5582 utramulslllaurem
1400 5529 1449 5589 (uls
1467 5542 1515 5578 om.
1537 5532 1549 5577 1
1568 5545 1614 5591 aa,
1634 5527 1693 5578 add.
1714 5530 1792 5591 Vm.)
1819 5530 1845 5589 V,

224 5623 356 5669 ultroneus
377 5621 415 5683 (in
431 5619 493 5677 roa]
513 5631 587 5666 surse
606 5616 634 5664 M
753 5619 835 5677 magui
854 5616 917 5663 Sese
1039 5614 1300 5665 insonaturum.
1425 5614 1456 5664 27
1476 5616 1527 5675 egit
1544 5614 1568 5662 P
1683 5617 1779 5664 trulleia
1802 5614 1849 5662 VM

224 5706 257 5756 it
274 5707 371 5753 dudum
389 5719 438 5755 om.
457 5705 478 5753 V
580 5703 611 5753 31
632 5706 812 5768 prouiutiarum
832 5704 855 5751 P
957 5702 989 5751 32
1009 5704 1087 5753 nollet
1109 5703 1129 5750 V
