4736 6478
496 457 537 518 '14
1096 451 1292 509 SYumAcffl
1310 451 1522 509 EPISTVLAE

416 645 482 707 PF
497 643 565 708 lare
589 642 728 727 Lycurgi
758 650 790 710 et
819 642 946 709 Solonis
976 662 1233 727 sumpseramus:
1267 650 1342 709 tuus
1371 642 1462 708 nobis
1491 641 1646 727 posthaec
1676 638 1802 705 addidit
1830 639 1924 705 labor
1952 641 2125 725 peregrina

497 754 719 828 monumenta,
755 766 838 828 quae
867 746 931 812 ium
955 746 1006 812 sui
1027 748 1183 812 nesciunt.
1227 767 1312 812 nuuc
1333 767 1409 812 vere
1431 745 1545 811 civitas
1567 751 1676 810 nostra
1697 743 1879 828 †populum
1901 743 2042 809 omnium
2065 766 2124 829 pa-

433 876 439 883 ·
496 869 571 915 rens
598 849 685 917 iacta
713 856 779 929 est,
813 851 929 917 docere
958 849 1043 915 enim
1073 849 1219 934 singulas
1249 857 1355 936 potest
1383 848 1592 931 antiquitates
1621 867 1761 913 suorum.
1808 846 1882 931 ipsa
1912 867 1986 914 vero
2014 870 2068 934 per
2090 869 2124 915 se

496 954 631 1019 materia
660 953 759 1036 digua
788 953 916 1018 laudari
938 960 1056 1037 quanto
1079 955 1247 1019 verborum
1270 954 1418 1018 stellatur
1439 956 1541 1017 aurel
1577 950 1704 1016 nescias
1727 952 1813 1016 cultu
1835 972 1878 1016 an
1901 952 1996 1017 rebus
2018 952 2123 1035 magis

454 1059 475 1118 4
498 1056 668 1122 voluminis
694 1058 795 1122 honor
816 1057 970 1141 gaudeat.
1017 1057 1058 1122 de
1081 1077 1153 1122 mea
1175 1056 1375 1142 aegritudine
1398 1075 1601 1138 nequaquam
1623 1060 1655 1119 te
1678 1075 1785 1119 rumor
1806 1053 1942 1136 fefellit,
1975 1054 2034 1121 sed
2058 1056 2122 1120 iam
2145 1076 2158 1113 a

496 1198 538 1205 -—
561 1159 655 1225 modo
683 1160 763 1225 mihi
792 1161 888 1225 venia
917 1159 993 1225 dicti
1025 1160 1066 1224 sit
1088 1198 1128 1206 —-
1153 1159 1428 1225 convalescentiae
1457 1166 1567 1244 portus
1597 1157 1752 1243 aperitur.
1799 1157 1975 1222 carminum
1998 1166 2124 1223 tuorum

496 1263 640 1329 codicem
670 1263 896 1348 reportandum
919 1283 1018 1348 puero
1040 1261 1177 1343 tradidi,
1212 1270 1245 1328 et
1265 1263 1343 1345 quia
1365 1262 1553 1345 eglogarum
1575 1260 1730 1326 confusus
1752 1259 1829 1324 ordo
1852 1266 1919 1341 est,
1952 1281 2047 1344 quem
2070 1260 2125 1326 de-

496 1367 697 1451 scripsimus,
724 1367 819 1433 simul
843 1367 934 1450 misi,
967 1373 1002 1431 ut
1024 1373 1057 1431 et
1078 1366 1231 1432 correctio
1253 1387 1274 1430 a
1294 1372 1327 1431 te
1350 1364 1476 1446 utrique
1498 1372 1679 1449 praestetur
1701 1370 1734 1428 et
1756 1363 1908 1441 aliorum,
1934 1385 2018 1446 quae
2040 1384 2125 1429 nuno

496 1471 624 1555 pangis,
650 1470 800 1536 adiectio.
848 1472 933 1536 vale.

1271 1779 1346 1844 XII.

1038 1917 1301 1983 SYMMACHVS
1324 1915 1579 1983 NAVCELLIO.

581 2091 617 2156 Si
646 2092 704 2157 tibi
734 2091 813 2157 baec
843 2112 923 2174 nna,
956 2098 992 2156 ut
1012 2089 1081 2172 ais,
1115 2089 1339 2172 frequentandi
1363 2090 1430 2155 stili
1452 2096 1638 2171 causaest,
1670 2093 1706 2153 ut
1727 2110 1748 2154 a
1769 2109 1821 2154 me
1843 2088 1945 2155 vicem
1969 2092 2125 2156 sermonis

494 2194 646 2275 excedas,
673 2215 826 2277 magnum
849 2194 969 2261 silentii
992 2194 1093 2259 nostri
1114 2193 1148 2258 in
1171 2193 1286 2258 litteris
1309 2194 1372 2258 tuis
1395 2193 1532 2278 pretium
1556 2200 1615 2258 θεῖ.
1663 2190 1739 2258 vide
1762 2192 1875 2275 igitur,
1904 2213 1945 2258 ne
1968 2214 2019 2259 me
2042 2194 2125 2259 vali-

494 2297 554 2362 dus
583 2318 605 2362 a
634 2298 802 2364 scribendo
831 2305 960 2365 revocet
990 2297 1112 2363 fructus
1142 2297 1287 2377 tacendi,
1323 2297 1399 2380 quia
1428 2296 1456 2361 si
1486 2316 1585 2381 saepe
1608 2295 1838 2380 respondeam,
1870 2296 2007 2362 fumasse
2030 2298 2126 2382 plura

494 2400 638 2467 remittes
660 2386 781 2466 utiam
803 2401 904 2467 victor
925 2401 1035 2486 optati.
1083 2421 1178 2466 mane
1204 2420 1281 2484 ergo
1303 2400 1336 2464 in
1360 2400 1524 2484 proposito
1547 2399 1705 2465 adsiduae
1729 2398 1910 2483 scriptionis
1933 2399 2030 2465 etiam
2053 2407 2126 2486 post
2148 2419 2177 2459 ra

453 2504 668 2589 lepistulam
691 2491 812 2588 meam,
847 2505 994 2588 quamvis
1016 2504 1126 2568 malim
1149 2503 1285 2569 reditum
1316 2510 1406 2569 tuum
1436 2524 1531 2586 quam
1561 2503 1697 2588 paginas
1727 2504 1912 2586 impetrare.
1959 2510 2033 2568 sunt
2054 2503 2127 2586 qui-

495 2608 568 2674 dem
591 2608 670 2673 illae
693 2607 844 2673 Tulliano
869 2614 1091 2691 segmentatae
1114 2628 1202 2690 auro,
1230 2606 1289 2672 sed
1312 2606 1352 2672 de
1368 2607 1594 2690 praesentibus
1610 2606 1723 2671 amicis
1738 2607 1823 2671 bona
1837 2605 1930 2690 plura
1945 2614 2125 2673 sumuntur.

493 2712 566 2797 ipsa
594 2713 689 2778 etiam
721 2712 821 2777 verba
842 2711 960 2776 melius
983 2732 1023 2777 ex
1046 2710 1110 2776 oris
1134 2710 1274 2775 lontibus
1297 2709 1401 2775 fluunt
1422 2731 1517 2792 quam
1540 2709 1734 2774 mandantur
1755 2709 1855 2774 textis
1877 2710 2003 2794 papyri.
2050 2710 2128 2793 quin

494 2836 571 2898 ergo
593 2815 752 2881 eluctatus
775 2815 864 2899 longi
887 2814 943 2879 otii
966 2816 1083 2880 cariem
1099 2814 1245 2879 Caelium
1269 2820 1410 2878 nostrum
1435 2813 1573 2879 revisas.
1614 2820 1664 2878 sat
1679 2813 1829 2896 temporis
1845 2812 1986 2897 Spoletio
2004 2814 2122 2894 dabam,

493 2918 598 2984 bonae
626 2918 696 2984 urbi
718 2926 751 2985 et
773 2919 962 3004 optimorum
986 2917 1104 2983 civium
1128 2917 1238 2998 aratri,
1271 2916 1472 2999 intellegenti
1495 2924 1620 2997 tamen,
1653 2916 1738 2999 quod
1760 2923 1889 2982 nostrae
1910 2918 2019 2982 curiae
2043 2918 2129 2998 viros
2149 2935 2180 2978 ao

494 3040 672 3106 usucapere
694 3041 756 3086 non
779 3021 891 3105 possit.

1261 3329 1354 3395 XIII.

1038 3468 1299 3535 SYMMACHVS
1321 3466 1577 3534 NAVOELLIO.

581 3642 681 3707 Binas
703 3641 746 3707 ad
769 3663 819 3709 me
841 3641 965 3708 litteras
988 3641 1184 3727 pedisequus
1207 3648 1281 3707 ῖεεε
1303 3640 1434 3707 detulit:
1468 3638 1593 3704 fraudis
1614 3658 1781 3722 arguerer,
1808 3639 1872 3704 nisi
1893 3641 2026 3707 totidem
2048 3642 2124 3708 red-

495 3744 660 3810 didissem.
708 3744 851 3826 utrisque
874 3751 905 3809 te
928 3744 1103 3811 reditumm
1126 3745 1269 3827 Romam,
1296 3745 1324 3808 si
1346 3764 1405 3828 per
1425 3762 1526 3808 annos
1549 3743 1654 3821 liceat,
1680 3742 1894 3827 spopondisti.
1941 3765 2041 3829 saepe
2063 3767 2123 3811 nu·
2144 3766 2176 3808 aa

495 3848 689 3915 mercidem
712 3848 905 3933 scripseras3
939 3848 1018 3913 nihil
1041 3847 1106 3913 iam
1129 3868 1234 3913 moror
1256 3847 1460 3931 syngraphas
1482 3854 1564 3912 tuas.
1612 3846 1730 3912 iterare
1758 3847 1951 3931 promissum
1973 3848 2124 3915 fallaciae

495 3950 660 4017 meditatio
683 3959 743 4017 est.
784 3951 850 4016 scio
872 3952 975 4016 lentos
997 3950 1041 4017 ad
1064 3952 1297 4035 capessendum
1320 3951 1461 4016 laborem
1485 3969 1579 4015 senes
1602 3949 1681 4031 lieri,
1708 3949 1767 4015 sed
1787 3950 1865 4033 quia
1883 3959 2032 4017 crescunt
2046 3952 2125 4018 vitia

494 4075 567 4121 cum
589 4063 744 4140 tempore,
769 4055 803 4120 in
825 4076 894 4121 cras
917 4074 953 4120 es
975 4054 1055 4120 mihi
1077 4054 1307 4135 adtrahendus,
1335 4053 1521 4138 prinsquam
1543 4053 1706 4119 iustiorem
1729 4052 1857 4118 veniam
1880 4053 1979 4120 iaciat
2000 4055 2126 4139 longior

454 4162 473 4221 2
496 4158 578 4224 dics.
623 4159 747 4224 nullam
777 4164 862 4224 certe
885 4158 1002 4224 Nestor
1029 4158 1123 4224 tertio
1151 4157 1224 4224 aeri
1254 4159 1305 4223 sui
1334 4159 1464 4224 saeculo
1493 4156 1626 4222 militiae
1648 4156 1848 4222 vacationem
1870 4158 2035 4242 poposcit,
2065 4178 2126 4225 nec

494 4262 614 4328 Achilli
643 4262 811 4329 excusavit
839 4261 956 4328 aetatis
986 4281 1066 4327 suae
1095 4261 1199 4346 frigus
1227 4281 1328 4327 senex
1357 4261 1502 4327 monitor.
1549 4266 1582 4326 θῖ
1610 4266 1696 4325 certe
1724 4258 1812 4324 haud
1839 4260 1974 4326 multum
2000 4260 2124 4327 itineris
2144 4282 2175 4323 ro

390 4420 405 4439 ,
493 4365 672 4432 interiacet.
720 4366 896 4451 Spoletium
927 4364 1155 4431 suburbanitas
1184 4372 1293 4430 nostra
1316 4371 1374 4431 est.
1422 4365 1498 4430 dum
1522 4363 1663 4429 carmina
1684 4370 1740 4429 tua
1762 4362 1921 4445 ruminas,
1955 4363 2032 4431 dum
2054 4365 2125 4450 epi-

494 4477 674 4553 grammata
695 4469 812 4536 oblatis
835 4470 916 4535 lucis
938 4477 995 4536 aut
1016 4469 1165 4534 omnibus
1189 4468 1289 4552 iacis,
1315 4469 1438 4534 fallitur
1460 4467 1562 4533 doctis
1584 4466 1832 4550 cogitationibus
1853 4487 1969 4533 sensus
1991 4467 2121 4534 laboris.

494 4680 906 4688 ——-—-—-—--—-—-

582 4816 593 4866 1
615 4818 712 4879 lygurgi
731 4815 761 4877 P,
782 4817 874 4877 ligurgl
894 4817 916 4863 Ρ
1052 4816 1068 4866 1
1087 4818 1241 4866 monimenta
1258 4830 1323 4879 quas
1340 4818 1390 4865 tam
1409 4820 1545 4864 senescunt
1562 4816 1585 4862 Ρ
1722 4812 1854 4882 populum]
1873 4815 1902 4877 P,
1925 4818 2075 4879 populorum
2094 4816 2122 4879 P,
2151 4799 2165 4818 '

493 4905 555 4966 sort.
571 4905 697 4968 propalam
813 4901 828 4951 3
846 4905 915 4950 enlm
933 4916 981 4951 orn.
999 4903 1022 4949 Ρ
1137 4909 1221 4966 ροῖθεῖ
1238 4904 1352 4963 singulus
1372 4903 1394 4949 Ρ
1507 4916 1553 4963 per
1571 4914 1598 4949 se
1617 4897 1733 4967 muteris]
1750 4915 1803 4963 epo,
1823 4917 1882 4964 pars
1899 4904 2002 4951 matoria
2020 4902 2049 4962 P,
2069 4917 2126 4965 pars

494 4992 611 5040 materiae
631 4991 653 5038 Ρ
764 4989 779 5037 1
798 4990 878 5038 stillat
897 4991 919 5036 P
1031 4989 1110 5039 bsed
1128 4986 1179 5039 lum
1198 4991 1260 5038 mihi
1277 4992 1354 5039 uanis
1371 4989 1465 5037 tndlctr
1483 4994 1523 5037 est
1542 4989 1564 5034 Ρ
1676 4987 1690 5035 7
1709 4984 2028 5055 descripslmus]1urctus,
2047 4991 2126 5039 deso

494 5078 641 5140 scripsimus
659 5076 705 5124 ΡΡ
806 5075 822 5125 8
840 5077 954 5126 mIslmns
973 5079 996 5125 Ρ

582 5163 613 5212 13
632 5159 777 5235 silentiiiP
845 5163 905 5212 uide
917 5161 985 5226 peP
1064 5162 1175 5211 uultdins
1187 5163 1285 5212 Lectius
1375 5161 1406 5211 11
1419 5172 1553 5223 parumper
1565 5163 1679 5210 remittes
1692 5160 1828 5209 Mommsen
1917 5159 1948 5209 ib
1960 5160 2130 5223 remittepsP

496 5248 527 5300 19
545 5244 654 5316 εεεῖειε]
663 5249 717 5298 cod.
732 5249 838 5311 Cuiacir',
860 5251 957 5299 senisus
970 5249 993 5298 P
1096 5252 1243 5311 satemporis
1256 5247 1346 5311 Pilll’)
1453 5249 1565 5310 Spoletio
1577 5244 1676 5314 dutum]
1689 5248 1796 5309 iuretur,
1818 5247 1952 5310 spoletium
1965 5247 2022 5296 dato
2034 5244 2124 5310 Ρ1ῙΨ)

494 5334 527 5385 20
544 5336 694 5385 obtimornm
714 5334 761 5383 Pl
775 5350 810 5385 m.

580 5421 613 5472 23
632 5436 681 5471 cm.
702 5421 724 5468 Ρ
823 5421 859 5472 ct
878 5423 1043 5485 pedissequus
1062 5423 1169 5485 Pam,
1188 5423 1370 5486 pedissequam
1389 5421 1438 5471 ΦΡ
1466 5434 1470 5442 ·
1545 5420 1578 5469 25
1597 5434 1702 5469 numero
1719 5435 1768 5468 ονε.
1784 5420 1806 5466 Ρ
1907 5417 1942 5470 26
1959 5420 2087 5481 syngrnias
2106 5419 2130 5466 P

493 5507 525 5557 21
544 5505 616 5575 qula]
635 5507 721 5570 qnuP
832 5508 865 5558 28
883 5510 909 5556 ln
928 5524 981 5558 cras
999 5506 1038 5576 es]
1055 5523 1109 5570 epo,
1129 5510 1240 5569 ingratos
1258 5508 1287 5571 P,
1308 5511 1421 5570 ingratus
1440 5509 1463 5555 Ρ
1564 5507 1733 5556 adtrahendus
1751 5511 1791 5555 ost
1810 5505 1833 5552 Ρ
1943 5503 1977 5555 29
1996 5507 2056 5554 seul
2074 5503 2128 5573 sui]

493 5596 584 5644 ιθῖεῖῖε
597 5609 658 5643 suae
672 5594 695 5641 Ρ
796 5595 830 5644 311
847 5596 963 5644 schillam
977 5596 999 5642 Ρ
1100 5594 1132 5644 32
1150 5597 1241 5644 oblatis
1252 5622 1288 5632 -
1299 5597 1415 5643 amnibus
1433 5610 1482 5643 om.
1499 5595 1526 5655 Ρ,
1548 5595 1639 5642 oblatis
1657 5595 1717 5642 iocis
1735 5598 1780 5641 snt
1797 5592 1944 5641 hominibus
1953 5590 2093 5639 'Mormuserr

492 5678 619 5748 amnibus]
638 5680 778 5742 Scioppius,
797 5684 914 5730 omuibus
932 5680 1002 5730 ΡΓΦ
1105 5677 1181 5747 iscis]
1200 5680 1250 5744 PI',
1271 5664 1397 5743 componis
1418 5682 1439 5727 P
