4744 6476
530 500 593 562 232
1114 492 1312 550 sumnum
1328 492 1566 549 nasamonas

412 689 510 752 TMA
532 685 661 750 animae
689 682 914 765 nascentibus,
946 681 994 747 ita
1015 682 1144 767 populis
1167 682 1284 749 fatales
1306 682 1395 767 genii
1417 660 1616 749 ‹bviduntnn
1663 683 1791 750 accedit
1813 683 1952 769 utilitas,
1986 706 2069 770 quae
2091 707 2160 752 ma·

531 788 617 854 xime
640 785 760 853 homini
782 785 862 851 deos
884 784 1017 852 adserit.
1063 806 1138 851 nam
1161 805 1234 851 cum
1256 785 1338 851 ratio
1360 785 1463 852 omnis
1484 785 1519 851 in
1541 792 1652 871 operto
1673 786 1726 869 sit,
1752 787 1837 853 unde
1860 786 1979 854 rectius
2000 808 2097 871 qnam
2119 789 2159 856 de

532 891 687 958 memoria
708 896 807 971 atque
830 887 1030 955 documentis
1052 908 1158 955 rernm
1182 887 1397 954 secundarum
1420 888 1559 972 cognitio
1582 888 1670 956 venit
1691 889 1879 956 numinum?
1915 890 1980 957 iam
2007 892 2036 957 si
2063 893 2159 976 longa

532 1002 624 1062 aetas
646 992 869 1059 anctoritatem
891 991 1102 1075 religionibus
1125 992 1236 1075 faciat,
1262 990 1423 1059 servanda
1445 998 1495 1058 cst
1516 999 1562 1059 tot
1584 992 1725 1058 moniis
1747 991 1828 1059 iides
1850 1001 1884 1059 et
1906 996 2065 1078 sequendi
2086 1002 2159 1062 sunt

490 1101 510 1162 9
533 1098 625 1164 nobis
655 1101 824 1182 parentes,
858 1095 913 1178 qni
934 1094 1036 1161 secuti
1060 1102 1135 1160 sunt
1157 1073 1404 1161 illicitarum.
1450 1095 1585 1160 Romam
1607 1114 1692 1160 nunc
1713 1102 1862 1181 putemus
1884 1097 2043 1164 adsistere
2064 1105 2188 1183 atqueu

531 1201 582 1267 iris
603 1200 768 1266 vobiscum
790 1217 890 1282 agere
911 1197 1131 1264 sermonibus:
1163 1197 1275 1282 optimi
1304 1197 1502 1283 principum,
1536 1204 1646 1283 patres
1669 1198 1810 1284 patriae,
1845 1200 2037 1266 reveremini
2058 1221 2158 1267 annos

531 1323 637 1386 meos,
668 1302 805 1385 inques
828 1320 879 1366 me
901 1299 975 1385 pius
997 1299 1076 1367 ritus
1098 1299 1250 1366 adduxit!
1288 1307 1361 1369 utar
1382 1300 1585 1367 caerimoniis
1607 1301 1725 1383 avitis,
1756 1322 1861 1385 neque
1884 1303 1970 1369 enim
1992 1304 2151 1389 paenitet!

531 1408 639 1474 vivam
669 1424 740 1471 meo
770 1423 873 1485 more,
907 1404 984 1487 quia
1012 1402 1116 1469 libera
1145 1408 1233 1469 sum!
1271 1403 1325 1469 hic
1354 1404 1459 1469 cultus
1490 1403 1524 1469 in
1547 1404 1639 1488 leges
1662 1424 1752 1470 meas
1774 1406 1884 1471 orbem
1906 1406 2047 1490 redegit,
2080 1406 2158 1474 haec

531 1530 625 1576 sacra
646 1508 862 1575 Hannibalem
891 1528 911 1572 a
942 1507 1125 1588 moenibus,
1159 1527 1181 1572 a
1203 1507 1363 1591 Capitolio
1386 1506 1532 1573 Senonas
1559 1509 1779 1593 reppulerunt.
1829 1508 1872 1575 ad
1900 1509 1961 1575 hoc
1990 1529 2067 1594 ergo
2092 1529 2158 1576 ser-

472 1617 510 1676 iti
533 1620 609 1679 vata
637 1631 725 1693 sum,
758 1617 794 1675 ut
821 1611 980 1693 longaeva
1002 1609 1239 1695 reprehendar?
1275 1609 1401 1691 videro,
1435 1610 1532 1694 quale
1554 1610 1610 1692 sit,
1645 1610 1730 1693 quod
1750 1610 1983 1678 instituendum
2006 1618 2151 1697 putatur;
2175 1633 2204 1671 ιι

532 1736 605 1782 sera
626 1722 735 1781 mmen
757 1720 791 1779 et
811 1712 1045 1779 contumeliosa
1066 1720 1117 1778 est
1138 1711 1321 1779 emendatio
1344 1712 1531 1779 senectutis.
1579 1733 1656 1796 crgo
1679 1713 1741 1779 diis
1765 1714 1895 1799 patriis,
1922 1715 1987 1781 diis
2009 1715 2158 1799 indigeti-
2217 1732 2230 1750 ⁰

532 1821 593 1885 bus
622 1836 736 1904 paoem
764 1837 927 1901 rogamus.
974 1836 1112 1899 aequum
1146 1823 1214 1899 est,
1251 1816 1410 1900 quidquid
1442 1834 1553 1882 omnes
1586 1817 1711 1897 colunt,
1750 1838 1848 1882 unum
1881 1818 1999 1903 putari.
2047 1818 2158 1885 eadem

532 1928 716 2008 spectamus
738 1926 846 2001 astra,
872 1938 1039 1985 commune
1061 1920 1187 1984 caelum
1210 1925 1278 2003 est,
1304 1918 1390 1985 idem
1412 1939 1471 1985 nos
1493 1919 1632 1986 mundus
1653 1920 1807 1986 involvit:
1832 1920 1907 2005 quid
1929 1922 2072 2005 interest,
2098 1943 2159 2005 qua

531 2025 666 2109 quisque
695 2022 869 2109 prudentia
897 2043 1007 2089 verum
1039 2023 1204 2106 requirat?
1239 2042 1302 2088 uno
1332 2021 1446 2087 itinere
1475 2043 1540 2088 non
1569 2028 1676 2108 potest
1703 2024 1864 2109 perveniri
1886 2023 1928 2089 ad
1950 2032 2016 2090 tam
2038 2024 2159 2108 grande
2234 2056 2239 2063 ·

533 2134 703 2193 secretum.
750 2124 808 2192 sed
838 2125 920 2191 haec
949 2125 1120 2192 otiosorum
1151 2124 1327 2210 disputatio
1357 2131 1424 2203 cst;
1458 2145 1542 2191 nunc
1564 2146 1676 2212 preces
1698 2147 1762 2192 non
1785 2127 1962 2194 certamina
1983 2128 2155 2194 offerimus.
2178 2147 2205 2186 ιι

474 2234 506 2294 11
532 2238 653 2315 quanto
682 2228 846 2295 commodo
875 2229 959 2294 sacri
986 2228 1104 2295 aerarii
1134 2227 1232 2294 vestri
1261 2227 1439 2294 Vestalium
1465 2228 1630 2313 pirginnm
1660 2230 1887 2315 praerogativa
1916 2229 2062 2297 denseta
2091 2238 2160 2297 est?

531 2335 591 2401 sub
621 2331 813 2415 largissimis
842 2330 1091 2417 imperatoribus
1119 2331 1312 2415 denegetur,
1344 2331 1430 2415 quod
1460 2331 1643 2417 parcissimi
1671 2333 1918 2418 praestiterunt?
1951 2335 2052 2401 honor
2073 2336 2159 2401 solns

531 2444 581 2504 est
601 2438 635 2503 in
657 2437 714 2502 illo
736 2435 837 2502 veluti
859 2434 1019 2521 stipendio
1042 2435 1216 2502 castitatis:
1248 2441 1283 2501 ut
1303 2434 1404 2501 vittae
1426 2455 1537 2502 earnm
1561 2436 1658 2522 capiti
1680 2437 1780 2503 decus
1803 2436 1941 2518 facium,
1966 2438 2013 2503 ita
2033 2437 2159 2522 insigne

531 2541 658 2607 ducitur
686 2537 856 2605 sacerdotii
886 2558 1003 2604 vacare
1034 2538 1232 2605 muneribus.
1278 2537 1399 2604 nudum
1429 2538 1592 2622 quoddam
1620 2558 1737 2606 nomen
1759 2529 1959 2607 inmunitatis
1982 2541 2155 2624 requirunt

530 2644 681 2730 quoniam
712 2648 903 2729 paupertate
931 2662 952 2707 a
980 2641 1152 2727 dispendio
1180 2649 1271 2708 tntae
1300 2648 1386 2708 sunt.
1432 2642 1543 2725 itaque
1573 2642 1714 2727 amplius
1745 2643 1835 2709 laudi
1864 2663 1977 2710 earum
2003 2644 2155 2724 tribuunt,
2179 2661 2207 2704 ιι

531 2747 586 2832 qui
615 2744 738 2829 aliquid
768 2744 816 2811 rei
847 2743 1036 2821 detrahunt;
1071 2744 1230 2828 siquidem
1262 2745 1359 2811 saluti
1389 2744 1541 2830 publicae
1570 2745 1678 2812 dicata
1707 2747 1877 2830 virginitas
1899 2747 2015 2814 crescit
2036 2748 2157 2827 merito,

471 2853 510 2913 12
532 2870 603 2916 cum
635 2854 723 2916 caret
749 2847 901 2934 praemio.
948 2848 1057 2915 absint
1078 2848 1121 2915 ab
1143 2848 1260 2915 aerarii
1282 2848 1381 2914 vestri
1404 2848 1545 2934 puritate
1567 2848 1631 2915 ista
1653 2851 1849 2935 conpendia!
1888 2850 1986 2917 iiscus
2005 2851 2160 2918 bonomm

531 2945 710 3038 principum
737 2972 801 3023 non
832 2950 1035 3018 sacerdotum
1064 2951 1192 3018 damnis
1221 2950 1280 3018 sed
1302 2951 1440 3019 hostium
1464 2951 1578 3037 spoliis
1600 2959 1759 3036 augeatur
1769 2955 1783 3040 1θ
1817 2953 1899 3020 illud
1920 2962 2017 3021 tenue
2038 2956 2160 3021 lucrum

531 3061 706 3142 conpensat
734 3054 912 3120 invidiam?
947 3055 1037 3137 atqui
1069 3054 1208 3120 avaritia
1229 3054 1263 3120 in
1286 3074 1390 3121 mores
1413 3062 1536 3121 vestros
1558 3075 1621 3120 non
1634 3054 1740 3145 cadit.
1788 3056 1848 3122 hoc
1870 3057 2051 3124 miseriores
2074 3066 2157 3140 sunt,

530 3159 647 3242 quibus
670 3157 817 3223 subsidia
839 3164 950 3225 vetera
970 3156 1123 3242 decerpta
1145 3164 1234 3237 sunt3
1262 3157 1383 3224 etenim
1405 3159 1465 3223 sub
1487 3157 1753 3243 imperatoribus,
1779 3159 1834 3243 qui
1856 3160 1963 3227 alieno
1985 3160 2156 3242 abstinent,
2179 3178 2208 3219 ιι

530 3261 608 3347 quia
635 3261 788 3327 resistunt
816 3259 1000 3345 cupiditati,
1032 3259 1075 3326 ad
1105 3259 1207 3355 solam
1236 3259 1415 3327 detrahitur
1444 3261 1620 3328 amittentis
1650 3261 1818 3343 iniuriam,
1851 3262 1936 3347 quod
1964 3263 2160 3330 desiderium

471 3368 510 3429 13
532 3385 596 3431 non
618 3371 725 3431 movet
746 3363 934 3430 auferentis.
980 3381 1076 3449 agros
1107 3364 1205 3431 etiam
1236 3363 1413 3448 virginibus
1443 3371 1475 3431 et
1504 3363 1657 3432 ministris
1685 3364 1902 3432 deficientium
1925 3368 2090 3434 voluntate
2111 3368 2159 3433 le-

531 3474 623 3550 gatos
644 3466 742 3533 iiscus
764 3473 912 3534 retentat.
960 3487 1014 3533 oro
1040 3486 1115 3549 vos,
1148 3466 1291 3534 iustitiae
1321 3466 1522 3550 sacerdotes,
1554 3475 1590 3534 ut
1619 3468 1707 3535 urbis
1735 3476 1862 3553 vestrae
1885 3471 1986 3536 sacris
2009 3470 2160 3537 reddatur

530 3569 656 3656 privata
686 3570 859 3636 successio.
907 3570 1029 3637 dictent
1056 3577 1250 3637 testamenta
1279 3570 1385 3636 securi
1416 3578 1449 3636 et
1478 3570 1597 3653 sciant,
1635 3572 1696 3637 sub
1729 3572 1929 3658 principibus
1958 3593 2022 3639 non
2052 3573 2159 3640 avaris

531 3673 650 3740 stabile
672 3692 755 3756 esse,
781 3672 868 3757 quod
890 3673 1087 3759 scripserint.
1129 3673 1269 3740 delectet
1290 3693 1350 3739 voa
1372 3672 1436 3740 ista
1458 3673 1596 3740 felicitas
1618 3673 1749 3757 generis
1770 3675 1915 3741 humani.
1956 3676 2061 3762 coepit
2082 3698 2160 3743 cau-
2177 3695 2207 3736 ao

532 3796 589 3844 sae
617 3776 714 3843 huius
740 3776 924 3863 exemplum
947 3776 1123 3843 sollicitare
1146 3777 1329 3844 morientes.
1377 3796 1454 3860 ergo
1476 3778 1641 3843 Romanae
1663 3777 1837 3862 religiones
1857 3778 1902 3844 ad
1924 3780 2070 3845 Romana
2090 3780 2161 3845 iura

530 3893 595 3947 non
617 3880 800 3966 pertinenti
835 3879 921 3963 quod
942 3900 1059 3945 nomen
1080 3878 1220 3964 accipiet
1240 3878 1363 3946 ablatio
1385 3878 1591 3961 facultatum,
1618 3899 1700 3964 quas
1723 3881 1814 3946 nulla
1835 3882 1908 3963 lex,
1933 3882 2044 3948 nullus
2066 3902 2160 3949 casus

471 3988 509 4047 14
532 3982 792 4057 iedtwdumsi
824 3982 956 4067 capiunt
984 3982 1095 4065 legata
1124 3980 1246 4063 liberti,
1280 3982 1383 4049 servis
1412 3987 1677 4049 testamentorum
1705 3982 1792 4049 iusta
1821 3984 1989 4050 commoda
2017 4006 2082 4051 non
2103 4006 2161 4052 ne-

530 4094 662 4170 gantur:
698 4093 822 4153 tantum
850 4085 975 4153 nobiles
1004 4084 1148 4169 virgines
1179 4092 1212 4153 et
1237 4084 1385 4151 fatalium
1408 4105 1571 4152 sacrorum
1592 4085 1730 4153 ministri
1753 4086 1966 4153 excludentur
1987 4088 2160 4172 praesidiis

532 4188 711 4255 hereditate
733 4188 911 4271 quaesitis?
937 4188 1014 4273 quid
1035 4189 1126 4255 iuvat
1147 4188 1244 4255 saluti
1267 4187 1416 4274 publicae
1438 4196 1562 4255 castum
1584 4208 1698 4274 corpus
1721 4188 1830 4255 dicare
1852 4198 1885 4256 et
1905 4190 2032 4276 imperii
2053 4198 2160 4258 aeter-
2178 4209 2208 4250 π

530 4292 665 4383 nitatem
693 4291 887 4358 caelestibus
917 4291 1032 4358 fulcire
1061 4291 1251 4378 praesidiis,
1279 4292 1382 4357 -armis
1405 4292 1537 4373 vestris,
1570 4291 1689 4375 aquilis
1711 4292 1828 4359 vestris
1848 4292 1971 4358 amicas
1993 4292 2158 4378 adplicare

531 4395 676 4474 virtutes,
703 4414 760 4479 pro
783 4394 932 4461 omnibus
955 4394 1102 4462 efficacia
1123 4402 1201 4461 vota
1223 4394 1399 4480 suscipere,
1426 4401 1458 4461 et
1480 4394 1530 4460 ius
1553 4415 1626 4461 cum
1647 4395 1796 4461 omnibus
1818 4416 1881 4462 non
1904 4396 2047 4462 haberet
2073 4397 2163 4475 ime

620 4670 630 4720 1
652 4673 778 4721 nubentis
791 4667 827 4719 A²
930 4668 1027 4736 iugenii
1045 4670 1090 4737 A2,
1109 4673 1207 4735 ingenii
1227 4673 1258 4734 Τ,
1277 4673 1344 4734 gemi
1364 4671 1393 4719 Μ
1495 4670 1511 4722 2
1529 4673 1592 4723 deus
1605 4669 1640 4720 A²
1744 4675 1853 4723 assernit
1866 4672 1895 4721 Μ
1999 4678 2085 4737 aperto
2099 4672 2157 4737 ΤΜ,

532 4765 633 4822 operato
651 4759 674 4806 A
786 4757 932 4807 demoaarla
950 4755 985 4806 A2
1101 4758 1244 4808 beneditio
1266 4758 1287 4806 Τ
1392 4758 1523 4808 numidam
1543 4757 1572 4806 Μ
1686 4760 1819 4809 lsaecllls
1839 4759 1861 4806 Τ
1965 4761 2037 4809 uobis
2055 4766 2114 4809 anni
2133 4759 2160 4808 Μ

532 4845 548 4894 5
565 4850 686 4907 putamus
704 4842 756 4891 ΤΜ
901 4843 917 4893 6
934 4846 1062 4908 principes
1079 4847 1103 4893 A
1251 4844 1265 4893 'l
1285 4852 1314 4895 nt
1331 4850 1387 4894 utar
1404 4847 1437 4906 A,
1458 4850 1487 4893 ut
1504 4860 1519 4893 a
1539 4843 1590 4892 ΤΜ
1727 4846 1815 4894 auitiis
1834 4842 1869 4892 All
2015 4845 2031 4896 8
2050 4847 2110 4896 hina
2126 4845 2158 4894 A¹

531 4930 548 4981 3
566 4943 691 4980 munouaa
709 4929 737 4977 M
875 4928 907 4980 11)
925 4931 1092 4992 reprehendat
1109 4930 1144 4978 A¹
1278 4932 1351 4992 quale
1369 4931 1404 4980 sit
1421 4946 1470 4981 orn.
1491 4932 1515 4978 A
1647 4930 1708 4992 quid
1726 4931 1749 4978 A
1883 4932 2092 4982 mustitusndum
2111 4930 2161 4979 ΤΜ

534 5014 561 5065 11
583 5011 679 5082 nmen]
697 5014 758 5077 ΑΜ,
778 5021 864 5064 autem
884 5015 906 5063 Τ
1018 5017 1193 5079 indigentibua
1212 5018 1232 5065 A
1351 5016 1383 5067 it
1400 5018 1535 5067 etiosam
1554 5016 1692 5079 disputatio
1710 5022 1751 5064 eat
1767 5017 1829 5065 haee
1849 5016 1879 5078 Τ,
1898 5018 2052 5067 oeciosornm
2069 5019 2159 5081 diapa-

531 5105 593 5151 tatio
610 5103 672 5152 lraee
689 5108 730 5150 eat
748 5100 775 5148 Μ
879 5097 941 5169 non]
960 5117 1028 5152 nunc
1047 5101 1075 5150 Μ
1177 5111 1301 5152 certamen
1320 5104 1450 5153 aiiemmua
1470 5103 1521 5151 ΤΜ
1626 5102 1656 5152 il
1676 5103 1816 5162 denegatur
1834 5104 1857 5150 A
1963 5101 1994 5152 18
2013 5105 2087 5152 uelut
2104 5106 2125 5151 A

531 5190 600 5238 uitae
619 5184 694 5236 ΤΜΑ
801 5186 833 5237 iil
850 5188 945 5238 dieitur
964 5187 1015 5237 ΤΜ
1071 5228 1073 5234 .
1116 5192 1239 5240 sacerdoti
1257 5189 1314 5252 ΤΜ,
1336 5191 1450 5240 sacrlimii
1469 5191 1492 5238 A
1595 5188 1774 5252 quodammodo
1792 5189 1815 5236 A
1918 5191 2081 5240 inminutatia
2099 5189 2127 5239 Μ

531 5277 696 5337 requiruntur
715 5273 765 5323 ΤΜ
902 5273 935 5324 20
953 5290 968 5324 a
985 5288 1035 5326 om.
1057 5274 1109 5322 ΤΜ
1246 5273 1275 5325 21
1297 5276 1365 5324 dicat
1382 5275 1415 5324 A¹
1565 5273 1598 5324 22
1616 5275 1696 5324 aerari
1715 5273 1758 5337 Al,
1779 5276 1881 5323 aerariis
1900 5272 1935 5322 All
2072 5277 2109 5326 ita
2126 5272 2160 5324 Al

532 5360 565 5410 23
582 5360 647 5409 illud
664 5357 753 5427 uuus]
773 5359 864 5425 Asper,
884 5361 948 5411 iilud
966 5369 1026 5410 tens
1041 5361 1098 5423 ΤΜ,
1118 5362 1233 5411 ullumne
1246 5363 1269 5408 A
1373 5360 1407 5412 24
1424 5362 1523 5411 inuidia
1535 5361 1558 5408 A
1662 5360 1739 5422 adqui
1753 5360 1784 5421 Τ,
1803 5368 1830 5409 et
1847 5362 1907 5424 qnia
1919 5363 1943 5409 A
2049 5361 2082 5412 25
2099 5363 2158 5425 qui·

531 5447 580 5496 bus
596 5472 632 5482 -
648 5447 841 5510 imperatoribus
858 5461 907 5498 orn.
922 5446 951 5495 Μ
1061 5443 1167 5515 quibua]
1183 5449 1244 5510 quia
1263 5447 1297 5495 A¹
1413 5446 1448 5498 26
1465 5441 1537 5513 qnia]
1554 5447 1599 5508 qni
1619 5447 1640 5492 A
1755 5447 1912 5496 admittentis
1932 5447 1954 5494 Τ
2069 5445 2103 5496 23
2120 5448 2158 5496 ie·

529 5539 589 5593 gato
603 5532 634 5593 Τ,
652 5533 751 5592 legatus
763 5529 807 5595 Αἵ,
826 5545 875 5584 orn.
892 5532 925 5581 Al
1030 5533 1064 5585 23
1081 5540 1221 5583 retentatur
1235 5532 1286 5582 ΤΜ
1388 5532 1417 5582 31
1439 5534 1559 5594 religione
1577 5534 1624 5582 aab
1642 5529 1686 5593 Al,
1707 5534 1840 5593 religiones
1858 5534 1905 5581 sub
1924 5532 1957 5581 A¹
2064 5534 2097 5585 33
2115 5536 2158 5583 cb-

532 5617 632 5667 1ι11ιιΤ
735 5618 767 5668 33
786 5621 895 5681 cupiunt
912 5618 941 5666 Μ
1041 5621 1152 5681 ligaturi
1256 5621 1355 5670 libertla
1367 5617 1409 5680 Al,
1429 5619 1546 5683 liberque
1560 5618 1590 5682 Τ,
1610 5619 1722 5667 libertati
1737 5617 1763 5666 Μ
1868 5619 1901 5669 31
1918 5620 2125 5669 exeludunturA

532 5700 664 5766 praepidlia
682 5702 717 5765 Μ,
738 5705 847 5768 praediis
866 5706 889 5752 A
1027 5705 1061 5755 35
1078 5707 1123 5768 qni
1141 5703 1177 5752 A²
1308 5700 1434 5772 publicae]
1453 5720 1478 5768 p.
1501 5704 1530 5752 Μ
1665 5704 1877 5769 tempestiuam
1895 5703 1938 5763 Al,
1959 5706 2103 5769 apublieare
2122 5703 2156 5752 A¹

533 5787 782 5855 37ο11ιιιίιΤΜΑ
885 5793 954 5841 itane
971 5817 1007 5827 -
1022 5807 1049 5853 p.
1068 5791 1129 5855 283,
1151 5792 1161 5841 1
1182 5792 1340 5855 impenditur
1358 5795 1385 5841 isa
1401 5806 1481 5855 marp.
1501 5790 1559 5841 add.
1585 5791 1605 5839 Τ
1709 5793 1837 5854 itaqneA
