4736 6478
955 494 1069 550 LIBER
1085 492 1139 551 ΙΙΙ.
1816 498 1858 562 89

232 685 402 770 migravit,
436 676 595 770 quidquid
617 687 737 752 Romae
767 686 922 771 optimum
945 686 1016 752 fuit.
1063 693 1096 750 et
1116 685 1207 751 vobis
1228 685 1360 768 quidem
1383 684 1520 752 societas
1543 692 1652 752 vestra
1676 686 1767 753 dabit
1788 707 1860 753 mu·
1883 689 1948 752 PF

232 797 320 856 tuum
343 791 516 874 gaudium:
542 791 620 856 mibi
643 790 720 873 quid
743 790 855 857 solacii
877 790 959 856 eritl
991 811 1085 873 quern
1110 796 1142 855 et
1162 789 1220 855 illc
1242 789 1394 871 deseruit,
1421 797 1453 855 et
1475 798 1508 855 tu
1525 791 1630 856 minus
1645 790 1856 874 desiderabis,

232 894 310 976 qnia
331 913 415 959 unns
438 894 497 960 tibi
520 914 577 979 pro
600 899 734 976 utroque
758 892 907 960 sufficiet.

906 1223 1027 1289 LVIIII
1056 1244 1089 1289 a.
1108 1224 1184 1288 385.

204 1403 216 1443 s
873 1377 933 1441 AD
956 1376 1219 1447 RIOOMEREM.
1883 1380 1916 1444 P

321 1550 414 1616 Alius
435 1549 584 1616 fortassis
606 1549 769 1616 existimet
791 1568 896 1615 serum
920 1569 993 1616 esse
1014 1569 1149 1633 munus,
1174 1551 1260 1635 quod
1282 1551 1358 1617 anni
1382 1551 1554 1636 superioris
1576 1552 1686 1619 consul
1710 1552 1859 1618 exoloat:

234 1674 295 1738 ego
317 1655 422 1720 sentio
444 1674 496 1719 mc
518 1660 615 1736 atque
637 1653 729 1733 alios,
755 1652 809 1736 qui
832 1655 943 1737 procul
966 1653 1124 1738 degimus,
1154 1654 1317 1721 amicitiae
1340 1654 1458 1721 fidncia
1479 1655 1523 1721 ad
1544 1655 1605 1721 boc
1627 1657 1767 1721 locorirm
1790 1675 1863 1721 esse

233 1758 364 1838 dilatos,
391 1756 457 1822 illis
480 1777 555 1822 vero
578 1756 728 1822 contiuuo
751 1756 964 1837 satisfactum,
990 1777 1123 1840 quorum
1146 1758 1270 1823 tamdiu
1293 1779 1414 1824 memor
1436 1779 1509 1826 esse
1531 1780 1595 1825 non
1616 1779 1740 1843 posses.
1788 1780 1862 1823 narn

232 1860 419 1945 quistatim
442 1859 613 1926 munificus
635 1866 703 1943 est,
735 1860 816 1945 ipsis
837 1860 1074 1943 quodammodo
1098 1862 1307 1945 magistratus
1329 1863 1379 1928 sui
1402 1862 1545 1928 fascibus
1567 1862 1773 1940 admonetur;
1807 1860 1862 1945 qui

189 1989 216 2029 ro
234 1987 274 2031 ex
295 1964 467 2031 intervallo
489 1962 596 2030 reddit
617 1962 741 2045 officia,
774 1968 911 2029 testatur
932 1983 988 2030 eos
1012 1984 1047 2030 se
1069 1966 1224 2031 maluisse
1245 1965 1390 2048 differre,
1419 1986 1555 2048 quorum
1577 1965 1769 2031 oblivionem
1792 1964 1863 2030 dies

233 2069 358 2153 longior
378 2089 443 2133 non
465 2074 575 2152 posset
595 2066 766 2132 obducere.
811 2066 933 2147 †video
954 2066 1070 2150 igitur,
1102 2089 1144 2133 an
1174 2087 1210 2135 se
1239 2068 1401 2153 quispiam
1429 2067 1540 2136 credat
1565 2068 1677 2134 ordine
1704 2067 1778 2133 aliis
1805 2071 1903 2132 autb

233 2173 354 2239 bonore
376 2170 605 2257 postpositum:
640 2190 701 2254 ego
730 2190 782 2235 me
809 2169 963 2253 intellego
992 2191 1073 2254 pura
1101 2171 1284 2237 adfectione
1310 2173 1500 2256 praelatum.
1548 2169 1760 2255 nequeenim
1783 2169 1863 2235 satis

234 2276 358 2342 amicus
382 2281 449 2354 cst,
483 2273 536 2340 cui
566 2273 722 2339 sollemne
752 2272 876 2357 aliquid
905 2274 1012 2339 statim
1042 2273 1203 2355 redditnr3
1239 2274 1401 2340 honestior
1421 2281 1473 2340 est
1494 2274 1553 2339 illa
1575 2274 1748 2355 securitas,
1780 2293 1864 2355 quae

234 2385 326 2464 putat
347 2376 410 2443 sibi
433 2377 576 2444 deforme
597 2397 662 2442 nou
685 2396 775 2458 esse,
809 2376 837 2441 si
868 2376 946 2460 qnid
968 2377 1023 2443 diu
1047 2377 1260 2443 familiaribus
1283 2378 1449 2444 debeatur.
1495 2399 1594 2460 quare
1617 2378 1713 2444 velim
1737 2376 1861 2459 credas,

190 2504 217 2545 ιι
235 2504 355 2549 moram
377 2502 503 2566 quoque
526 2482 630 2566 ipsam
655 2479 733 2545 mibi
754 2479 925 2545 ineundam
948 2480 1059 2546 fuisse.
1107 2481 1154 2547 sic
1176 2481 1299 2563 iudico,
1333 2481 1379 2546 sic
1401 2482 1606 2567 interpretor,
1637 2503 1720 2567 quae
1743 2480 1863 2546 dudum

234 2586 308 2651 aliis
330 2606 371 2651 ex
393 2606 481 2651 more
504 2584 615 2650 delata
637 2591 721 2665 suut,
746 2583 839 2649 nobis
861 2603 969 2650 amore
993 2590 1132 2650 servata.

792 2926 799 2936 ‘
896 2911 955 2978 LX
984 2918 1060 2978 ante
1074 2934 1105 2979 a.
1123 2916 1197 2979 394.

875 3067 934 3132 ΑΙ)
956 3066 1221 3134 RIOOMEREM.

327 3232 464 3328 Optatus
486 3236 644 3305 adventus
667 3237 856 3304 fidissimam
872 3238 949 3303 mibi
965 3240 1082 3325 optulit
1097 3239 1282 3305 facultatem
1298 3238 1397 3305 officii
1411 3239 1589 3306 deferendi.
1629 3260 1704 3305 nam
1719 3238 1867 3305 dominus

195 3364 224 3409 ro
242 3353 273 3413 et
295 3346 395 3411 frater
416 3365 509 3411 meus
531 3342 709 3426 Eugenius,
736 3363 806 3408 curn
829 3342 908 3407 mibi
931 3344 980 3409 sui
1004 3345 1127 3429 copiam
1149 3343 1375 3430 praestitisset,
1402 3344 1579 3411 sumendae
1597 3343 1754 3430 epistulae
1768 3344 1868 3409 bene-

239 3449 343 3515 ficium
368 3454 501 3532 rogatus
524 3447 659 3527 adiecit;
687 3466 751 3530 qua
772 3445 830 3511 tibi
854 3445 1126 3514 honorificentiam
1150 3447 1353 3514 salutationis
1369 3446 1505 3513 exhibeo
1520 3454 1553 3514 et
1567 3448 1684 3512 obnixe
1700 3447 1864 3531 deprecor,

244 3574 283 3619 nc
307 3573 359 3617 me
382 3551 503 3617 diutius
526 3550 653 3616 silentio
675 3555 729 3614 tuo
752 3568 944 3633 suspensum
968 3570 1040 3616 esse
1061 3549 1207 3635 patiaris,

935 3877 1011 3943 uxr
1040 3834 1071 3944 ι.
1090 3879 1165 3944 aas.

876 4032 936 4098 an
958 4033 1220 4100 arcouaaau.
1888 4036 1953 4099 Pr

198 4227 227 4269 rs
330 4207 459 4272 Dudum
483 4225 639 4292 respousa
659 4204 872 4288 tradideram,
898 4225 982 4289 quae
1003 4212 1213 4290 testarentur,
1238 4214 1332 4291 grata
1353 4206 1432 4273 mibi
1454 4206 1555 4273 foisse
1577 4206 1768 4292 amplissimi
1791 4227 1867 4273 con-

241 4310 365 4377 sulatus
387 4309 434 4375 tui
457 4330 600 4375 munera.
641 4308 700 4375 sed
722 4308 828 4373 denuo
850 4314 987 4374 nanctus
1003 4309 1142 4392 Eugenii
1164 4331 1197 4375 u.
1219 4330 1248 4376 c.
1274 4309 1381 4376 fratris
1403 4310 1467 4376 mei
1482 4309 1608 4395 copiam
1623 4310 1745 4396 scripta
1758 4309 1867 4395 dupli·

240 4415 310 4480 cavi
332 4413 419 4479 haud
442 4413 573 4492 veritus,
599 4432 640 4477 ne
662 4411 828 4477 fastidium
850 4418 940 4477 tuum
962 4420 1086 4478 crearet
1108 4432 1212 4479 sermo
1234 4414 1427 4498 geminatus.
1468 4434 1508 4479 ex
1530 4433 1602 4479 meo
1623 4412 1744 4498 quippe
1759 4412 1866 4478 animo

240 4516 362 4601 metior,
388 4516 562 4582 amicitiam
584 4536 648 4581 uon
669 4534 765 4600 posse
787 4515 904 4581 sentire
927 4515 1103 4581 officiomm
1126 4517 1320 4584 satietatem.
1366 4517 1431 4582 sint
1451 4517 1598 4600 quamvis
1620 4516 1679 4581 illa
1699 4517 1812 4582 crebra
1834 4524 1867 4582 et

241 4619 397 4687 continuis
428 4619 565 4702 similia,
598 4638 727 4702 semper
755 4624 863 4684 tamen
891 4624 926 4683 ut
955 4639 1028 4683 rara
1056 4626 1088 4684 et
1117 4619 1173 4684 diu
1195 4620 1380 4686 desiderata
1402 4627 1579 4686 sumuntur.
1627 4618 1702 4684 lmic
1724 4618 1865 4703 opinioni

195 4741 223 4783 oo
240 4743 329 4790 meae
350 4722 449 4788 fidem
472 4721 569 4788 faciet
590 4720 772 4787 adsiduitas
794 4721 1004 4806 epistulamm
1026 4731 1165 4788 tuarum.
1210 4723 1341 4789 insitum
1364 4723 1482 4810 quippe
1505 4729 1555 4789 est
1575 4723 1669 4789 bonis
1691 4723 1861 4803 mentibus,

242 4835 275 4893 ut
295 4846 380 4910 quae
404 4825 535 4911 copiosa
556 4844 597 4890 ex
619 4823 693 4889 aliis
715 4831 862 4910 optamus
884 4823 1032 4910 adipisci,
1059 4845 1100 4892 ea
1120 4826 1185 4911 ipsi
1207 4826 1338 4911 largiter
1360 4826 1555 4894 deferamus.

326 5202 472 5274 lquidsm]
489 5206 584 5269 quippe
603 5206 626 5253 P
727 5204 936 5255 tcerrderamrrs
955 5208 978 5255 F
1079 5207 1264 5260 dsnfllclatl?

324 5294 340 5343 d
359 5289 473 5359 axoluat]
490 5306 543 5355 epo,
564 5293 661 5341 excolat
679 5293 702 5341 P
719 5297 789 5352 lun,
810 5293 922 5342 excoluit
940 5293 1045 5354 Pam,
1066 5296 1204 5344 excolostat
1222 5292 1254 5357 Γ,
1273 5296 1384 5343 exsolult
1401 5294 1500 5344 Lectius
1604 5293 1618 5343 i
1637 5296 1748 5343 lucarum
1767 5293 1791 5341 P
1804 5296 1814 5341 l
1828 5309 1862 5343 m.

235 5374 250 5425 9
269 5381 432 5430 munificatus
450 5377 499 5428 ΓΦ
628 5377 654 5428 11
677 5379 737 5428 ultio
758 5379 902 5440 Mommsen,
922 5380 1011 5429 nidero
1028 5382 1116 5441 igitur,
1137 5396 1168 5429 au
1187 5395 1215 5429 so
1232 5381 1358 5443 quispiam
1376 5383 1469 5441 credat,
1488 5386 1518 5428 nt
1535 5380 1621 5429 ordine
1639 5381 1703 5440 allis,
1725 5384 1760 5429 lta
1777 5386 1804 5429 et
1821 5381 1865 5429 bo-

234 5475 296 5516 nore
314 5466 480 5528 postpositum
498 5478 543 5526 epo
650 5464 681 5514 15
699 5461 849 5532 iucundam]
866 5466 975 5529 Metios,
996 5467 1132 5515 iuuandum
1151 5466 1174 5514 P
1276 5469 1299 5515 si
1316 5469 1356 5514 cul
1375 5467 1430 5515 dlco
1449 5466 1471 5513 P

199 5612 203 5621 ,
325 5551 357 5601 19
375 5556 477 5614 optatus
488 5546 626 5617 aduentus]
639 5549 695 5611 llll,
710 5553 805 5616 optatui
818 5553 919 5611 gleutus
932 5552 962 5615 P,
976 5558 1078 5615 optatos
1090 5560 1200 5603 occutus
1215 5552 1312 5601 Monam
1398 5552 1431 5602 20
1450 5550 1571 5600 sumenda
1583 5550 1628 5598 Pl
1642 5566 1675 5599 m.
1768 5549 1798 5599 21
1819 5552 1863 5600 ob·

231 5649 248 5686 n
287 5653 318 5689 as
336 5638 360 5686 P
372 5642 384 5687 1
397 5653 432 5686 m.

250 5656 284 5691 οι
324 5723 357 5773 24
374 5739 423 5773 om.
439 5724 462 5771 F
573 5722 606 5773 25
624 5724 704 5772 fuisso
722 5723 852 5786 om.P(1⁷)
968 5724 1002 5775 26
1019 5727 1070 5774 uiri
1088 5727 1267 5776 cousularlsl'
1382 5722 1415 5772 28
1434 5721 1564 5772 sentiriP
1674 5722 1832 5770 satiststaP

228 5813 290 5863 siut
307 5825 382 5873 quarn
402 5809 432 5870 P,
451 5811 569 5872 quamuis
586 5812 640 5858 alut
658 5810 681 5856 P
782 5808 812 5859 31
834 5811 931 5872 copiose
950 5811 1043 5859 Pam.
1150 5814 1182 5861 ab
1200 5811 1298 5860 aller

314 5911 341 5961 Q.
355 5909 469 5951 smnus
483 5910 631 5951 Srrrrrrcrrvs.
938 5958 939 5961 ,
1625 5913 1656 5962 12
