4716 6476
926 516 1039 573 cluss
1057 517 1151 574 Vllll.
1790 521 1853 583 253

209 706 302 772 stris
331 706 468 772 militiae
496 707 658 791 stipendia
686 706 757 772 sine
779 706 957 773 offensione
979 706 1167 788 confecerit,
1200 726 1338 792 quaeso,
1372 714 1408 772 ut
1429 706 1593 772 admissus
1614 707 1648 771 in
1670 708 1853 774 clientelam
1877 710 1947 771 HF

109 898 128 915 κ
227 817 315 875 tuam
338 816 370 876 et
391 829 497 877 meum
520 809 583 875 sibi
604 804 813 895 patrociniun'r
836 810 996 896 profuisse
1018 817 1052 878 ct
1072 818 1162 878 tuum
1185 810 1362 878 massae
1384 812 1530 877 laetetur.

929 1068 1035 1134 nuru
1059 1069 1148 1152 (cvr.

845 1223 904 1288 nn
927 1221 1232 1289 crncrnnnvn.
1875 1226 1913 1284 rr

198 1416 211 1454 s
313 1394 512 1461 Intervenire
533 1415 590 1479 pro
612 1394 705 1461 iustis
727 1394 846 1461 debitia
868 1415 933 1459 non
954 1413 1086 1473 recuso;
1114 1393 1257 1459 malitiae
1280 1399 1329 1458 est
1351 1394 1435 1458 enim
1459 1393 1628 1477 repudiare
1650 1395 1755 1460 locum
1778 1414 1854 1477 gra-

229 1497 294 1563 tiae
316 1497 350 1561 in
373 1496 434 1578 his,
464 1547 786 1563 ............
833 1498 1013 1563 Formianis
1035 1496 1079 1562 ad
1102 1496 1257 1579 egestatis
1280 1497 1428 1561 levamen
1451 1502 1571 1563 certum
1594 1516 1636 1562 ex
1660 1496 1769 1562 Africa
1790 1497 1854 1562 olei

228 1599 356 1665 modum
385 1598 528 1666 decrevit
556 1600 741 1683 antiquitas.
788 1609 924 1686 poscunt
952 1622 973 1665 a
1001 1608 1033 1667 te
1063 1620 1183 1666 morem
1213 1599 1309 1682 longa
1337 1605 1443 1665 aetate
1471 1606 1648 1677 servatum,
1684 1599 1736 1665 cui
1759 1600 1855 1666 debet

229 1701 355 1768 adicere
377 1702 575 1770 celeritatem
597 1704 792 1788 praestantis
814 1703 1010 1769 humanitas.

913 1961 1032 2026 cvnn
1058 1960 1165 2045 (cu).

184 2134 212 2175 ιο
916 2115 975 2180 no
998 2114 1161 2180 rovrvn.

313 2286 386 2350 Non
412 2306 528 2352 novum
558 2286 609 2352 vel
640 2285 838 2368 incognitum
868 2284 925 2351 sed
949 2292 1133 2370 conpertum
1154 2285 1219 2350 iam
1244 2285 1307 2351 fide
1330 2291 1363 2351 et
1384 2286 1574 2369 antiquitate
1596 2284 1731 2350 militiae
1753 2285 1856 2350 Euse-

230 2387 315 2452 bium
337 2388 474 2454 amioum
498 2409 603 2454 meum
626 2395 792 2474 promptus
815 2387 1054 2454 commendator
1074 2388 1218 2463 insinuo;
1253 2408 1347 2471 quern
1370 2388 1414 2454 ad
1436 2388 1498 2454 boc
1519 2389 1592 2453 aevi
1613 2389 1704 2454 nulla
1726 2396 1854 2453 actuum

229 2491 324 2576 culpa
346 2490 498 2571 foedavit,
525 2491 583 2557 sed
605 2491 770 2570 absentia,
797 2511 879 2575 quae
902 2492 1065 2576 plerisque
1088 2492 1205 2557 occulit
1226 2491 1358 2567 merita,
1384 2491 1412 2556 si
1435 2491 1617 2556 testimonio
1639 2493 1855 2575 praesentium

229 2592 404 2669 deseratur,
431 2595 534 2659 locum
557 2595 628 2661 eius
651 2594 767 2660 dicitur
787 2594 822 2660 in
844 2594 1015 2679 ancipitem
1039 2602 1158 2661 statum
1173 2594 1347 2660 deduxisse
1363 2593 1518 2660 fortunae.
1558 2593 1732 2677 singularis
1748 2600 1856 2659 tamen

186 2718 212 2758 rs
229 2696 327 2762 animi
348 2695 395 2762 tui
418 2697 565 2780 aequitas
587 2719 651 2763 non
674 2697 827 2782 patietur,
862 2703 897 2762 nt
919 2717 1030 2782 spero.
1062 2697 1235 2764 adversum
1262 2696 1494 2782 stipendiorum
1517 2696 1776 2782 praerogativam
1800 2715 1855 2761 ca-

230 2819 298 2864 sum
330 2800 449 2866 valere.
497 2808 529 2866 et
554 2821 628 2868 mea
649 2800 748 2885 igitur
768 2799 906 2867 hortatio
928 2807 961 2866 et
981 2800 1084 2885 ipsius
1106 2800 1224 2866 fiducia
1245 2800 1399 2866 iudicium
1422 2807 1511 2866 tuum
1533 2799 1673 2884 respicit.
1721 2819 1851 2883 quaeso,

229 2909 265 2969 ut
285 2923 383 2969 causa
405 2905 534 2987 cognita
555 2911 699 2971 veterum
721 2904 792 2971 eius
815 2903 1045 2989 stipendiorum
1068 2904 1154 2970 iusta
1169 2903 1345 2984 confirmes,
1373 2909 1593 2988 praestaturus
1609 2908 1642 2968 et
1655 2900 1748 2968 nobis
1762 2901 1858 2968 amici

230 3005 433 3072 securitatem
456 3014 489 3074 et
510 3007 678 3074 honestum
702 3005 838 3092 collegis
859 3005 930 3073 eius
952 3007 993 3073 de
1016 3006 1128 3091 optimi
1149 3007 1210 3073 viri
1232 3006 1412 3073 retentione
1434 3005 1637 3072 consortium.
1684 3005 1768 3071 vale.

935 3264 995 3330 nx
1022 3264 1145 3349 (nur).

183 3436 212 3479 n
882 3421 941 3485 ro
971 3419 1202 3486 rscsrnvn.

315 3591 487 3669 Omnibus,
521 3592 575 3675 qui
605 3592 806 3658 occasionem
829 3592 1011 3677 scriptionis
1033 3591 1224 3676 inpertiunt,
1258 3599 1291 3658 et
1312 3591 1599 3657 commendationis
1621 3590 1783 3674 quandam
1805 3611 1857 3656 re-

230 3693 333 3778 pendo
362 3694 553 3760 mercedem.
600 3714 685 3761 nunc
706 3695 826 3780 optimo
847 3695 915 3761 viro
938 3694 1084 3761 Petrucio
1107 3694 1227 3761 factum
1249 3696 1337 3773 volo,
1373 3715 1468 3777 quem
1491 3693 1557 3759 scio
1580 3693 1662 3760 banc
1684 3693 1855 3778 epistulam

231 3817 293 3862 non
314 3805 381 3863 tam
405 3801 437 3861 ic
459 3799 511 3863 sui
534 3796 839 3865 commendationem
854 3818 951 3881 quarn
967 3797 1030 3863 mei
1045 3797 1142 3863 officii
1156 3797 1263 3882 matis
1278 3798 1471 3883 postulasse.
1510 3796 1601 3862 cuius
1616 3816 1746 3880 operam
1761 3815 1857 3861 versa

231 3899 300 3966 viee
327 3899 557 3966 munerandam
581 3901 705 3985 putavi:
741 3901 886 3986 poposcit
908 3901 1048 3981 litteras,
1081 3907 1116 3965 ut
1138 3901 1197 3966 tibi
1220 3900 1424 3985 probaremur
1444 3898 1628 3984 inpensius3
1663 3918 1723 3982 ego
1746 3905 1856 3964 contra

184 4019 212 4062 rs
229 4001 302 4068 ideo
325 4003 494 4088 scripsisse
516 4024 568 4070 me
590 4002 702 4085 fateor,
728 4011 764 4071 ut
784 4004 844 4070 tibi
865 4003 921 4070 ille
944 4003 1106 4088 acceptior
1127 4004 1326 4070 redderetur.

921 4261 996 4325 uxr
1021 4262 1160 4345 (nun).

891 4416 949 4480 An
977 4415 1190 4480 Plcnrvn.
1875 4430 1910 4493 p

317 4586 377 4651 Vir
399 4586 552 4669 adducor,
578 4594 614 4653 ut
635 4586 779 4668 credam,
807 4587 930 4654 litteras
953 4606 1043 4653 meas
1064 4605 1164 4671 saepe
1186 4584 1340 4670 repetitas
1362 4584 1442 4650 nihil
1466 4585 1599 4650 Leontio
1622 4582 1757 4649 remedii
1779 4604 1856 4649 con-

229 4691 359 4767 tulisse;
393 4689 470 4772 quia
499 4690 527 4755 si
556 4690 636 4755 nibil
666 4689 782 4756 virium
805 4689 955 4773 frequens
976 4689 1175 4756 interventus
1197 4693 1306 4754 noster
1327 4687 1511 4767 habuisset,
1545 4687 1716 4752 desisteret
1738 4686 1856 4751 suffra-

183 4812 211 4854 ao
229 4793 317 4878 gium
347 4812 454 4858 rneum
483 4793 600 4859 totiens
630 4794 741 4860 elusus
769 4799 892 4878 optare.
940 4813 1010 4858 curn
1040 4793 1140 4876 igitur
1168 4790 1256 4875 apud
1277 4811 1329 4856 me
1351 4791 1516 4874 querellae
1538 4789 1632 4855 istius
1654 4788 1734 4854 fides
1757 4787 1856 4854 dubia

230 4895 286 4977 sit,
314 4895 454 4980 experiri
475 4896 565 4976 volo,
598 4895 650 4962 cui
672 4895 874 4981 potissimum
896 4896 980 4981 parti
1003 4894 1159 4961 dubitatio
1182 4914 1255 4960 mea
1276 4891 1395 4959 debeat
1416 4892 1584 4977 adplicari.
1632 4901 1682 4958 est
1702 4891 1800 4975 igitur
1822 4891 1855 4956 in

231 5088 492 5097 0-——-.-.-.-——-.0-
511 5090 516 5095 .
531 5090 627 5095 —

317 5208 332 5257 2
351 5209 399 5257 sibi
418 5204 595 5273 panooiuium]
612 5207 674 5269 (Π),
694 5209 862 5271 patrocinium
881 5210 929 5257 sibi
944 5210 964 5256 F
1065 5203 1211 5272 musitae]
1227 5205 1329 5269 (Ifil’i,
1349 5206 1475 5266 accepisse
1488 5200 1549 5252 Fid
1651 5203 1708 5251 uolo
1724 5202 1781 5251 cdd.
1799 5200 1878 5253 Μ,

316 5294 332 5343 5
350 5289 401 5360 est]
421 5291 475 5355 (Γ),
495 5306 545 5343 om.
560 5292 612 5355 (11)
720 5293 736 5342 6
754 5295 873 5343 incanum
889 5297 989 5355 punctis
1007 5293 1099 5342 indicat
1114 5292 1177 5355 (ΙΙ),
1198 5306 1264 5354 quse
1281 5292 1337 5355 ipss
1354 5290 1475 5354 postulati
1493 5291 1605 5351 aequitas
1623 5288 1779 5339 commendat
1796 5303 1855 5350 snp-

227 5382 279 5442 pies
297 5380 429 5441 Scioppius
533 5376 731 5446 Sprsestsutis]
751 5378 806 5444 (Γ),
828 5381 971 5441 pressantis
992 5378 1045 5441 (ΙΙ)

318 5465 350 5515 14
368 5461 494 5531 fortunae]
513 5465 644 5527 litantium
665 5467 765 5514 fortuna
785 5466 839 5525 (Π)
949 5465 977 5514 Π
997 5461 1083 5530 amici]
1101 5465 1172 5527 dnae,
1193 5465 1279 5512 amicis
1302 5463 1351 5525 (ΙΙ)

315 5550 346 5601 21
367 5556 394 5599 et
410 5564 459 5602 orn.
477 5550 520 5612 (Γ)
652 5551 684 5600 23
704 5554 730 5600 iu
749 5553 790 5601 suf
808 5547 1060 5618 commendationem]
1078 5564 1130 5612 epo,
1151 5552 1193 5599 sui
1210 5549 1424 5599 commendatione
1444 5548 1496 5610 (Π)
1624 5546 1656 5595 st
1675 5547 1853 5595 munerandam

229 5639 320 5701 putaui
338 5639 480 5700 poposcerit
500 5635 556 5700 (Γ),
576 5637 754 5686 numerandam
768 5652 870 5686 sasas*
883 5639 995 5701 poposcit
1009 5635 1057 5698 (Π)
1165 5630 1336 5701 probaremur]
1353 5648 1407 5695 cpe,
1427 5634 1571 5696 probaretur
1592 5631 1654 5693 (11),
1674 5633 1790 5694 probarer
1810 5630 1851 5693 (Γ)

315 5722 348 5772 27
367 5724 407 5773 Ad
425 5718 553 5789 Pacatum]
574 5722 638 5785 (11),
658 5724 744 5771 ormi*
844 5722 879 5773 28
897 5724 1053 5771 Leontio-
1071 5721 1104 5770 29
1123 5721 1186 5770 nihii
1204 5735 1252 5770 om.
1269 5718 1305 5766 1²³
1417 5718 1449 5769 29
1468 5719 1586 5767 babuisse
1604 5722 1661 5767 orric
1679 5719 1798 5778 frequens
1815 5733 1854 5766 se·

228 5813 290 5871 petit
308 5805 347 5856 Γ3
448 5815 533 5859 uester
550 5810 711 5859 interuentus
729 5806 765 5856 Γ2
870 5809 903 5858 30
921 5804 1019 5875 elusus]
1037 5804 1083 5868 1¹¹³,
1104 5808 1203 5855 elusum
1223 5806 1246 5852 F
1250 5802 1282 5844 ¹·²
1387 5805 1449 5852 tides
1467 5804 1581 5868 querelae
1599 5804 1675 5853 istius
1693 5799 1753 5850 W
