4716 6476
924 496 1038 553 LIBER
1056 496 1150 553 VIIII.

962 919 965 925 .
978 858 1094 923 nxvl.

846 1013 906 1080 AD
928 1012 1226 1079 SAEOVLAREM.

310 1189 418 1255 Pretia
439 1187 638 1254 desertorum
654 1185 786 1252 confuso
801 1205 906 1251 errore
921 1191 1106 1270 poscuntur.
1146 1205 1219 1249 nam
1236 1204 1341 1266 neque
1356 1182 1478 1249 iudicia
1495 1233 1848 1247 .............

225 1301 329 1360 certus
351 1292 449 1357 futuri
471 1290 591 1356 laboris
613 1289 775 1355 institues.
822 1287 920 1354 lixum
944 1287 1030 1354 enim
1053 1309 1091 1354 ao
1114 1286 1280 1353 definitum
1303 1295 1391 1352 tenet
1412 1286 1612 1371 amplissima
1634 1285 1847 1371 praefectura,

194 1417 206 1455 ι
225 1398 348 1463 nullum
371 1395 441 1461 eius
464 1414 536 1460 esse
559 1393 674 1474 meriti,
701 1397 736 1457 ut
758 1391 945 1458 sublimitati
967 1400 1043 1459 tuae
1065 1391 1182 1456 debeat
1204 1389 1382 1474 subrogari.

900 1717 1022 1783 nxvn
1041 1717 1168 1802 (uxu).

308 1897 350 1961 Et
370 1894 477 1979 quiete
499 1891 684 1978 provinciae
706 1898 739 1957 et
760 1891 880 1975 vigoris
902 1889 950 1956 tui
973 1889 1114 1955 delector
1134 1890 1249 1969 laude,
1282 1909 1342 1955 nec
1371 1889 1546 1972 quidquam
1569 1888 1754 1971 magisterio
1777 1909 1848 1954 meo

223 1998 360 2079 vindico,
387 2018 459 2063 curn
481 2017 585 2079 omne,
611 1995 697 2078 quod
719 2000 844 2080 spectat
865 1992 909 2065 ad
929 1992 1075 2076 gloriam,
1102 2000 1178 2057 tuae
1200 1992 1307 2076 potius
1328 1990 1429 2056 indoli
1452 1992 1617 2077 deluantur.
1662 1998 1765 2057 macte
1787 1991 1851 2074 igi-

223 2109 274 2168 tur
295 2101 390 2187 primi
412 2099 541 2166 honoris
563 2097 717 2184 auspiciis
739 2096 836 2163 etad
859 2097 1010 2161 honorem
1034 2102 1065 2161 et
1087 2095 1223 2180 gloriam
1245 2095 1357 2161 felices
1379 2095 1476 2161 tende
1499 2101 1648 2175 conatus,
1682 2102 1718 2159 ut
1739 2101 1771 2159 et
1792 2094 1851 2160 tibi

179 2226 206 2265 ιι
223 2204 265 2271 ad
295 2204 445 2271 celsiores
474 2203 595 2288 gradus
624 2202 756 2267 ianuam
784 2200 909 2286 pandas
938 2207 970 2265 et
993 2200 1169 2264 Romanum
1199 2220 1313 2264 nomen
1345 2199 1536 2264 claritudine
1558 2198 1847 2263 administrationis

224 2308 406 2374 inlumines.

885 2631 1021 2696 nxvrn
1041 2629 1184 2713 (suurn.

309 2808 403 2875 Soleo
432 2807 592 2874 amicitias
620 2806 809 2891 optimorum
839 2804 960 2889 primus
988 2809 1154 2888 expetere:
1188 2821 1274 2867 nune
1303 2800 1450 2866 fortunae
1478 2821 1570 2867 meae
1592 2801 1774 2881 inclinatio,
1809 2823 1850 2867 ne

223 2910 460 2996 praevenirem,
493 2910 611 2976 effecit.
658 2907 829 2974 tribuenda
851 2913 901 2972 est
922 2906 1021 2990 igitur
1043 2906 1139 2972 venia
1160 2904 1321 2970 tarditatis
1343 2923 1407 2969 non
1429 2905 1657 2988 neglegentiae
1680 2904 1739 2970 sed
1761 2926 1850 2970 mae-

178 3034 207 3075 ιι
224 3015 367 3081 stitudini
396 3034 488 3081 meae
517 3020 550 3080 et
571 3013 655 3079 bono
678 3011 783 3077 omine
806 3010 1009 3077 familiaritas
1033 3008 1233 3094 copulanda,
1267 3008 1319 3073 eui
1340 3007 1520 3092 auspicium
1543 3007 1734 3073 fortunatius
1755 3028 1850 3093 prae·

223 3118 342 3185 stitisti.
390 3117 448 3184 sed
469 3117 546 3182 licet
568 3137 619 3182 me
641 3115 711 3200 ipse
733 3114 831 3180 oflicii
853 3113 964 3180 ordine
987 3119 1020 3179 et
1042 3112 1228 3196 dignatione
1251 3112 1476 3196 praeverteris,
1501 3111 1536 3176 in
1558 3119 1719 3196 posterum
1742 3118 1849 3177 tanuen

222 3242 424 3306 nequaquam
447 3221 584 3288 residem
605 3219 776 3301 iudicabis,
803 3224 838 3284 ut
859 3217 1035 3283 animorum
1057 3224 1237 3282 nostrorum
1256 3215 1447 3297 conciliatio,
1474 3234 1558 3297 quae
1573 3223 1627 3281 tuo
1641 3215 1850 3281 invitamento

209 3324 358 3410 ‘sumpsit
379 3323 555 3405 exordium,
582 3323 663 3389 meis
685 3321 800 3389 litteris
822 3321 1027 3405 frequentata
1048 3320 1238 3386 cumuletur.
1288 3319 1373 3385 vale.

863 3665 1017 3731 nxvuu
1044 3664 1204 3749 (curun.
1267 3712 1269 3718 .

177 3858 205 3901 ιι
309 3841 439 3907 Mallem
467 3840 597 3924 quuidem
624 3838 760 3905 reditum
782 3846 871 3904 tuum
894 3858 992 3921 quam
1014 3837 1138 3902 litteras
1160 3836 1352 3920 impetrare,
1384 3834 1444 3900 sed
1465 3835 1586 3900 habent
1608 3834 1705 3899 etiam
1728 3834 1849 3899 solacia

224 3943 345 4025 locum,
377 3943 525 4027 quotiens
554 3941 740 4008 fraudamur
769 3941 898 4025 optatis.
946 3960 1057 4006 vereor
1086 3946 1211 4019 autem,
1245 3959 1285 4003 ne
1316 3945 1347 4004 te
1377 3937 1430 4002 diu
1458 3938 1500 4003 ab
1523 3938 1601 4003 urbe
1625 3937 1844 4021 protermines,

221 4067 359 4130 namque
388 4046 447 4113 hoc
477 4047 569 4112 nobis
599 4046 737 4111 minatur
765 4045 926 4111 tarditatis
956 4051 1031 4109 tuae
1061 4042 1227 4109 elaboratu
1255 4040 1413 4106 defensio.
1459 4059 1559 4123 quare
1587 4040 1684 4105 velim
1706 4039 1844 4121 noveris,

221 4150 343 4216 nullas⁴
359 4170 467 4216 morae
496 4149 710 4233 allegationes
740 4147 1000 4215 desiderantibus
1028 4147 1132 4212 iustas
1160 4144 1272 4210 videri.
1320 4143 1476 4227 quidquid
1506 4143 1604 4226 igitur
1634 4143 1703 4228 ipae
1735 4163 1850 4209 eausa-

222 4253 318 4319 tionis
339 4253 513 4334 adtuleris,
548 4251 672 4333 surdis,
699 4259 734 4318 ut
755 4252 863 4334 aiunt,
889 4251 1020 4329 auribus
1043 4250 1217 4333 ingeretur.
1264 4248 1345 4313 haec
1366 4246 1492 4312 interim
1516 4246 1557 4312 de
1580 4253 1692 4329 quarto
1715 4245 1849 4311 Latinae

175 4374 205 4417 ιι
222 4357 294 4423 riae
322 4377 396 4422 mox
424 4377 539 4441 agrum
561 4356 752 4422 Laurentem
782 4354 940 4440 petiturus
969 4353 1090 4420 emitto.
1137 4359 1187 4418 eut
1216 4351 1302 4418 enim
1329 4350 1489 4417 familiare
1511 4350 1727 4416 maerentibus
1749 4349 1849 4415 animi

223 4479 316 4526 curas
338 4459 528 4544 migratione
551 4457 722 4525 discutere.
768 4458 854 4523 vale.

228 4651 637 4661 ——--—....--.-.———-

307 4772 473 4836 fcplatnlum
490 4785 538 4821 orn.
560 4770 629 4835 (ΙΙ),
652 4773 748 4833 primm
771 4769 847 4818 edidit
866 4771 965 4819 Iuratus
990 4773 1017 4819 ln
1040 4769 1146 4819 editione
1164 4768 1306 4830 Summani
1323 4766 1432 4817 secundo
1448 4782 1473 4828 p.
1494 4769 1561 4826 301,
1587 4766 1631 4814 hoc
1649 4767 1701 4815 loco
1719 4767 1849 4815 collocavit

222 4859 354 4920 Sclcpplua
607 4838 612 4849 ¹

307 4945 321 4993 Ἰ
341 4940 391 5011 tul]
409 4946 460 4993 mel
479 4939 518 4991 F⁸
620 4942 727 4991 delector
744 4937 832 5008 laude]
853 4941 917 5003 (Π),
936 4942 1010 4990 laude
1028 4941 1136 4990 delector
1156 4942 1178 4988 F
1295 4939 1310 4990 8
1329 4941 1413 5002 potina
1431 4940 1499 4987 laudi
1524 4939 1614 5000 (laudis
1633 4938 1707 5000 2ιιι.)
1728 4938 1849 4986 debeatur

222 5032 300 5081 indoli
318 5028 357 5079 1³²
468 5030 586 5079 {lunaria
605 5024 643 5075 F²
754 5034 781 5076 et
798 5024 843 5095 ad]
861 5028 907 5091 Εἰ,
928 5029 959 5077 ad
978 5025 1039 5076 FU
1150 5023 1238 5094 tande]
1257 5026 1303 5087 F1,
1324 5027 1393 5074 tarde
1415 5022 1476 5073 F²r
1490 5041 1537 5087 ιιι,
1557 5026 1628 5073 trade
1648 5022 1769 5085 mun,
1791 5030 1848 5071 ten-

221 5118 280 5166 dere
299 5114 335 5164 F³
438 5122 464 5166 at
481 5117 529 5164 ubl
547 5130 597 5164 om.
613 5111 649 5162 F²
756 5114 784 5165 ll
807 5117 863 5165 uela
881 5114 941 5164 add.
958 5112 1018 5162 Μ

309 5202 339 5253 13
359 5217 397 5252 me
415 5199 525 5250 F²1m.
631 5215 664 5250 ne
682 5198 869 5268 praeuenirem]
881 5200 918 5263 Π,
939 5206 968 5249 ut
985 5202 1145 5263 praeueniret
1158 5197 1227 5261 W,
1249 5205 1277 5247 ut
1294 5200 1454 5262 praeueniret
1468 5196 1503 5244 Fi
1609 5196 1639 5245 14
1658 5203 1697 5245 est
1715 5211 1763 5246 om.
1780 5194 1815 5243 Fi

220 5284 311 5355 igitur]
328 5301 384 5348 argo
402 5284 460 5335 Μ
591 5283 679 5353 uenia]
698 5282 797 5347 Ilm-³,
817 5292 875 5335 nota
893 5286 928 5335 F1
1069 5285 1100 5336 15
1119 5287 1221 5335 homlne
1241 5283 1276 5333 Ff
1416 5284 1446 5332 16
1465 5298 1505 5333 me
1523 5279 1589 5350 ipse]
1610 5279 1760 5346 lullum
1772 5282 1788 5328 2
1800 5298 1845 5341 uu,

221 5377 272 5425 uiui
289 5374 307 5438 ᾗ
325 5371 361 5422 Ν
374 5378 387 5422 1
400 5390 446 5435 m.,
466 5388 507 5422 me
525 5388 593 5423 nunc
610 5375 666 5436 lpse
684 5370 723 5420 F³
853 5374 977 5435 puerterls
997 5370 1040 5435 F2,
1061 5373 1225 5435 praeusnarls
1245 5370 1282 5420 F³
1414 5369 1445 5419 le
1463 5371 1588 5418 cumulata
1606 5371 1781 5430 frequentatur
1800 5364 1845 5427 F3,

221 5463 379 5525 nuqnautata
396 5466 498 5509 curetur
514 5460 547 5509 H
648 5459 704 5508 uala
722 5473 771 5509 om.
788 5456 825 5507 ΡΒ

306 5546 339 5598 20
357 5543 473 5614 quidam]
490 5561 590 5610 quoqne
608 5543 653 5609 Fi,
674 5560 722 5594 om.
740 5543 776 5593 Ν
892 5548 969 5595 ettam
987 5546 1106 5605 om.(11)
1225 5545 1254 5594 21
1276 5545 1412 5593 fundamur
1431 5543 1464 5591 1³¹
1579 5536 1846 5606 aburbe]11l⁷³,ad

220 5636 306 5684 urbem
325 5630 387 5681 w
498 5632 533 5682 22
550 5634 663 5682 detentio
680 5628 716 5678 F²
820 5634 921 5681 nonaria
939 5633 1016 5682 uellm
1036 5629 1074 5679 F²
1186 5631 1218 5680 23
1237 5634 1298 5680 latur
1317 5628 1380 5678 ΡΠ
1394 5646 1428 5678 ιιι.
1534 5623 1625 5693 igitur]
1646 5627 1708 5688 (ΙΙ),
1729 5626 1816 5675 oml‘

220 5715 382 5786 causationis]
395 5720 563 5769 excusatlouls
577 5716 615 5767 F²
718 5715 945 5778 atinganorum
1031 5719 1062 5766 de
1075 5713 1174 5784 quarto]
1188 5714 1283 5779 ΠΜ,
1305 5717 1445 5777 dlaquarto
1459 5715 1493 5762 F¹
1598 5712 1631 5762 25
1649 5708 1849 5779 amictuum

219 5808 308 5856 omitto
323 5805 374 5859 1²¹2
414 5803 423 5827 ⁵
466 5805 500 5855 26
518 5805 659 5867 nlgmttone
677 5804 816 5854 dlscunrere
834 5801 871 5851 1¹2
884 5808 897 5852 1
910 5821 944 5854 ιιι.
1051 5806 1109 5853 uela
1126 5818 1174 5854 om.
1192 5801 1229 5850 ΡΒ

1872 1014 1931 1077 Π2

1870 1892 1904 1954 F
