4744 6476
950 521 1062 576 LIBER
1080 523 1174 578 Vllll.

647 922 653 933 ·
730 882 965 948 CXXXXVlIl
989 882 1197 963 (CXXVlIlI.
1216 884 1393 965 oxvflu).

339 1053 522 1118 Secundum
554 1054 717 1137 proximae
746 1053 862 1118 aetatis
889 1054 1039 1139 exempla
1068 1054 1246 1120 clarissimo
1269 1063 1302 1121 et
1323 1055 1594 1121 excellentissimo
1617 1055 1683 1120 viro
1707 1056 1937 1120 hatone-111

252 1164 314 1222 stro
336 1156 499 1241 praefecto
523 1156 590 1220 urbi
614 1156 829 1239 Primigeniae
852 1155 1005 1239 virginis,
1033 1177 1116 1241 quae
1139 1177 1231 1222 sacra
1255 1159 1381 1222 Albana
1403 1159 1545 1235 curabat,
1571 1181 1592 1224 a
1614 1158 1749 1241 collegio
1772 1167 1879 1224 nostro

252 1259 393 1324 vindicta
422 1259 532 1325 delata
561 1266 627 1333 est;
661 1259 720 1325 sed
748 1260 825 1343 qnia
853 1259 968 1324 litteris
997 1261 1067 1325 eins
1090 1280 1208 1325 causae
1232 1260 1414 1345 prohabiles
1436 1261 1629 1327 adseruntur
1648 1299 1691 1308 —
1714 1262 1800 1345 quod
1821 1283 1879 1327 ne-

221 1382 313 1444 sque
335 1380 442 1426 muros
465 1361 552 1427 urbis
575 1369 727 1428 aeternae
749 1362 829 1427 tanti
852 1362 994 1427 criminis
1017 1383 1104 1427 ream
1128 1362 1178 1428 fas
1201 1363 1243 1428 sit
1265 1362 1395 1443 intrare,
1421 1384 1526 1447 neque
1548 1364 1620 1449 ipse
1642 1364 1684 1429 ad
1706 1365 1879 1448 longinqua

254 1464 352 1548 possit
375 1485 549 1545 occurrere,
576 1486 647 1530 eum
671 1465 806 1543 facinus,
835 1465 888 1530 ubi
911 1465 1088 1531 admissum
1112 1472 1172 1534 θεῖ.
1203 1467 1320 1532 debeat
1343 1466 1466 1551 expiari
1489 1486 1702 1546 —,=necesse
1717 1487 1790 1533 esse
1807 1487 1879 1550 per-

253 1567 433 1650 speximus,
466 1574 658 1652 potestatem
689 1568 855 1633 finitimam
878 1568 1048 1633 convenire
1071 1576 1103 1634 et
1125 1569 1175 1633 cui
1198 1570 1432 1654 provinciarum
1455 1569 1525 1634 iura
1547 1570 1699 1635 mandata
1721 1579 1812 1653 sunt,
1846 1580 1879 1635 ut

253 1669 286 1734 in
309 1670 554 1753 Primigeniam,
588 1691 671 1754 quae
702 1670 810 1755 pudici
839 1671 978 1737 neminis
1008 1672 1183 1737 maculavit
1212 1692 1349 1752 arcana,
1383 1679 1660 1757 corruptoremque
1684 1673 1753 1738 eius
1776 1673 1879 1737 Maxi-

252 1792 355 1851 mum,
383 1773 435 1856 qui
458 1773 588 1856 quidem
612 1771 768 1857 flagitium
791 1794 855 1838 uon
878 1775 1018 1856 negavit,
1046 1775 1202 1839 severitas
1225 1760 1352 1859 semper
1373 1774 1425 1840 his
1448 1774 1593 1840 adhibita
1615 1775 1800 1842 criminibus
1822 1796 1880 1841 ex-

205 1893 233 1933 ro
253 1882 385 1941 seratur.
434 1875 620 1958 dignaberis
648 1876 747 1960 igitur
775 1876 984 1942 consideratis
1015 1877 1286 1959 confessionibus,
1319 1898 1402 1961 quae
1432 1877 1565 1943 nefandi
1588 1877 1730 1943 criminis
1752 1886 1880 1962 tragoe-

253 1977 339 2045 diam
363 1977 579 2063 prodiderunt,
606 1979 756 2045 iniuriam
780 1980 951 2046 castissimi
975 1980 1097 2046 saeculi
1119 2001 1242 2046 reorum
1267 1981 1434 2066 suppliciis
1457 1981 1630 2046 vindicare.

715 2236 967 2304 omnum
987 2237 1135 2319 (cxxx.
1153 2238 1254 2322 cxx)
1289 2258 1321 2303 a.
1341 2240 1414 2303 eso.

340 2408 492 2474 Idoneum
522 2416 649 2493 tempus
679 2415 744 2489 est,
779 2428 841 2491 quo
864 2409 1035 2493 probemus
1046 2460 1059 2486 ,
1088 2409 1166 2491 qnid
1189 2409 1349 2475 amicitiae
1371 2417 1499 2475 nostroe
1522 2409 1689 2493 religionis
1712 2409 1876 2475 exhibeas.

253 2512 380 2578 delatus
409 2519 458 2579 est
487 2511 572 2578 enim
602 2532 622 2576 a
649 2511 909 2577 clementissimis
940 2512 1139 2596 principibus
1168 2512 1348 2578 ordinarius
1378 2513 1579 2593 consulatus,
1613 2520 1646 2579 et
1673 2512 1746 2578 ideo
1772 2533 1881 2579 curam

207 2633 235 2673 1⁵
253 2621 341 2681 tuam
369 2613 513 2698 efflagito
542 2614 574 2679 in
604 2614 811 2699 providendis
842 2615 1005 2691 omnibns,
1039 2635 1122 2697 quae
1152 2616 1254 2700 poscit
1283 2615 1391 2682 editio.
1438 2616 1585 2681 homines
1616 2615 1678 2681 mei
1701 2615 1881 2699 specierum

254 2717 357 2802 pretia
378 2718 617 2794 ministrabunt;
643 2718 677 2784 in
700 2719 760 2783 hoc
781 2725 905 2784 tantum
928 2717 1070 2784 studium
1093 2726 1182 2784 tuum
1205 2739 1377 2802 curamque
1401 2719 1559 2799 desidero,
1587 2725 1622 2783 ut
1645 2718 1879 2802 quampu'mum

255 2820 387 2907 pervehi
409 2820 503 2887 iustis
526 2821 636 2906 pretiis
660 2828 834 2906 conparata
855 2821 1047 2907 praecipias.
1094 2822 1178 2887 vale.

745 3079 799 3145 CL
818 3078 982 3161 (CXXXI.
1001 3077 1117 3163 cxxi)
1153 3101 1183 3144 a.
1204 3080 1386 3145 384-385.

340 3251 438 3335 Apud
467 3270 536 3331 eos,
571 3251 687 3334 quibus
716 3271 813 3316 curae
843 3250 940 3317 debet
967 3269 1040 3316 esse
1069 3250 1157 3316 fama
1185 3258 1380 3336 temporum,
1415 3273 1455 3318 ea
1483 3272 1566 3336 qnae
1589 3252 1786 3331 semiusta,
1820 3271 1882 3316 non

207 3370 237 3412 ro
255 3351 336 3419 sileo
366 3360 472 3419 certus
501 3360 596 3438 atque
626 3338 774 3437 securus,
807 3353 928 3419 nullius
951 3354 1091 3419 studium
1114 3353 1243 3436 legibus
1265 3353 1458 3420 obfuturum.
1485 3356 1547 3447 'ob
1569 3354 1695 3437 reliqua
1716 3375 1810 3420 arcae
1834 3354 1882 3419 vi-

254 3455 382 3537 nariae,
425 3476 508 3537 quae
543 3455 653 3521 multis
691 3456 863 3543 praefectis
900 3457 1080 3542 superiores
1116 3456 1279 3542 principes
1316 3456 1477 3541 exigenda
1510 3457 1706 3537 mandarunt,
1735 3464 1767 3522 et
1799 3477 1882 3540 quae

256 3579 374 3643 magna
403 3579 444 3624 ex
474 3565 566 3643 parte
595 3560 724 3624 conlata
745 3559 906 3644 imperiali
929 3567 1054 3625 constat
1075 3560 1216 3641 aerario,
1252 3560 1354 3626 soceri
1376 3560 1440 3626 mei
1463 3559 1553 3626 Orfiti
1575 3560 1650 3625 olim
1675 3559 1829 3645 praefecti
1851 3568 1884 3626 et

256 3666 330 3727 ante
359 3682 461 3727 annos
490 3661 672 3744 quindecim
703 3663 772 3728 sine
804 3663 870 3726 ulla
898 3662 982 3728 tituli
1012 3664 1107 3728 huius
1137 3662 1345 3729 conventione
1375 3663 1532 3729 demortui
1554 3664 1700 3748 pulsatur
1721 3662 1884 3728 hereditas

256 3765 386 3831 obtentu
410 3765 587 3850 epistulae,
617 3784 686 3847 ,qua
709 3765 802 3830 divus
825 3766 1050 3843 Constantius,
1083 3766 1117 3830 id
1139 3766 1225 3848 quod
1246 3766 1397 3851 operibus
1420 3766 1557 3851 publicis
1580 3765 1749 3832 constabat
1769 3764 1884 3849 inpen-

207 3884 237 3926 rs
257 3887 344 3949 sum,
378 3867 530 3951 integrari
559 3888 617 3953 per
644 3888 715 3934 eum
747 3868 859 3934 statuit
879 3869 1019 3934 minatus
1041 3869 1104 3953 ipsi
1128 3877 1225 3952 atque
1247 3868 1368 3949 officio,
1402 3876 1437 3935 nt
1459 3869 1527 3934 lieri
1549 3869 1692 3949 adsolet,
1725 3867 1786 3933 sub
1808 3888 1884 3933 con-
1914 3947 1917 3959 .

256 3970 381 4036 dicione
405 3970 623 4055 dispendium,
652 3971 680 4036 si
703 3971 862 4037 exactioni
885 3990 962 4037 cura
984 3980 1158 4057 conpetens
1181 3971 1350 4039 defuisset.
1398 3972 1457 4038 sed
1477 3991 1582 4054 neque
1604 3971 1675 4057 ipse
1697 3969 1882 4036 mandatum
1907 3973 1926 4033 2

258 4071 319 4138 sibi
342 4091 459 4138 munus
481 4073 598 4151 omisit,
624 4079 656 4140 et
678 4074 862 4157 frequentes
885 4074 1055 4159 principes,
1082 4094 1166 4158 quae
1188 4075 1390 4160 praefectura
1412 4079 1601 4160 susciperet,
1627 4073 1671 4139 ad
1692 4071 1884 4157 posteriores

254 4174 377 4240 iudices
404 4178 646 4242 transtulerunt.
694 4177 753 4242 hoc
773 4177 914 4262 inclytus
936 4177 1182 4251 Valentinianus
1205 4178 1291 4243 omni
1313 4184 1421 4244 aetate
1443 4176 1659 4243 memorabilis
1681 4176 1830 4261 princeps
1852 4182 1885 4241 et

258 4276 353 4344 divus
376 4277 549 4344 Gratianus
572 4279 672 4345 scens
695 4279 810 4346 litteris
833 4298 1005 4361 censuere,
1038 4301 1059 4344 a
1080 4300 1214 4363 quornm
1237 4280 1422 4346 definitione
1443 4300 1506 4346 non
1530 4279 1623 4345 decet
1644 4278 1778 4345 deviari.
1825 4277 1883 4344 de-

208 4400 238 4440 so
258 4380 331 4445 hine
353 4400 425 4446 cnm
449 4381 547 4447 etiam
570 4382 704 4448 crimina
726 4390 824 4448 morte
848 4383 973 4449 soleant
994 4383 1176 4465 terminari,
1210 4383 1243 4448 in
1268 4383 1328 4448 hae
1349 4390 1472 4448 tantum
1495 4402 1595 4447 causa
1617 4389 1727 4448 uonna
1748 4381 1884 4467 optimos

256 4482 409 4568 principis
439 4504 542 4550 mores
569 4485 610 4550 ad
641 4492 785 4571 posteros
814 4485 980 4571 inopinata
1009 4486 1128 4551 damna
1158 4485 1333 4552 tenduntur
1354 4492 1386 4550 et
1407 4493 1570 4568 tamquam
1591 4484 1752 4568 integrum
1775 4483 1885 4567 desig-

256 4593 367 4669 natur,
399 4586 485 4669 qnod
506 4588 621 4673 partim
645 4588 784 4654 solutum
806 4596 873 4669 est,
908 4589 1024 4673 partim
1047 4609 1068 4653 a
1089 4588 1265 4655 rectoribus
1287 4588 1523 4675 provinciarum
1544 4595 1668 4653 constat
1689 4588 1747 4653 cito
1769 4607 1885 4653 eruen-

256 4689 343 4756 dum.
392 4708 489 4775 super
510 4690 571 4756 hoe
593 4709 665 4755 cnm
688 4691 798 4757 divina
820 4692 911 4757 iussa
933 4692 1159 4775 sumpsissem,
1193 4691 1289 4758 fidem
1312 4692 1378 4758 ven'
1401 4692 1562 4757 occultare
1585 4711 1648 4755 non
1671 4690 1785 4771 debui,
1812 4710 1883 4756 cum
1908 4696 1927 4756 3

257 4794 344 4877 leges
366 4793 564 4859 audientiam
588 4795 764 4861 tribuerent
786 4795 848 4877 his,
874 4796 929 4878 qni
951 4815 1056 4878 neque
1079 4795 1112 4860 in
1135 4795 1315 4879 cognitione
1338 4795 1545 4862 constiterant
1558 4815 1664 4876 neque
1681 4799 1885 4877 sumpserant

209 4914 239 4955 ss
257 4895 421 4961 relationis
444 4897 638 4982 exemplum.
687 4898 862 4963 accedebat
892 4899 988 4964 eliam
1017 4917 1116 4964 causa
1144 4899 1317 4977 robustior,
1352 4898 1437 4980 quod
1460 4897 1705 4965 materfamilias
1727 4916 1801 4962 mea
1822 4895 1883 4960 du·

257 5000 333 5066 dnm
356 5000 558 5085 emancipata
579 5001 732 5066 bonomm
756 5003 991 5086 possessionem
1014 5009 1105 5087 patre
1128 5008 1250 5068 mortuo
1272 5022 1335 5068 non
1358 5001 1502 5087 poposcit
1522 5008 1618 5085 atque
1640 5000 1715 5065 ideo
1729 4998 1883 5083 rescripto

257 5122 293 5168 se
315 5102 461 5168 adseruit
481 5124 545 5169 non
566 5102 677 5169 teneri.
726 5104 798 5170 misi
820 5104 918 5188 igitur
940 5106 999 5171 sub
1023 5105 1178 5171 relatione
1201 5112 1407 5171 monumenta
1429 5112 1591 5189 gestorum
1615 5122 1759 5188 sperans,
1786 5101 1883 5168 etiam

346 5381 360 5428 5
380 5377 458 5446 ream]
479 5379 537 5443 (Γ),
558 5394 627 5429 reum
650 5381 703 5444 (Π)
827 5382 841 5430 7
861 5388 887 5429 st
903 5397 950 5430 orn.
970 5380 1015 5443 (Γ)
1141 5381 1259 5444 spuunt
1278 5377 1403 5448 numinis]
1423 5382 1530 5441 Lectius,
1551 5382 1645 5444 publici
1663 5381 1775 5429 oriminis
1793 5377 1850 5428 ΠΓ

346 5465 377 5515 15
396 5463 570 5533 prouldeudis]
588 5465 616 5529 Γ,
637 5469 772 5532 prodendis
793 5468 842 5529 (Π)

347 5552 378 5601 19
397 5567 509 5614 eaquae
528 5560 588 5602 suut
606 5550 684 5620 iusta]
704 5554 766 5616 (ΙΙ),
787 5553 847 5613 fort.
868 5569 947 5617 nequa
965 5562 991 5602 st
1009 5557 1075 5603 iusta
1205 5554 1235 5604 21
1257 5561 1283 5603 et
1300 5552 1378 5620 qnae]
1398 5552 1453 5613 (Γ),
1475 5559 1550 5615 atqua
1572 5553 1624 5614 (Π)
1747 5551 1780 5601 26
1798 5554 1820 5600 εἰ
1838 5567 1883 5600 er-

258 5640 349 5688 setlonl
367 5635 439 5705 rurs]
457 5640 509 5689 cod.
531 5640 634 5695 Ρὶῖῖοθῖ.
655 5642 731 5688 horst
747 5642 805 5688 dont
824 5655 883 5688 curn
902 5640 932 5688 H
1034 5639 1065 5688 27
1085 5637 1161 5704 quse]
1183 5640 1246 5701 (Π),
1266 5642 1330 5701 quod
1350 5638 1376 5688 Γ
1389 5640 1441 5689 eod.
1463 5639 1556 5688 Pitheci
1660 5634 1810 5703 susciperet]
1829 5652 1883 5699 epo,

258 5728 401 5787 susceperit
422 5725 475 5788 (Π)
582 5724 613 5776 31
634 5723 785 5794 tondemur]
804 5729 830 5773 ia
849 5727 879 5775 11
895 5726 1009 5774 additam
1027 5733 1094 5774 ont:
1115 5728 1247 5774 traduntur
1364 5725 1396 5774 32
1415 5731 1513 5774 consur
1530 5722 1591 5792 olto]
1608 5738 1661 5783 epo,
1681 5725 1815 5772 constitnit
1834 5723 1882 5783 (Π)

259 5811 291 5860 34
309 5809 392 5881 leges]
410 5826 462 5875 epo,
483 5814 544 5875 legis
566 5811 615 5875 (Π)

1622 5910 1678 5962 35’
