<?xml version="1.0" encoding="UTF-8"?>
<!DOCTYPE html PUBLIC "-//W3C//DTD XHTML 1.0 Transitional//EN"
    "http://www.w3.org/TR/xhtml1/DTD/xhtml1-transitional.dtd">
<html xmlns="http://www.w3.org/1999/xhtml" xml:lang="en" lang="en">
 <head>
  <title>
</title>
<meta http-equiv="Content-Type" content="text/html;charset=utf-8" />
  <meta name='ocr-system' content='tesseract 3.04.00' />
  <meta name='ocr-capabilities' content='ocr_page ocr_carea ocr_par ocr_line ocrx_word'/>
</head>
<body>
  <div class='ocr_page' id='page_1' title='image "./qaureliisymmach00seecgoog_0386.png"; bbox 0 0 4736 6478; ppageno 0'>
   <div class='ocr_carea' id='block_1_1' title="bbox 938 490 1839 554">
    <p class='ocr_par' dir='ltr' id='par_1_1' title="bbox 938 490 1839 554">
     <span class='ocr_line' id='line_1_1' title="bbox 938 490 1839 554; baseline 0.01 -9"><span class='ocrx_word' id='word_1_1' title='bbox 938 490 1050 546; x_wconf 83' lang='lat' dir='ltr'>LIBER</span> <span class='ocrx_word' id='word_1_2' title='bbox 1068 491 1119 546; x_wconf 87' lang='lat' dir='ltr'>VI.</span> <span class='ocrx_word' id='word_1_3' title='bbox 1780 494 1839 554; x_wconf 85' lang='lat'>167</span> 
     </span>
    </p>
   </div>
   <div class='ocr_carea' id='block_1_2' title="bbox 207 676 1896 1077">
    <p class='ocr_par' dir='ltr' id='par_1_2' title="bbox 207 676 1896 1077">
     <span class='ocr_line' id='line_1_2' title="bbox 209 676 1896 764; baseline 0.003 -25"><span class='ocrx_word' id='word_1_4' title='bbox 209 676 408 743; x_wconf 90' lang='lat' dir='ltr'>verecundia</span> <span class='ocrx_word' id='word_1_5' title='bbox 437 683 546 743; x_wconf 87' lang='lat' dir='ltr'>vestra</span> <span class='ocrx_word' id='word_1_6' title='bbox 572 698 636 743; x_wconf 93' lang='lat' dir='ltr'>non</span> <span class='ocrx_word' id='word_1_7' title='bbox 665 678 800 764; x_wconf 89' lang='lat' dir='ltr'>patitur;</span> <span class='ocrx_word' id='word_1_8' title='bbox 834 678 992 764; x_wconf 88' lang='lat' dir='ltr'>copiosior</span> <span class='ocrx_word' id='word_1_9' title='bbox 1011 687 1120 747; x_wconf 89' lang='lat' dir='ltr'>tamen</span> <span class='ocrx_word' id='word_1_10' title='bbox 1141 682 1175 746; x_wconf 95' lang='lat' dir='ltr'>in</span> <span class='ocrx_word' id='word_1_11' title='bbox 1197 680 1346 747; x_wconf 77' lang='lat' dir='ltr'>sensibus</span> <span class='ocrx_word' id='word_1_12' title='bbox 1369 688 1477 747; x_wconf 86' lang='lat' dir='ltr'>manet</span> <span class='ocrx_word' id='word_1_13' title='bbox 1498 680 1620 764; x_wconf 78' lang='lat' dir='ltr'>gratia,</span> <span class='ocrx_word' id='word_1_14' title='bbox 1653 700 1749 764; x_wconf 92' lang='lat' dir='ltr'>quam</span> <span class='ocrx_word' id='word_1_15' title='bbox 1771 700 1840 746; x_wconf 89' lang='lat' dir='ltr'>ser·</span> <span class='ocrx_word' id='word_1_16' title='bbox 1863 683 1896 744; x_wconf 93' lang='lat' dir='ltr'><em>P</em></span> 
     </span>
     <span class='ocr_line' id='line_1_3' title="bbox 209 778 1838 867; baseline 0.002 -23"><span class='ocrx_word' id='word_1_17' title='bbox 209 799 303 845; x_wconf 92' lang='lat' dir='ltr'>mone</span> <span class='ocrx_word' id='word_1_18' title='bbox 327 778 497 864; x_wconf 86' lang='lat' dir='ltr'>profertur.</span> <span class='ocrx_word' id='word_1_19' title='bbox 537 800 621 864; x_wconf 88' lang='lat' dir='ltr'>quae</span> <span class='ocrx_word' id='word_1_20' title='bbox 643 781 686 848; x_wconf 89' lang='lat' dir='ltr'>ad</span> <span class='ocrx_word' id='word_1_21' title='bbox 710 783 820 849; x_wconf 89' lang='lat' dir='ltr'>urbem</span> <span class='ocrx_word' id='word_1_22' title='bbox 843 785 1014 867; x_wconf 79' lang='lat' dir='ltr'>pertinent,</span> <span class='ocrx_word' id='word_1_23' title='bbox 1040 784 1174 851; x_wconf 90' lang='lat' dir='ltr'>indiculi</span> <span class='ocrx_word' id='word_1_24' title='bbox 1197 783 1399 851; x_wconf 86' lang='lat' dir='ltr'>cohaerentis</span> <span class='ocrx_word' id='word_1_25' title='bbox 1420 782 1557 848; x_wconf 89' lang='lat' dir='ltr'>lectione</span> <span class='ocrx_word' id='word_1_26' title='bbox 1579 782 1730 849; x_wconf 78' lang='lat' dir='ltr'>nossetis.</span> <span class='ocrx_word' id='word_1_27' title='bbox 1768 782 1838 863; x_wconf 85' lang='lat' dir='ltr'>tibi,</span> 
     </span>
     <span class='ocr_line' id='line_1_4' title="bbox 209 881 1841 972; baseline 0.001 -24"><span class='ocrx_word' id='word_1_28' title='bbox 209 881 332 949; x_wconf 86' lang='lat' dir='ltr'>domna</span> <span class='ocrx_word' id='word_1_29' title='bbox 361 882 454 968; x_wconf 86' lang='lat' dir='ltr'>filia,</span> <span class='ocrx_word' id='word_1_30' title='bbox 479 885 594 951; x_wconf 91' lang='lat' dir='ltr'>cadem</span> <span class='ocrx_word' id='word_1_31' title='bbox 622 885 795 968; x_wconf 80' lang='lat' dir='ltr'>religione,</span> <span class='ocrx_word' id='word_1_32' title='bbox 829 905 894 968; x_wconf 90' lang='lat' dir='ltr'>qua</span> <span class='ocrx_word' id='word_1_33' title='bbox 919 885 1053 972; x_wconf 84' lang='lat' dir='ltr'>dignum</span> <span class='ocrx_word' id='word_1_34' title='bbox 1075 893 1143 970; x_wconf 90' lang='lat' dir='ltr'>est,</span> <span class='ocrx_word' id='word_1_35' title='bbox 1175 887 1309 972; x_wconf 83' lang='lat' dir='ltr'>iniungo</span> <span class='ocrx_word' id='word_1_36' title='bbox 1331 907 1439 954; x_wconf 86' lang='lat' dir='ltr'>curam</span> <span class='ocrx_word' id='word_1_37' title='bbox 1460 885 1623 952; x_wconf 87' lang='lat' dir='ltr'>iuvandae</span> <span class='ocrx_word' id='word_1_38' title='bbox 1645 885 1841 952; x_wconf 87' lang='lat' dir='ltr'>valetudinis</span> 
     </span>
     <span class='ocr_line' id='line_1_5' title="bbox 207 987 1476 1077; baseline 0.002 -25"><span class='ocrx_word' id='word_1_39' title='bbox 207 992 296 1070; x_wconf 88' lang='lat' dir='ltr'>tuac,</span> <span class='ocrx_word' id='word_1_40' title='bbox 322 994 361 1053; x_wconf 90' lang='lat' dir='ltr'>ut</span> <span class='ocrx_word' id='word_1_41' title='bbox 381 987 528 1054; x_wconf 88' lang='lat' dir='ltr'>omnibus</span> <span class='ocrx_word' id='word_1_42' title='bbox 549 988 642 1055; x_wconf 90' lang='lat' dir='ltr'>nobis</span> <span class='ocrx_word' id='word_1_43' title='bbox 665 989 813 1056; x_wconf 88' lang='lat' dir='ltr'>sanitatis</span> <span class='ocrx_word' id='word_1_44' title='bbox 834 997 910 1057; x_wconf 87' lang='lat' dir='ltr'>tuae</span> <span class='ocrx_word' id='word_1_45' title='bbox 932 989 1087 1057; x_wconf 79' lang='lat' dir='ltr'>securitas</span> <span class='ocrx_word' id='word_1_46' title='bbox 1109 990 1265 1077; x_wconf 87' lang='lat' dir='ltr'>voluptati</span> <span class='ocrx_word' id='word_1_47' title='bbox 1289 990 1342 1056; x_wconf 90' lang='lat' dir='ltr'>sit.</span> <span class='ocrx_word' id='word_1_48' title='bbox 1390 991 1476 1056; x_wconf 90' lang='lat' dir='ltr'>vale.</span> 
     </span>
    </p>
   </div>
   <div class='ocr_carea' id='block_1_3' title="bbox 670 1264 1382 1489">
    <p class='ocr_par' dir='ltr' id='par_1_3' title="bbox 670 1264 1382 1489">
     <span class='ocr_line' id='line_1_6' title="bbox 868 1264 1183 1349; baseline 0.006 -19"><span class='ocrx_word' id='word_1_49' title='bbox 868 1264 1097 1331; x_wconf 79' lang='lat' dir='ltr'>xxxxvnn</span> <span class='ocrx_word' id='word_1_50' title='bbox 1120 1267 1183 1349; x_wconf 75' lang='lat' dir='ltr'>(n).</span> 
     </span>
     <span class='ocr_line' id='line_1_7' title="bbox 670 1419 1382 1489; baseline 0.001 -4"><span class='ocrx_word' id='word_1_51' title='bbox 670 1419 931 1486; x_wconf 78' lang='lat' dir='ltr'>sunnaonvs</span> <span class='ocrx_word' id='word_1_52' title='bbox 953 1420 1219 1489; x_wconf 70' lang='lat' dir='ltr'>nicosiense</span> <span class='ocrx_word' id='word_1_53' title='bbox 1242 1421 1382 1487; x_wconf 83' lang='lat' dir='ltr'>unns.</span> 
     </span>
    </p>
   </div>
   <div class='ocr_carea' id='block_1_4' title="bbox 165 1589 1883 2404">
    <p class='ocr_par' dir='ltr' id='par_1_4' title="bbox 210 1589 1841 1888">
     <span class='ocr_line' id='line_1_8' title="bbox 297 1589 1840 1679; baseline 0.003 -23"><span class='ocrx_word' id='word_1_54' title='bbox 297 1589 436 1658; x_wconf 88' lang='lat' dir='ltr'>Homine</span> <span class='ocrx_word' id='word_1_55' title='bbox 458 1598 565 1659; x_wconf 81' lang='lat' dir='ltr'>vestro</span> <span class='ocrx_word' id='word_1_56' title='bbox 586 1591 630 1657; x_wconf 85' lang='lat' dir='ltr'>nd</span> <span class='ocrx_word' id='word_1_57' title='bbox 652 1591 861 1678; x_wconf 83' lang='lat' dir='ltr'>Campaniam</span> <span class='ocrx_word' id='word_1_58' title='bbox 886 1600 1065 1661; x_wconf 85' lang='lat' dir='ltr'>revertente</span> <span class='ocrx_word' id='word_1_59' title='bbox 1089 1593 1260 1661; x_wconf 85' lang='lat' dir='ltr'>scribenda</span> <span class='ocrx_word' id='word_1_60' title='bbox 1282 1594 1478 1679; x_wconf 80' lang='lat' dir='ltr'>consumpsi,</span> <span class='ocrx_word' id='word_1_61' title='bbox 1510 1602 1672 1660; x_wconf 82' lang='lat' dir='ltr'>ettamen</span> <span class='ocrx_word' id='word_1_62' title='bbox 1696 1602 1840 1660; x_wconf 88' lang='lat' dir='ltr'>sanctum</span> 
     </span>
     <span class='ocr_line' id='line_1_9' title="bbox 210 1695 1841 1782; baseline 0.002 -24"><span class='ocrx_word' id='word_1_63' title='bbox 210 1701 309 1778; x_wconf 89' lang='lat' dir='ltr'>atque</span> <span class='ocrx_word' id='word_1_64' title='bbox 332 1695 551 1762; x_wconf 89' lang='lat' dir='ltr'>honorabilem</span> <span class='ocrx_word' id='word_1_65' title='bbox 573 1696 677 1763; x_wconf 89' lang='lat' dir='ltr'>virum</span> <span class='ocrx_word' id='word_1_66' title='bbox 698 1703 863 1782; x_wconf 87' lang='lat' dir='ltr'>parentem</span> <span class='ocrx_word' id='word_1_67' title='bbox 887 1703 1025 1764; x_wconf 89' lang='lat' dir='ltr'>vestrum</span> <span class='ocrx_word' id='word_1_68' title='bbox 1041 1697 1195 1764; x_wconf 87' lang='lat' dir='ltr'>Severum</span> <span class='ocrx_word' id='word_1_69' title='bbox 1211 1698 1299 1764; x_wconf 88' lang='lat' dir='ltr'>nolui</span> <span class='ocrx_word' id='word_1_70' title='bbox 1314 1698 1496 1779; x_wconf 85' lang='lat' dir='ltr'>†adhibere</span> <span class='ocrx_word' id='word_1_71' title='bbox 1511 1718 1648 1764; x_wconf 90' lang='lat' dir='ltr'>vacuum</span> <span class='ocrx_word' id='word_1_72' title='bbox 1665 1698 1841 1763; x_wconf 88' lang='lat' dir='ltr'>litterarum</span> 
     </span>
     <span class='ocr_line' id='line_1_10' title="bbox 210 1799 1841 1888; baseline 0.002 -26"><span class='ocrx_word' id='word_1_73' title='bbox 210 1817 373 1879; x_wconf 87' lang='lat' dir='ltr'>mearum,</span> <span class='ocrx_word' id='word_1_74' title='bbox 398 1805 434 1865; x_wconf 93' lang='lat' dir='ltr'>nt</span> <span class='ocrx_word' id='word_1_75' title='bbox 455 1806 488 1865; x_wconf 89' lang='lat' dir='ltr'>et</span> <span class='ocrx_word' id='word_1_76' title='bbox 509 1820 630 1866; x_wconf 89' lang='lat' dir='ltr'>morem</span> <span class='ocrx_word' id='word_1_77' title='bbox 652 1799 854 1867; x_wconf 84' lang='lat' dir='ltr'>salutationis</span> <span class='ocrx_word' id='word_1_78' title='bbox 876 1820 1072 1883; x_wconf 80' lang='lat' dir='ltr'>exsequerer</span> <span class='ocrx_word' id='word_1_79' title='bbox 1093 1808 1125 1868; x_wconf 91' lang='lat' dir='ltr'>et</span> <span class='ocrx_word' id='word_1_80' title='bbox 1147 1802 1188 1868; x_wconf 91' lang='lat' dir='ltr'>de</span> <span class='ocrx_word' id='word_1_81' title='bbox 1210 1822 1318 1888; x_wconf 87' lang='lat' dir='ltr'>opere,</span> <span class='ocrx_word' id='word_1_82' title='bbox 1345 1801 1429 1886; x_wconf 93' lang='lat' dir='ltr'>quod</span> <span class='ocrx_word' id='word_1_83' title='bbox 1452 1801 1538 1866; x_wconf 93' lang='lat' dir='ltr'>domi</span> <span class='ocrx_word' id='word_1_84' title='bbox 1562 1801 1729 1881; x_wconf 84' lang='lat' dir='ltr'>construis,</span> <span class='ocrx_word' id='word_1_85' title='bbox 1755 1800 1841 1866; x_wconf 91' lang='lat' dir='ltr'>iudi-</span> 
     </span>
    </p>

    <p class='ocr_par' dir='ltr' id='par_1_5' title="bbox 165 1899 1883 2404">
     <span class='ocr_line' id='line_1_11' title="bbox 165 1899 1840 1990; baseline 0.005 -30"><span class='ocrx_word' id='word_1_86' title='bbox 165 1918 192 1959; x_wconf 79' lang='grc' dir='ltr'>ιο</span> <span class='ocrx_word' id='word_1_87' title='bbox 211 1899 297 1965; x_wconf 89' lang='lat' dir='ltr'>cium</span> <span class='ocrx_word' id='word_1_88' title='bbox 328 1921 420 1968; x_wconf 92' lang='lat' dir='ltr'>meae</span> <span class='ocrx_word' id='word_1_89' title='bbox 448 1902 657 1987; x_wconf 89' lang='lat' dir='ltr'>inspectionis</span> <span class='ocrx_word' id='word_1_90' title='bbox 685 1903 854 1988; x_wconf 88' lang='lat' dir='ltr'>aperirem.</span> <span class='ocrx_word' id='word_1_91' title='bbox 902 1904 1096 1971; x_wconf 87' lang='lat' dir='ltr'>thermarum</span> <span class='ocrx_word' id='word_1_92' title='bbox 1125 1904 1204 1971; x_wconf 92' lang='lat' dir='ltr'>mihi</span> <span class='ocrx_word' id='word_1_93' title='bbox 1234 1912 1266 1971; x_wconf 91' lang='lat' dir='ltr'>et</span> <span class='ocrx_word' id='word_1_94' title='bbox 1292 1905 1373 1970; x_wconf 90' lang='lat' dir='ltr'>situs</span> <span class='ocrx_word' id='word_1_95' title='bbox 1401 1912 1434 1971; x_wconf 92' lang='lat' dir='ltr'>et</span> <span class='ocrx_word' id='word_1_96' title='bbox 1461 1904 1639 1990; x_wconf 84' lang='lat' dir='ltr'>amplitudo</span> <span class='ocrx_word' id='word_1_97' title='bbox 1668 1903 1840 1969; x_wconf 86' lang='lat' dir='ltr'>admodum</span> 
     </span>
     <span class='ocr_line' id='line_1_12' title="bbox 211 1997 1843 2095; baseline 0.002 -26"><span class='ocrx_word' id='word_1_98' title='bbox 211 2003 346 2088; x_wconf 88' lang='lat' dir='ltr'>placuit.</span> <span class='ocrx_word' id='word_1_99' title='bbox 387 2005 421 2070; x_wconf 92' lang='lat' dir='ltr'>in</span> <span class='ocrx_word' id='word_1_100' title='bbox 449 1997 625 2072; x_wconf 83' lang='lat' dir='ltr'>minoribus</span> <span class='ocrx_word' id='word_1_101' title='bbox 647 2007 774 2073; x_wconf 90' lang='lat' dir='ltr'>balneis</span> <span class='ocrx_word' id='word_1_102' title='bbox 796 2006 986 2092; x_wconf 86' lang='lat' dir='ltr'>piscinalem</span> <span class='ocrx_word' id='word_1_103' title='bbox 1008 2008 1140 2094; x_wconf 89' lang='lat' dir='ltr'>picturis</span> <span class='ocrx_word' id='word_1_104' title='bbox 1161 2009 1269 2095; x_wconf 90' lang='lat' dir='ltr'>potins</span> <span class='ocrx_word' id='word_1_105' title='bbox 1291 2031 1386 2093; x_wconf 92' lang='lat' dir='ltr'>quam</span> <span class='ocrx_word' id='word_1_106' title='bbox 1410 2008 1535 2075; x_wconf 88' lang='lat' dir='ltr'>musivo</span> <span class='ocrx_word' id='word_1_107' title='bbox 1557 2007 1660 2074; x_wconf 84' lang='lat' dir='ltr'>excoli</span> <span class='ocrx_word' id='word_1_108' title='bbox 1683 2029 1746 2073; x_wconf 95' lang='lat' dir='ltr'>non</span> <span class='ocrx_word' id='word_1_109' title='bbox 1767 2028 1843 2092; x_wconf 92' lang='lat' dir='ltr'>pro-</span> 
     </span>
     <span class='ocr_line' id='line_1_13' title="bbox 210 2106 1883 2196; baseline 0.002 -24"><span class='ocrx_word' id='word_1_110' title='bbox 210 2106 300 2172; x_wconf 88' lang='lat' dir='ltr'>bavi.</span> <span class='ocrx_word' id='word_1_111' title='bbox 347 2128 399 2174; x_wconf 89' lang='lat' dir='ltr'>res</span> <span class='ocrx_word' id='word_1_112' title='bbox 428 2109 595 2191; x_wconf 89' lang='lat' dir='ltr'>admonet,</span> <span class='ocrx_word' id='word_1_113' title='bbox 628 2117 664 2176; x_wconf 95' lang='lat' dir='ltr'>ut</span> <span class='ocrx_word' id='word_1_114' title='bbox 691 2110 868 2196; x_wconf 84' lang='lat' dir='ltr'>proiectum</span> <span class='ocrx_word' id='word_1_115' title='bbox 890 2112 1065 2178; x_wconf 89' lang='lat' dir='ltr'>Messalam</span> <span class='ocrx_word' id='word_1_116' title='bbox 1092 2120 1185 2180; x_wconf 91' lang='lat' dir='ltr'>nocte</span> <span class='ocrx_word' id='word_1_117' title='bbox 1215 2133 1267 2193; x_wconf 85' lang='lat' dir='ltr'>ea,</span> <span class='ocrx_word' id='word_1_118' title='bbox 1302 2132 1398 2196; x_wconf 88' lang='lat' dir='ltr'>quam</span> <span class='ocrx_word' id='word_1_119' title='bbox 1429 2118 1620 2178; x_wconf 89' lang='lat' dir='ltr'>consecutae</span> <span class='ocrx_word' id='word_1_120' title='bbox 1642 2116 1717 2176; x_wconf 90' lang='lat' dir='ltr'>sunt</span> <span class='ocrx_word' id='word_1_121' title='bbox 1737 2118 1883 2176; x_wconf 69' lang='lat' dir='ltr'>nonest</span> 
     </span>
     <span class='ocr_line' id='line_1_14' title="bbox 212 2210 1842 2310; baseline 0.002 -35"><span class='ocrx_word' id='word_1_122' title='bbox 212 2210 348 2276; x_wconf 86' lang='lat' dir='ltr'>Martiae</span> <span class='ocrx_word' id='word_1_123' title='bbox 375 2212 538 2310; x_wconf 68' lang='lat' dir='ltr'>noveritis.</span> <span class='ocrx_word' id='word_1_124' title='bbox 586 2214 686 2296; x_wconf 84' lang='lat' dir='ltr'>legati</span> <span class='ocrx_word' id='word_1_125' title='bbox 716 2214 814 2281; x_wconf 89' lang='lat' dir='ltr'>ceteri</span> <span class='ocrx_word' id='word_1_126' title='bbox 841 2235 915 2280; x_wconf 86' lang='lat' dir='ltr'>mox</span> <span class='ocrx_word' id='word_1_127' title='bbox 944 2224 1129 2300; x_wconf 89' lang='lat' dir='ltr'>sequentur.</span> <span class='ocrx_word' id='word_1_128' title='bbox 1174 2216 1299 2282; x_wconf 89' lang='lat' dir='ltr'>adverti</span> <span class='ocrx_word' id='word_1_129' title='bbox 1325 2223 1433 2282; x_wconf 88' lang='lat' dir='ltr'>tamen</span> <span class='ocrx_word' id='word_1_130' title='bbox 1463 2236 1501 2281; x_wconf 85' lang='lat' dir='ltr'>en</span> <span class='ocrx_word' id='word_1_131' title='bbox 1532 2214 1733 2298; x_wconf 91' lang='lat' dir='ltr'>quorundam</span> <span class='ocrx_word' id='word_1_132' title='bbox 1764 2235 1842 2280; x_wconf 92' lang='lat' dir='ltr'>con-</span> 
     </span>
     <span class='ocr_line' id='line_1_15' title="bbox 211 2312 1841 2404; baseline 0.004 -28"><span class='ocrx_word' id='word_1_133' title='bbox 211 2312 338 2397; x_wconf 88' lang='lat' dir='ltr'>loquio,</span> <span class='ocrx_word' id='word_1_134' title='bbox 370 2314 405 2379; x_wconf 92' lang='lat' dir='ltr'>in</span> <span class='ocrx_word' id='word_1_135' title='bbox 433 2315 571 2399; x_wconf 79' lang='lat' dir='ltr'>gratiam</span> <span class='ocrx_word' id='word_1_136' title='bbox 594 2316 726 2400; x_wconf 91' lang='lat' dir='ltr'>domus,</span> <span class='ocrx_word' id='word_1_137' title='bbox 761 2317 802 2384; x_wconf 92' lang='lat' dir='ltr'>dc</span> <span class='ocrx_word' id='word_1_138' title='bbox 824 2337 889 2401; x_wconf 92' lang='lat' dir='ltr'>qua</span> <span class='ocrx_word' id='word_1_139' title='bbox 910 2318 1055 2404; x_wconf 87' lang='lat' dir='ltr'>plerique</span> <span class='ocrx_word' id='word_1_140' title='bbox 1077 2325 1236 2385; x_wconf 88' lang='lat' dir='ltr'>nostrates</span> <span class='ocrx_word' id='word_1_141' title='bbox 1258 2318 1320 2384; x_wconf 89' lang='lat' dir='ltr'>viri</span> <span class='ocrx_word' id='word_1_142' title='bbox 1342 2318 1491 2385; x_wconf 87' lang='lat' dir='ltr'>edulibus</span> <span class='ocrx_word' id='word_1_143' title='bbox 1513 2317 1707 2400; x_wconf 79' lang='lat' dir='ltr'>farciuntur,</span> <span class='ocrx_word' id='word_1_144' title='bbox 1740 2337 1841 2400; x_wconf 90' lang='lat' dir='ltr'>quae-</span> 
     </span>
    </p>
   </div>
   <div class='ocr_carea' id='block_1_5' title="bbox 166 2415 1840 2591">
    <p class='ocr_par' dir='ltr' id='par_1_6' title="bbox 166 2415 1840 2591">
     <span class='ocr_line' id='line_1_16' title="bbox 166 2415 1840 2508; baseline 0.007 -32"><span class='ocrx_word' id='word_1_145' title='bbox 166 2436 194 2476; x_wconf 77' lang='lat' dir='ltr'>rc</span> <span class='ocrx_word' id='word_1_146' title='bbox 212 2415 287 2481; x_wconf 88' lang='lat' dir='ltr'>darn</span> <span class='ocrx_word' id='word_1_147' title='bbox 317 2437 392 2483; x_wconf 88' lang='lat' dir='ltr'>esse</span> <span class='ocrx_word' id='word_1_148' title='bbox 421 2416 530 2484; x_wconf 88' lang='lat' dir='ltr'>lenita.</span> <span class='ocrx_word' id='word_1_149' title='bbox 578 2419 637 2486; x_wconf 91' lang='lat' dir='ltr'>sed</span> <span class='ocrx_word' id='word_1_150' title='bbox 665 2441 739 2488; x_wconf 90' lang='lat' dir='ltr'>mea</span> <span class='ocrx_word' id='word_1_151' title='bbox 769 2441 844 2487; x_wconf 90' lang='lat' dir='ltr'>cura</span> <span class='ocrx_word' id='word_1_152' title='bbox 865 2442 930 2489; x_wconf 93' lang='lat' dir='ltr'>non</span> <span class='ocrx_word' id='word_1_153' title='bbox 951 2421 1070 2505; x_wconf 89' lang='lat' dir='ltr'>deerit,</span> <span class='ocrx_word' id='word_1_154' title='bbox 1104 2442 1146 2489; x_wconf 90' lang='lat' dir='ltr'>ne</span> <span class='ocrx_word' id='word_1_155' title='bbox 1169 2423 1247 2508; x_wconf 93' lang='lat' dir='ltr'>quid</span> <span class='ocrx_word' id='word_1_156' title='bbox 1268 2421 1431 2489; x_wconf 88' lang='lat' dir='ltr'>mandatis</span> <span class='ocrx_word' id='word_1_157' title='bbox 1453 2429 1586 2490; x_wconf 88' lang='lat' dir='ltr'>senatus</span> <span class='ocrx_word' id='word_1_158' title='bbox 1609 2442 1666 2508; x_wconf 88' lang='lat' dir='ltr'>per</span> <span class='ocrx_word' id='word_1_159' title='bbox 1688 2421 1840 2488; x_wconf 90' lang='lat' dir='ltr'>coniven-</span> 
     </span>
     <span class='ocr_line' id='line_1_17' title="bbox 211 2518 643 2591; baseline 0.009 -6"><span class='ocrx_word' id='word_1_160' title='bbox 211 2518 288 2586; x_wconf 89' lang='lat' dir='ltr'>tiam</span> <span class='ocrx_word' id='word_1_161' title='bbox 313 2521 511 2588; x_wconf 89' lang='lat' dir='ltr'>detrahatur.</span> <span class='ocrx_word' id='word_1_162' title='bbox 557 2523 643 2591; x_wconf 88' lang='lat' dir='ltr'>vale.</span> 
     </span>
    </p>
   </div>
   <div class='ocr_carea' id='block_1_6' title="bbox 669 2801 1381 3025">
    <p class='ocr_par' dir='ltr' id='par_1_7' title="bbox 669 2801 1381 3025">
     <span class='ocr_line' id='line_1_18' title="bbox 962 2801 1089 2885; baseline 0.008 -20"><span class='ocrx_word' id='word_1_163' title='bbox 962 2801 989 2865; x_wconf 85' lang='lat' dir='ltr'>n</span> <span class='ocrx_word' id='word_1_164' title='bbox 1009 2801 1089 2885; x_wconf 74' lang='lat' dir='ltr'>(nr).</span> 
     </span>
     <span class='ocr_line' id='line_1_19' title="bbox 669 2955 1381 3025; baseline 0.007 -5"><span class='ocrx_word' id='word_1_165' title='bbox 669 2956 930 3023; x_wconf 80' lang='lat' dir='ltr'>sununouvs</span> <span class='ocrx_word' id='word_1_166' title='bbox 952 2955 1219 3025; x_wconf 77' lang='lat' dir='ltr'>moounoffls</span> <span class='ocrx_word' id='word_1_167' title='bbox 1241 2958 1381 3025; x_wconf 73' lang='lat' dir='ltr'>urens,</span> 
     </span>
    </p>
   </div>
   <div class='ocr_carea' id='block_1_7' title="bbox 300 3124 1840 3217">
    <p class='ocr_par' dir='ltr' id='par_1_8' title="bbox 300 3124 1840 3217">
     <span class='ocr_line' id='line_1_20' title="bbox 300 3124 1840 3217; baseline 0.004 -28"><span class='ocrx_word' id='word_1_168' title='bbox 300 3124 448 3192; x_wconf 85' lang='lat' dir='ltr'>Scribere</span> <span class='ocrx_word' id='word_1_169' title='bbox 471 3146 534 3192; x_wconf 93' lang='lat' dir='ltr'>non</span> <span class='ocrx_word' id='word_1_170' title='bbox 557 3146 680 3211; x_wconf 90' lang='lat' dir='ltr'>recuso,</span> <span class='ocrx_word' id='word_1_171' title='bbox 707 3127 765 3194; x_wconf 90' lang='lat' dir='ltr'>sed</span> <span class='ocrx_word' id='word_1_172' title='bbox 787 3129 886 3195; x_wconf 91' lang='lat' dir='ltr'>malui</span> <span class='ocrx_word' id='word_1_173' title='bbox 909 3128 1024 3196; x_wconf 92' lang='lat' dir='ltr'>domno</span> <span class='ocrx_word' id='word_1_174' title='bbox 1047 3130 1112 3197; x_wconf 91' lang='lat' dir='ltr'>filio</span> <span class='ocrx_word' id='word_1_175' title='bbox 1134 3150 1206 3197; x_wconf 89' lang='lat' dir='ltr'>meo</span> <span class='ocrx_word' id='word_1_176' title='bbox 1222 3130 1343 3197; x_wconf 87' lang='lat' dir='ltr'>Sibidio</span> <span class='ocrx_word' id='word_1_177' title='bbox 1364 3130 1527 3198; x_wconf 89' lang='lat' dir='ltr'>narranda</span> <span class='ocrx_word' id='word_1_178' title='bbox 1548 3151 1655 3197; x_wconf 89' lang='lat' dir='ltr'>coram</span> <span class='ocrx_word' id='word_1_179' title='bbox 1670 3131 1840 3217; x_wconf 85' lang='lat' dir='ltr'>parotium</span> 
     </span>
    </p>
   </div>
   <div class='ocr_carea' id='block_1_8' title="bbox 167 3230 1842 3423">
    <p class='ocr_par' dir='ltr' id='par_1_9' title="bbox 167 3230 1842 3423">
     <span class='ocr_line' id='line_1_21' title="bbox 167 3230 1842 3320; baseline 0.004 -27"><span class='ocrx_word' id='word_1_180' title='bbox 167 3243 196 3286; x_wconf 79' lang='lat' dir='ltr'>to</span> <span class='ocrx_word' id='word_1_181' title='bbox 215 3247 391 3295; x_wconf 90' lang='lat' dir='ltr'>reservare.</span> <span class='ocrx_word' id='word_1_182' title='bbox 438 3231 509 3295; x_wconf 92' lang='lat' dir='ltr'>sola</span> <span class='ocrx_word' id='word_1_183' title='bbox 537 3230 637 3312; x_wconf 80' lang='lat' dir='ltr'>igitur</span> <span class='ocrx_word' id='word_1_184' title='bbox 658 3230 853 3299; x_wconf 90' lang='lat' dir='ltr'>salutatione</span> <span class='ocrx_word' id='word_1_185' title='bbox 876 3233 1027 3318; x_wconf 83' lang='lat' dir='ltr'>iungetur</span> <span class='ocrx_word' id='word_1_186' title='bbox 1048 3234 1130 3301; x_wconf 88' lang='lat' dir='ltr'>haec</span> <span class='ocrx_word' id='word_1_187' title='bbox 1151 3234 1289 3320; x_wconf 80' lang='lat' dir='ltr'>pagina,</span> <span class='ocrx_word' id='word_1_188' title='bbox 1322 3235 1414 3301; x_wconf 90' lang='lat' dir='ltr'>cuius</span> <span class='ocrx_word' id='word_1_189' title='bbox 1436 3234 1578 3301; x_wconf 88' lang='lat' dir='ltr'>brevitas</span> <span class='ocrx_word' id='word_1_190' title='bbox 1601 3241 1634 3302; x_wconf 90' lang='lat' dir='ltr'>et</span> <span class='ocrx_word' id='word_1_191' title='bbox 1655 3240 1760 3301; x_wconf 92' lang='lat' dir='ltr'>vestro</span> <span class='ocrx_word' id='word_1_192' title='bbox 1782 3232 1842 3300; x_wconf 93' lang='lat' dir='ltr'>ho-</span> 
     </span>
     <span class='ocr_line' id='line_1_22' title="bbox 214 3331 1144 3423; baseline 0.009 -28"><span class='ocrx_word' id='word_1_193' title='bbox 214 3331 283 3397; x_wconf 90' lang='lat' dir='ltr'>nori</span> <span class='ocrx_word' id='word_1_194' title='bbox 307 3331 485 3400; x_wconf 80' lang='lat' dir='ltr'>satisfaciet</span> <span class='ocrx_word' id='word_1_195' title='bbox 506 3352 566 3399; x_wconf 91' lang='lat' dir='ltr'>nec</span> <span class='ocrx_word' id='word_1_196' title='bbox 587 3334 637 3399; x_wconf 91' lang='lat' dir='ltr'>illi</span> <span class='ocrx_word' id='word_1_197' title='bbox 659 3334 829 3402; x_wconf 79' lang='lat' dir='ltr'>referenda</span> <span class='ocrx_word' id='word_1_198' title='bbox 851 3337 1014 3423; x_wconf 89' lang='lat' dir='ltr'>decerpet.</span> <span class='ocrx_word' id='word_1_199' title='bbox 1060 3339 1144 3404; x_wconf 90' lang='lat' dir='ltr'>vale.</span> 
     </span>
    </p>
   </div>
   <div class='ocr_carea' id='block_1_9' title="bbox 671 3613 1382 3835">
    <p class='ocr_par' dir='ltr' id='par_1_10' title="bbox 671 3613 1382 3835">
     <span class='ocr_line' id='line_1_23' title="bbox 876 3613 1175 3697; baseline 0.003 -19"><span class='ocrx_word' id='word_1_200' title='bbox 876 3613 1175 3697; x_wconf 62' lang='lat' dir='ltr'>mfflam</span> 
     </span>
     <span class='ocr_line' id='line_1_24' title="bbox 671 3767 1382 3835; baseline 0 -3"><span class='ocrx_word' id='word_1_201' title='bbox 671 3767 931 3835; x_wconf 83' lang='lat' dir='ltr'>srunnonvs</span> <span class='ocrx_word' id='word_1_202' title='bbox 952 3767 1219 3835; x_wconf 83' lang='lat' dir='ltr'>nrcounonrs</span> <span class='ocrx_word' id='word_1_203' title='bbox 1241 3768 1382 3834; x_wconf 79' lang='lat' dir='ltr'>rrnrra</span> 
     </span>
    </p>
   </div>
   <div class='ocr_carea' id='block_1_10' title="bbox 169 3937 1842 4231">
    <p class='ocr_par' dir='ltr' id='par_1_11' title="bbox 169 3937 1842 4231">
     <span class='ocr_line' id='line_1_25' title="bbox 300 3937 1841 4027; baseline 0.004 -24"><span class='ocrx_word' id='word_1_204' title='bbox 300 3937 465 4004; x_wconf 86' lang='lat' dir='ltr'>Prioribus</span> <span class='ocrx_word' id='word_1_205' title='bbox 487 3940 601 4007; x_wconf 88' lang='lat' dir='ltr'>litteris</span> <span class='ocrx_word' id='word_1_206' title='bbox 624 3939 830 4025; x_wconf 79' lang='lat' dir='ltr'>comperistis,</span> <span class='ocrx_word' id='word_1_207' title='bbox 864 3960 948 4024; x_wconf 89' lang='lat' dir='ltr'>quae</span> <span class='ocrx_word' id='word_1_208' title='bbox 970 3962 1056 4007; x_wconf 90' lang='lat' dir='ltr'>nunc</span> <span class='ocrx_word' id='word_1_209' title='bbox 1077 3940 1273 4024; x_wconf 86' lang='lat' dir='ltr'>respondere</span> <span class='ocrx_word' id='word_1_210' title='bbox 1294 3940 1482 4026; x_wconf 90' lang='lat' dir='ltr'>potuissem.</span> <span class='ocrx_word' id='word_1_211' title='bbox 1530 3941 1653 4008; x_wconf 89' lang='lat' dir='ltr'>redisse</span> <span class='ocrx_word' id='word_1_212' title='bbox 1675 3963 1738 4008; x_wconf 95' lang='lat' dir='ltr'>non</span> <span class='ocrx_word' id='word_1_213' title='bbox 1762 3964 1841 4027; x_wconf 90' lang='lat' dir='ltr'>pae-</span> 
     </span>
     <span class='ocr_line' id='line_1_26' title="bbox 169 4040 1842 4129; baseline 0.004 -25"><span class='ocrx_word' id='word_1_214' title='bbox 169 4054 199 4098; x_wconf 75' lang='lat' dir='ltr'>ts</span> <span class='ocrx_word' id='word_1_215' title='bbox 216 4040 310 4120; x_wconf 90' lang='lat' dir='ltr'>nitet,</span> <span class='ocrx_word' id='word_1_216' title='bbox 344 4063 419 4107; x_wconf 92' lang='lat' dir='ltr'>nam</span> <span class='ocrx_word' id='word_1_217' title='bbox 449 4050 482 4108; x_wconf 93' lang='lat' dir='ltr'>et</span> <span class='ocrx_word' id='word_1_218' title='bbox 511 4044 625 4111; x_wconf 89' lang='lat' dir='ltr'>salutis</span> <span class='ocrx_word' id='word_1_219' title='bbox 653 4050 815 4129; x_wconf 91' lang='lat' dir='ltr'>compotes</span> <span class='ocrx_word' id='word_1_220' title='bbox 846 4063 957 4110; x_wconf 87' lang='lat' dir='ltr'>sumus</span> <span class='ocrx_word' id='word_1_221' title='bbox 985 4051 1018 4110; x_wconf 91' lang='lat' dir='ltr'>et</span> <span class='ocrx_word' id='word_1_222' title='bbox 1045 4065 1102 4129; x_wconf 88' lang='lat' dir='ltr'>per</span> <span class='ocrx_word' id='word_1_223' title='bbox 1133 4044 1334 4127; x_wconf 85' lang='lat' dir='ltr'>diligentiam</span> <span class='ocrx_word' id='word_1_224' title='bbox 1364 4044 1590 4128; x_wconf 85' lang='lat' dir='ltr'>magistrorum</span> <span class='ocrx_word' id='word_1_225' title='bbox 1612 4045 1720 4110; x_wconf 84' lang='lat' dir='ltr'>fratris</span> <span class='ocrx_word' id='word_1_226' title='bbox 1742 4046 1842 4111; x_wconf 89' lang='lat' dir='ltr'>vestri</span> 
     </span>
     <span class='ocr_line' id='line_1_27' title="bbox 216 4143 1842 4231; baseline 0.005 -24"><span class='ocrx_word' id='word_1_227' title='bbox 216 4143 377 4227; x_wconf 81' lang='lat' dir='ltr'>profectus</span> <span class='ocrx_word' id='word_1_228' title='bbox 399 4144 564 4212; x_wconf 90' lang='lat' dir='ltr'>adolescit.</span> <span class='ocrx_word' id='word_1_229' title='bbox 609 4147 670 4213; x_wconf 93' lang='lat' dir='ltr'>hoc</span> <span class='ocrx_word' id='word_1_230' title='bbox 691 4154 814 4213; x_wconf 90' lang='lat' dir='ltr'>tantum</span> <span class='ocrx_word' id='word_1_231' title='bbox 837 4146 961 4214; x_wconf 91' lang='lat' dir='ltr'>mordet</span> <span class='ocrx_word' id='word_1_232' title='bbox 982 4148 1140 4231; x_wconf 89' lang='lat' dir='ltr'>animum,</span> <span class='ocrx_word' id='word_1_233' title='bbox 1165 4149 1252 4231; x_wconf 92' lang='lat' dir='ltr'>quod</span> <span class='ocrx_word' id='word_1_234' title='bbox 1274 4148 1370 4231; x_wconf 84' lang='lat' dir='ltr'>longo</span> <span class='ocrx_word' id='word_1_235' title='bbox 1392 4169 1413 4213; x_wconf 91' lang='lat' dir='ltr'>a</span> <span class='ocrx_word' id='word_1_236' title='bbox 1435 4148 1527 4214; x_wconf 92' lang='lat' dir='ltr'>vobis</span> <span class='ocrx_word' id='word_1_237' title='bbox 1547 4148 1662 4215; x_wconf 90' lang='lat' dir='ltr'>itinere</span> <span class='ocrx_word' id='word_1_238' title='bbox 1685 4149 1842 4215; x_wconf 91' lang='lat' dir='ltr'>discerni-</span> 
     </span>
    </p>
   </div>
   <div class='ocr_carea' id='block_1_11' title="bbox 216 4248 1841 4434">
    <p class='ocr_par' dir='ltr' id='par_1_12' title="bbox 216 4248 1841 4434">
     <span class='ocr_line' id='line_1_28' title="bbox 216 4248 1841 4338; baseline 0.005 -27"><span class='ocrx_word' id='word_1_239' title='bbox 216 4266 301 4323; x_wconf 87' lang='lat' dir='ltr'>mur;</span> <span class='ocrx_word' id='word_1_240' title='bbox 336 4248 393 4314; x_wconf 94' lang='lat' dir='ltr'>sed</span> <span class='ocrx_word' id='word_1_241' title='bbox 416 4249 444 4314; x_wconf 90' lang='lat' dir='ltr'>si</span> <span class='ocrx_word' id='word_1_242' title='bbox 467 4250 656 4335; x_wconf 89' lang='lat' dir='ltr'>scriptorum</span> <span class='ocrx_word' id='word_1_243' title='bbox 678 4250 767 4317; x_wconf 91' lang='lat' dir='ltr'>vices</span> <span class='ocrx_word' id='word_1_244' title='bbox 789 4252 940 4334; x_wconf 85' lang='lat' dir='ltr'>frequens</span> <span class='ocrx_word' id='word_1_245' title='bbox 963 4271 1041 4318; x_wconf 90' lang='lat' dir='ltr'>usus</span> <span class='ocrx_word' id='word_1_246' title='bbox 1063 4256 1226 4332; x_wconf 83' lang='lat' dir='ltr'>exerceat,</span> <span class='ocrx_word' id='word_1_247' title='bbox 1253 4251 1429 4317; x_wconf 89' lang='lat' dir='ltr'>sarciemus</span> <span class='ocrx_word' id='word_1_248' title='bbox 1451 4251 1614 4318; x_wconf 89' lang='lat' dir='ltr'>internos</span> <span class='ocrx_word' id='word_1_249' title='bbox 1637 4252 1841 4338; x_wconf 89' lang='lat' dir='ltr'>praesentiae</span> 
     </span>
     <span class='ocr_line' id='line_1_29' title="bbox 216 4350 557 4434; baseline 0.021 -22"><span class='ocrx_word' id='word_1_250' title='bbox 216 4350 425 4434; x_wconf 89' lang='lat' dir='ltr'>voluptatem.</span> <span class='ocrx_word' id='word_1_251' title='bbox 471 4353 557 4419; x_wconf 91' lang='lat' dir='ltr'>vale.</span> 
     </span>
    </p>
   </div>
   <div class='ocr_carea' id='block_1_12' title="bbox 672 4630 1383 4853">
    <p class='ocr_par' dir='ltr' id='par_1_13' title="bbox 672 4630 1383 4853">
     <span class='ocr_line' id='line_1_30' title="bbox 859 4630 1192 4713; baseline 0.003 -20"><span class='ocrx_word' id='word_1_252' title='bbox 859 4630 919 4694; x_wconf 86' lang='lat' dir='ltr'>nrr</span> <span class='ocrx_word' id='word_1_253' title='bbox 939 4630 1034 4713; x_wconf 76' lang='lat' dir='ltr'>(nur)</span> <span class='ocrx_word' id='word_1_254' title='bbox 1069 4651 1100 4694; x_wconf 73' lang='lat' dir='ltr'>a.</span> <span class='ocrx_word' id='word_1_255' title='bbox 1119 4630 1192 4694; x_wconf 88' lang='lat' dir='ltr'>aor.</span> 
     </span>
     <span class='ocr_line' id='line_1_31' title="bbox 672 4784 1383 4853; baseline -0.001 -3"><span class='ocrx_word' id='word_1_256' title='bbox 672 4785 931 4852; x_wconf 82' lang='lat' dir='ltr'>svunnonvs</span> <span class='ocrx_word' id='word_1_257' title='bbox 957 4784 1221 4853; x_wconf 82' lang='lat' dir='ltr'>uroounonrs</span> <span class='ocrx_word' id='word_1_258' title='bbox 1243 4785 1383 4850; x_wconf 79' lang='lat' dir='ltr'>smne.</span> 
     </span>
    </p>
   </div>
   <div class='ocr_carea' id='block_1_13' title="bbox 215 4955 1843 5251">
    <p class='ocr_par' dir='ltr' id='par_1_14' title="bbox 215 4955 1843 5251">
     <span class='ocr_line' id='line_1_32' title="bbox 300 4955 1843 5044; baseline 0.003 -25"><span class='ocrx_word' id='word_1_259' title='bbox 300 4955 469 5023; x_wconf 82' lang='lat' dir='ltr'>Adventus</span> <span class='ocrx_word' id='word_1_260' title='bbox 499 4956 617 5024; x_wconf 93' lang='lat' dir='ltr'>domini</span> <span class='ocrx_word' id='word_1_261' title='bbox 646 4963 679 5023; x_wconf 89' lang='lat' dir='ltr'>et</span> <span class='ocrx_word' id='word_1_262' title='bbox 704 4958 859 5044; x_wconf 90' lang='lat' dir='ltr'>principis</span> <span class='ocrx_word' id='word_1_263' title='bbox 881 4958 981 5025; x_wconf 87' lang='lat' dir='ltr'>nostri</span> <span class='ocrx_word' id='word_1_264' title='bbox 1003 4958 1108 5025; x_wconf 90' lang='lat' dir='ltr'>denuo</span> <span class='ocrx_word' id='word_1_265' title='bbox 1131 4959 1344 5044; x_wconf 85' lang='lat' dir='ltr'>postulandus</span> <span class='ocrx_word' id='word_1_266' title='bbox 1366 4966 1427 5023; x_wconf 91' lang='lat' dir='ltr'>est.</span> <span class='ocrx_word' id='word_1_267' title='bbox 1474 4958 1663 5026; x_wconf 81' lang='lat' dir='ltr'>Theodorus</span> <span class='ocrx_word' id='word_1_268' title='bbox 1685 4959 1770 5024; x_wconf 90' lang='lat' dir='ltr'>enirn</span> <span class='ocrx_word' id='word_1_269' title='bbox 1793 4959 1843 5023; x_wconf 91' lang='lat' dir='ltr'>vir</span> 
     </span>
     <span class='ocr_line' id='line_1_33' title="bbox 215 5056 1843 5148; baseline 0.004 -28"><span class='ocrx_word' id='word_1_270' title='bbox 215 5056 359 5123; x_wconf 86' lang='lat' dir='ltr'>inlustris</span> <span class='ocrx_word' id='word_1_271' title='bbox 381 5059 671 5126; x_wconf 88' lang='lat' dir='ltr'>Mediolanensium</span> <span class='ocrx_word' id='word_1_272' title='bbox 698 5062 860 5145; x_wconf 84' lang='lat' dir='ltr'>legatione</span> <span class='ocrx_word' id='word_1_273' title='bbox 883 5067 1035 5148; x_wconf 88' lang='lat' dir='ltr'>suscepta</span> <span class='ocrx_word' id='word_1_274' title='bbox 1058 5061 1136 5129; x_wconf 90' lang='lat' dir='ltr'>eniti</span> <span class='ocrx_word' id='word_1_275' title='bbox 1159 5061 1293 5142; x_wconf 90' lang='lat' dir='ltr'>dicitnr,</span> <span class='ocrx_word' id='word_1_276' title='bbox 1327 5067 1362 5126; x_wconf 93' lang='lat' dir='ltr'>ut</span> <span class='ocrx_word' id='word_1_277' title='bbox 1384 5070 1516 5129; x_wconf 92' lang='lat' dir='ltr'>senatus</span> <span class='ocrx_word' id='word_1_278' title='bbox 1538 5062 1745 5148; x_wconf 89' lang='lat' dir='ltr'>petitionibus</span> <span class='ocrx_word' id='word_1_279' title='bbox 1766 5083 1843 5148; x_wconf 93' lang='lat' dir='ltr'>pro-</span> 
     </span>
     <span class='ocr_line' id='line_1_34' title="bbox 216 5159 1843 5251; baseline 0.004 -27"><span class='ocrx_word' id='word_1_280' title='bbox 216 5159 353 5227; x_wconf 88' lang='lat' dir='ltr'>vinciale</span> <span class='ocrx_word' id='word_1_281' title='bbox 384 5161 578 5229; x_wconf 88' lang='lat' dir='ltr'>desiderium</span> <span class='ocrx_word' id='word_1_282' title='bbox 610 5164 824 5248; x_wconf 85' lang='lat' dir='ltr'>praeferatur.</span> <span class='ocrx_word' id='word_1_283' title='bbox 869 5165 1053 5251; x_wconf 84' lang='lat' dir='ltr'>praefectus</span> <span class='ocrx_word' id='word_1_284' title='bbox 1076 5165 1147 5231; x_wconf 92' lang='lat' dir='ltr'>urbi</span> <span class='ocrx_word' id='word_1_285' title='bbox 1170 5164 1245 5231; x_wconf 92' lang='lat' dir='ltr'>huic</span> <span class='ocrx_word' id='word_1_286' title='bbox 1266 5164 1395 5249; x_wconf 82' lang='lat' dir='ltr'>negotio</span> <span class='ocrx_word' id='word_1_287' title='bbox 1418 5164 1620 5231; x_wconf 88' lang='lat' dir='ltr'>sanctitatem</span> <span class='ocrx_word' id='word_1_288' title='bbox 1643 5172 1731 5231; x_wconf 90' lang='lat' dir='ltr'>tuam</span> <span class='ocrx_word' id='word_1_289' title='bbox 1754 5172 1843 5249; x_wconf 86' lang='lat' dir='ltr'>optat</span> 
     </span>
    </p>
   </div>
   <div class='ocr_carea' id='block_1_14' title="bbox 220 5457 1839 5870">
    <p class='ocr_par' dir='ltr' id='par_1_15' title="bbox 220 5457 1839 5870">
     <span class='ocr_line' id='line_1_35' title="bbox 280 5457 978 5523; baseline 0.003 -16"><span class='ocrx_word' id='word_1_290' title='bbox 280 5484 283 5490; x_wconf 80' lang='lat'>.</span> <span class='ocrx_word' id='word_1_291' title='bbox 303 5457 314 5507; x_wconf 93' lang='lat' dir='ltr'>l</span> <span class='ocrx_word' id='word_1_292' title='bbox 335 5460 460 5523; x_wconf 83' lang='lat' dir='ltr'>copiosior</span> <span class='ocrx_word' id='word_1_293' title='bbox 479 5459 574 5511; x_wconf 84' lang='lat' dir='ltr'>le.</span> <span class='ocrx_word' id='word_1_294' title='bbox 682 5459 697 5509; x_wconf 83' lang='lat'>2</span> <span class='ocrx_word' id='word_1_295' title='bbox 717 5460 863 5511; x_wconf 82' lang='lat' dir='ltr'>coherentes</span> <span class='ocrx_word' id='word_1_296' title='bbox 881 5461 929 5510; x_wconf 81' lang='lat' dir='ltr'>Pr</span> <span class='ocrx_word' id='word_1_297' title='bbox 944 5478 978 5510; x_wconf 88' lang='lat' dir='ltr'>m.</span> 
     </span>
     <span class='ocr_line' id='line_1_36' title="bbox 301 5545 1839 5608; baseline 0 -13"><span class='ocrx_word' id='word_1_298' title='bbox 301 5545 318 5595; x_wconf 83' lang='grc'><strong>6</strong></span> <span class='ocrx_word' id='word_1_299' title='bbox 335 5559 475 5606; x_wconf 77' lang='lat' dir='ltr'>symmacus</span> <span class='ocrx_word' id='word_1_300' title='bbox 492 5546 652 5595; x_wconf 79' lang='lat' dir='ltr'>nichomaene</span> <span class='ocrx_word' id='word_1_301' title='bbox 669 5548 730 5597; x_wconf 87' lang='lat' dir='ltr'>tlllls</span> <span class='ocrx_word' id='word_1_302' title='bbox 749 5546 772 5594; x_wconf 92' lang='lat' dir='ltr'><strong><em>P</em></strong></span> <span class='ocrx_word' id='word_1_303' title='bbox 908 5548 924 5599; x_wconf 86' lang='lat'><em>8</em></span> <span class='ocrx_word' id='word_1_304' title='bbox 942 5548 1008 5597; x_wconf 79' lang='lat' dir='ltr'>abire</span> <span class='ocrx_word' id='word_1_305' title='bbox 1028 5548 1126 5596; x_wconf 74' lang='lat' dir='ltr'>leretur</span> <span class='ocrx_word' id='word_1_306' title='bbox 1267 5545 1295 5596; x_wconf 91' lang='grc'>11</span> <span class='ocrx_word' id='word_1_307' title='bbox 1316 5548 1416 5597; x_wconf 88' lang='lat' dir='ltr'>mnsibc</span> <span class='ocrx_word' id='word_1_308' title='bbox 1434 5546 1458 5594; x_wconf 89' lang='lat' dir='ltr'><em>P</em></span> <span class='ocrx_word' id='word_1_309' title='bbox 1569 5548 1656 5608; x_wconf 77' lang='lat' dir='ltr'>probel</span> <span class='ocrx_word' id='word_1_310' title='bbox 1673 5547 1724 5596; x_wconf 87' lang='lat' dir='ltr'>tres</span> <span class='ocrx_word' id='word_1_311' title='bbox 1742 5546 1789 5595; x_wconf 81' lang='lat' dir='ltr'>Pr</span> <span class='ocrx_word' id='word_1_312' title='bbox 1804 5564 1839 5597; x_wconf 84' lang='lat' dir='ltr'>m.</span> 
     </span>
     <span class='ocr_line' id='line_1_37' title="bbox 220 5628 469 5695; baseline 0.008 -16"><span class='ocrx_word' id='word_1_313' title='bbox 220 5628 249 5679; x_wconf 80' lang='lat' dir='ltr'>tt</span> <span class='ocrx_word' id='word_1_314' title='bbox 266 5637 354 5694; x_wconf 70' lang='lat' dir='ltr'>noctes</span> <span class='ocrx_word' id='word_1_315' title='bbox 371 5645 427 5695; x_wconf 79' lang='lat' dir='ltr'>carp</span> <span class='ocrx_word' id='word_1_316' title='bbox 446 5633 469 5681; x_wconf 87' lang='lat' dir='ltr'><em>P</em></span> 
     </span>
     <span class='ocr_line' id='line_1_38' title="bbox 303 5715 1322 5788; baseline 0 -21"><span class='ocrx_word' id='word_1_317' title='bbox 303 5716 334 5768; x_wconf 84' lang='lat' dir='ltr'>ts</span> <span class='ocrx_word' id='word_1_318' title='bbox 353 5732 493 5778; x_wconf 76' lang='lat' dir='ltr'>symmacus</span> <span class='ocrx_word' id='word_1_319' title='bbox 511 5715 638 5768; x_wconf 77' lang='lat' dir='ltr'>nlchorne⁹</span> <span class='ocrx_word' id='word_1_320' title='bbox 654 5720 715 5768; x_wconf 81' lang='lat' dir='ltr'>hlils</span> <span class='ocrx_word' id='word_1_321' title='bbox 735 5720 756 5769; x_wconf 80' lang='lat' dir='ltr'>P</span> <span class='ocrx_word' id='word_1_322' title='bbox 858 5720 890 5771; x_wconf 87' lang='grc'>19</span> <span class='ocrx_word' id='word_1_323' title='bbox 909 5715 1018 5788; x_wconf 86' lang='lat' dir='ltr'>Slbldto]</span> <span class='ocrx_word' id='word_1_324' title='bbox 1037 5720 1145 5781; x_wconf 76' lang='lat' dir='ltr'>Iuratus,</span> <span class='ocrx_word' id='word_1_325' title='bbox 1167 5719 1216 5767; x_wconf 84' lang='lat' dir='ltr'>slbl</span> <span class='ocrx_word' id='word_1_326' title='bbox 1233 5719 1278 5773; x_wconf 76' lang='lat' dir='ltr'>din</span> <span class='ocrx_word' id='word_1_327' title='bbox 1298 5719 1322 5770; x_wconf 84' lang='lat' dir='ltr'><strong><em>P</em></strong></span> 
     </span>
     <span class='ocr_line' id='line_1_39' title="bbox 301 5803 503 5870; baseline 0.005 -14"><span class='ocrx_word' id='word_1_328' title='bbox 301 5803 333 5856; x_wconf 80' lang='lat'>27</span> <span class='ocrx_word' id='word_1_329' title='bbox 353 5806 376 5853; x_wconf 85' lang='lat' dir='ltr'>sl</span> <span class='ocrx_word' id='word_1_330' title='bbox 394 5820 442 5857; x_wconf 90' lang='lat' dir='ltr'>cm.</span> <span class='ocrx_word' id='word_1_331' title='bbox 460 5804 503 5870; x_wconf 80' lang='grc' dir='ltr'>(Γ)</span> 
     </span>
    </p>
   </div>
   <div class='ocr_carea' id='block_1_15' title="bbox 0 0 2381 6468">
    <p class='ocr_par' dir='ltr' id='par_1_16' title="bbox 0 0 2381 6468">
     <span class='ocr_line' id='line_1_40' title="bbox 0 0 2381 6468; baseline 0 0"><span class='ocrx_word' id='word_1_332' title='bbox 0 0 2381 6468; x_wconf 95' lang='lat' dir='ltr'> </span> 
     </span>
    </p>
   </div>
  </div>
 </body>
</html>
