4716 6476
948 502 1061 557 LIBER
1078 504 1157 558 Vlll.

945 865 1033 930 nvn
1054 866 1159 948 (nvn.

892 1021 951 1085 an
978 1021 1209 1086 vnnnnrvn.

325 1195 442 1260 Filium
473 1212 576 1259 meum
600 1193 770 1258 Romulum
793 1212 854 1277 ego
876 1212 1020 1273 accerso,
1052 1200 1087 1259 tn
1110 1194 1243 1271 retines;
1277 1214 1337 1277 ego
1359 1193 1393 1258 in
1416 1215 1488 1260 eum
1511 1196 1590 1261 mihi
1614 1217 1784 1281 personam
1808 1217 1867 1282 pa-

242 1300 339 1364 rentis
361 1299 499 1381 adrogo,
527 1305 561 1361 tn
582 1296 634 1361 ins
656 1295 773 1361 adfinis
796 1316 945 1375 exerces3
971 1296 1050 1361 mihi
1073 1316 1114 1361 ex
1136 1297 1318 1362 voluntaria
1340 1298 1511 1381 sponsione
1535 1301 1751 1383 praesentiam
1775 1321 1866 1365 suam

213 1400 353 1479 rdebet,
386 1422 406 1466 a
435 1401 525 1465 vobis
548 1420 606 1485 spe
629 1399 773 1464 sociandi
794 1399 918 1465 itineris
941 1406 1126 1464 retentatur.
1174 1399 1233 1465 sed
1256 1419 1327 1465 cum
1351 1401 1428 1465 mihi
1451 1402 1548 1467 ctiam
1572 1413 1643 1467 tuus
1666 1403 1868 1486 promittatur

241 1504 408 1583 adventus,
434 1502 630 1586 quaestuosa
652 1502 774 1568 taxatio
796 1509 846 1567 est
868 1522 986 1582 morae,
1013 1523 1097 1585 quae
1120 1502 1198 1567 mihi
1221 1523 1278 1588 pro
1301 1524 1364 1568 uno
1388 1512 1555 1587 utrumque
1578 1506 1742 1589 promittit.
1787 1506 1866 1571 cedo

241 1607 336 1690 igitur
357 1607 512 1672 voluntati
534 1615 610 1672 tuae
633 1613 666 1671 et
686 1626 860 1690 paucorum
883 1604 1005 1670 dicrum
1029 1606 1217 1690 patientiam
1239 1626 1302 1671 non
1325 1626 1420 1690 nego.
1464 1608 1555 1673 fratri
1577 1628 1704 1691 quoque
1726 1615 1780 1673 tuo
1802 1610 1867 1672 lto-

241 1711 325 1775 mulo
339 1710 437 1775 nimis
450 1710 603 1793 gratulor,
624 1710 713 1775 cuins
728 1708 820 1774 nobis
836 1708 931 1773 ambo
947 1709 1101 1774 solacium
1116 1709 1171 1794 pio
1186 1717 1218 1774 et
1233 1710 1335 1774 amico
1351 1711 1526 1776 certamine
1540 1710 1753 1776 vindicamus.
1778 1712 1862 1777 orale.

924 1968 1029 2032 nvrn
1054 1968 1176 2052 (nvn).

875 2123 934 2187 An
957 2123 1223 2189 naucruuvu.

324 2296 426 2361 Filius
455 2316 546 2362 meus
576 2315 647 2361 cum
677 2295 761 2360 bona
789 2294 841 2359 dei
872 2295 967 2359 venia
996 2296 1138 2378 periculo
1168 2303 1270 2379 caret,
1308 2296 1366 2362 sed
1400 2296 1561 2363 defectum
1595 2297 1711 2362 virium
1745 2296 1865 2380 patitur

238 2419 336 2485 prope
365 2419 466 2482 usque
494 2399 537 2464 ad
565 2398 811 2483 aegritudinem.
858 2398 964 2464 redire
994 2398 1162 2464 consilium
1193 2406 1244 2464 est
1273 2399 1429 2484 paulatim
1458 2399 1679 2465 mansionibus
1704 2400 1737 2464 in
1760 2400 1865 2485 spatia

239 2504 361 2567 minora
382 2502 506 2568 divisis.
555 2522 616 2586 ego
639 2522 766 2586 quoque
789 2522 931 2568 meorum
954 2503 1103 2584 contagio
1127 2503 1232 2568 socius
1255 2503 1388 2583 accessi,
1415 2502 1509 2569 credo
1532 2524 1573 2568 ex
1594 2503 1715 2587 vigiliis
1737 2510 1865 2569 noctur·

238 2606 303 2686 nis,
329 2626 463 2690 quarum
487 2606 519 2671 in
541 2605 725 2691 praesentia
747 2606 886 2688 exignus
908 2605 969 2670 luit
991 2624 1123 2688 sensus,
1149 2626 1234 2671 noxa
1256 2612 1329 2691 post
1350 2606 1487 2671 eruduit.
1536 2606 1734 2690 conprimere
1756 2614 1863 2673 tamen

194 2728 221 2766 ιτ»
239 2710 321 2774 nitor
350 2708 521 2792 diligentia
549 2715 581 2775 et
610 2708 808 2795 parsimonia
829 2708 983 2792 ingruens
1005 2708 1137 2773 malum.
1184 2729 1260 2793 ergo
1283 2709 1477 2775 caelestibus
1499 2708 1665 2774 advocatis
1687 2710 1748 2776 iter
1770 2731 1864 2796 para-

239 2832 309 2877 mus
331 2812 440 2877 ordiri.
487 2810 672 2878 vestraein
694 2831 752 2876 nos
774 2811 963 2895 diligentiae
985 2819 1094 2894 grates
1116 2811 1280 2891 referrem,
1306 2812 1336 2876 si
1359 2832 1394 2877 se
1417 2833 1507 2877 amor
1529 2819 1675 2896 speratus
1691 2820 1777 2878 etex
1793 2833 1864 2877 mu-

237 2922 291 2979 tno
314 2915 443 2980 debitus
466 2915 577 2980 lactari
600 2915 697 2980 laude
720 2920 894 2998 pateretur.

906 3173 1027 3238 nvrnr
1051 3172 1189 3257 (svin).

891 3328 951 3392 nn
980 3327 1204 3394 sonnnvu.
1400 3346 1409 3377 ¹

190 3518 218 3561 ro
322 3501 373 3568 Ad
403 3501 605 3567 scribendum
634 3502 745 3567 creber
773 3520 845 3566 esse
873 3500 1049 3566 voluissem
1079 3509 1111 3566 et
1141 3501 1201 3565 hoc
1230 3500 1423 3585 sperandum
1451 3520 1523 3566 esse
1546 3503 1771 3586 promiseram,
1804 3502 1862 3568 sed

237 3606 388 3673 valetudo
417 3604 476 3670 filii
506 3606 568 3671 mei
598 3604 654 3670 diu
683 3605 717 3669 in
747 3604 844 3671 dubio
866 3611 997 3670 versata
1018 3605 1228 3670 cessationem
1253 3604 1331 3668 milri
1354 3605 1395 3669 ab
1418 3603 1600 3669 huiusmodi
1622 3605 1738 3669 officiis
1760 3605 1863 3690 impe-

237 3711 331 3776 ravit.
377 3709 432 3792 qui
454 3709 510 3774 ubi
533 3708 669 3792 primum
692 3708 847 3791 suffragio
871 3706 1057 3772 salutarium
1082 3714 1275 3792 potestatum
1301 3757 1451 3772 ......
1477 3707 1583 3791 coepit
1604 3727 1783 3791 emergere,
1810 3729 1862 3773 sc-

237 3818 329 3877 cutus
351 3819 403 3878 est
422 3811 498 3877 ilico
521 3810 682 3877 scribendi
705 3830 782 3876 usus
805 3809 1019 3875 securitatem.
1067 3810 1180 3893 accipe
1202 3809 1300 3891 igitur
1322 3809 1427 3875 libens
1450 3831 1471 3875 a
1493 3832 1544 3875 me
1566 3810 1684 3876 dictam
1709 3811 1857 3891 salutem,

234 3935 330 3998 quam
352 3915 381 3979 si
403 3915 468 3979 fors
490 3920 600 3999 optata
621 3914 750 3995 iuverit,
776 3934 849 3977 mor
872 3932 1053 3995 sequemur.

188 4188 217 4231 a
927 4171 986 4235 nx
1010 4170 1164 4254 (evum.

905 4324 964 4389 An
988 4325 1186 4391 snsvrvu.

320 4497 504 4584 Opperiris,
537 4503 572 4563 ut
600 4497 772 4581 intellego,
805 4497 929 4562 litteras
958 4516 1064 4579 meaa„
1097 4496 1192 4580 quasi
1221 4496 1292 4581 ipse
1321 4496 1489 4563 familiaris
1511 4497 1609 4563 oflicii
1633 4499 1764 4583 praesul
1788 4520 1861 4566 esse

234 4623 296 4667 non
320 4602 452 4668 debeas.
499 4598 637 4667 fortasse
660 4600 857 4684 allegatione
880 4600 978 4665 moris
1001 4600 1117 4681 uteris,
1144 4599 1294 4684 quoniam
1317 4600 1479 4685 plerisque
1502 4622 1690 4685 persuasum
1715 4611 1774 4685 est,
1801 4624 1861 4669 au-

235 4704 371 4791 spicium
400 4703 603 4769 salutationis
631 4704 782 4789 profectis
811 4722 884 4769 csse
912 4702 1115 4788 capiendum.
1162 4703 1294 4769 absolvo
1324 4711 1355 4769 te
1386 4704 1627 4771 consuetudinis
1657 4706 1860 4772 observantia

188 4828 217 4869 oo
235 4817 290 4874 aut
319 4808 391 4891 lege
420 4806 583 4893 pigritias.
630 4808 709 4872 satis
739 4806 801 4873 crit
828 4805 908 4871 mihi
936 4805 978 4871 ad
1005 4806 1133 4891 plenam
1156 4806 1424 4890 satisfactionem,
1459 4807 1485 4872 si
1509 4816 1677 4875 aversatus
1700 4809 1860 4875 scribendi

233 4931 388 4996 occupare
410 4910 603 4997 principium
625 4910 740 4976 saltem
764 4909 909 4993 sequaris
932 4909 1127 4995 exemplum.

319 5207 401 5257 2om.
417 5209 440 5255 Γ
542 5202 721 5273 3Romulum]
741 5207 782 5254 lt·
797 5202 834 5252 F2
937 5207 1045 5254 accelero
1064 5201 1102 5252 F³
1205 5218 1249 5265 ego
1267 5209 1321 5266 port
1338 5206 1432 5253 retines
1450 5218 1498 5254 om.
1515 5205 1550 5252 F¹
1655 5203 1855 5273 persorraru]11,

234 5307 352 5355 personas
372 5290 439 5354 ΓΝ,
458 5309 506 5343 om.
523 5292 557 5340 F¹
696 5293 774 5355 patris
793 5288 837 5353 sl,
857 5307 907 5342 om.
923 5289 961 5339 Γ3
1116 5290 1131 5339 5
1151 5292 1222 5339 noble
1241 5290 1278 5337 sl
1417 5288 1572 5357 retentatur]
1591 5292 1633 5353 II,
1660 5294 1785 5341 retinetur
1804 5294 1825 5339 F

233 5374 321 5445 etlam]
338 5385 366 5426 et
383 5377 421 5427 1³2
552 5382 627 5429 etlam
646 5380 709 5428 milri
728 5375 766 5427 Γθ
895 5376 966 5445 tuus]
985 5378 1100 5442 Lyprlrsr‚
1120 5384 1225 5426 mutnus
1246 5375 1289 5439 1⁹2,
1311 5379 1410 5427 inultus
1429 5375 1477 5438 sl,
1498 5393 1590 5426 munus
1609 5379 1632 5425 F
1638 5378 1645 5414 ¹
1785 5378 1801 5427 6
1820 5386 1859 5428 est

234 5467 328 5514 tuatlo
347 5462 395 5529 Fl,
415 5467 508 5514 taxatio
526 5467 569 5514 uel
586 5467 741 5515 existlmstio
760 5471 800 5514 est
818 5463 857 5513 ΓΒ
978 5461 1055 5532 milri]
1073 5465 1133 5528 (H),
1154 5465 1242 5514 cml*
1352 5466 1424 5514 credo
1443 5464 1479 5510 ΓΙ
1603 5465 1680 5513 ltuo
1698 5479 1746 5513 om.
1763 5461 1824 5512 W

233 5553 350 5601 romldolo
368 5551 404 5599 F¹
509 5552 525 5602 8
544 5553 601 5601 uale
618 5567 666 5601 om.
683 5546 720 5599 Fi

319 5638 351 5688 12
369 5640 400 5687 ad
417 5641 584 5700 aegrltudlnls
601 5638 801 5699 magnitudinem
821 5635 847 5685 Γ
964 5639 1042 5687 rediit
1059 5652 1120 5686 corr.
1142 5653 1172 5686 ea
1190 5638 1284 5687 rediret
1302 5636 1328 5686 Γ
1434 5639 1462 5685 ln
1480 5651 1527 5687 om.
1544 5635 1571 5685 Γ
1690 5636 1720 5686 13
1739 5638 1857 5686 dlulduae

232 5738 293 5774 corr.
313 5739 342 5774 ere
359 5725 450 5774 dlnlels
468 5723 494 5774 Γ
596 5725 626 5774 14
645 5721 748 5791 sensus]
767 5723 819 5789 (Γ),
839 5739 901 5774 neas
920 5725 969 5788 (Π)
1076 5724 1107 5773 16
1125 5726 1216 5786 gratlas
1234 5722 1278 5788 (Γ)
1386 5723 1416 5772 Π
1435 5720 1549 5789 debitus]
1567 5721 1597 5784 Γ,
1618 5738 1665 5772 om.
1681 5723 1732 5787 (Π)

317 5798 521 5874 22'potestatnm
539 5813 621 5874 coepit
639 5810 698 5874 (11),
718 5813 820 5873 supple:
839 5827 853 5861 e
871 5811 984 5873 periculo
1001 5812 1039 5859 vel
1057 5812 1135 5859 slmlle
1154 5811 1212 5872 qaid

1886 1026 1920 1089 F

1887 2130 1923 2188 ll
