<?xml version="1.0" encoding="UTF-8"?>
<!DOCTYPE html PUBLIC "-//W3C//DTD XHTML 1.0 Transitional//EN"
    "http://www.w3.org/TR/xhtml1/DTD/xhtml1-transitional.dtd">
<html xmlns="http://www.w3.org/1999/xhtml" xml:lang="en" lang="en">
 <head>
  <title>
</title>
<meta http-equiv="Content-Type" content="text/html;charset=utf-8" />
  <meta name='ocr-system' content='tesseract 3.04.00' />
  <meta name='ocr-capabilities' content='ocr_page ocr_carea ocr_par ocr_line ocrx_word'/>
</head>
<body>
  <div class='ocr_page' id='page_1' title='image "./qaureliisymmach00seecgoog_0124.png"; bbox 0 0 4722 6470; ppageno 0'>
   <div class='ocr_carea' id='block_1_1' title="bbox 866 461 1859 534">
    <p class='ocr_par' dir='ltr' id='par_1_1' title="bbox 866 461 1859 534">
     <span class='ocr_line' id='line_1_1' title="bbox 866 461 1859 534; baseline -0.002 -17"><span class='ocrx_word' id='word_1_1' title='bbox 866 461 1221 518; x_wconf 80' lang='lat' dir='ltr'><strong>nsnrnsvmuvn.</strong></span> <span class='ocrx_word' id='word_1_2' title='bbox 1739 466 1859 534; x_wconf 79' lang='lat' dir='ltr'><strong>cxvii</strong></span> 
     </span>
    </p>
   </div>
   <div class='ocr_carea' id='block_1_2' title="bbox 230 687 1868 1376">
    <p class='ocr_par' dir='ltr' id='par_1_2' title="bbox 230 687 1868 1376">
     <span class='ocr_line' id='line_1_2' title="bbox 233 687 1859 775; baseline 0.001 -20"><span class='ocrx_word' id='word_1_3' title='bbox 233 689 404 755; x_wconf 81' lang='lat' dir='ltr'><strong>instrmtns</strong></span> <span class='ocrx_word' id='word_1_4' title='bbox 432 708 537 772; x_wconf 90' lang='lat' dir='ltr'><strong>neque</strong></span> <span class='ocrx_word' id='word_1_5' title='bbox 567 694 674 754; x_wconf 87' lang='lat' dir='ltr'><strong>tamen</strong></span> <span class='ocrx_word' id='word_1_6' title='bbox 703 687 1011 772; x_wconf 81' lang='lat' dir='ltr'><strong>Constantinopolim</strong></span> <span class='ocrx_word' id='word_1_7' title='bbox 1045 687 1264 773; x_wconf 69' lang='lat' dir='ltr'><strong>pervenit⁶²²t</strong></span> <span class='ocrx_word' id='word_1_8' title='bbox 1311 707 1385 753; x_wconf 86' lang='lat' dir='ltr'><strong>nam</strong></span> <span class='ocrx_word' id='word_1_9' title='bbox 1418 709 1439 754; x_wconf 92' lang='lat' dir='ltr'><strong>a</strong></span> <span class='ocrx_word' id='word_1_10' title='bbox 1471 695 1577 773; x_wconf 86' lang='lat' dir='ltr'><strong>patre,</strong></span> <span class='ocrx_word' id='word_1_11' title='bbox 1616 689 1671 773; x_wconf 89' lang='lat' dir='ltr'><strong>qui</strong></span> <span class='ocrx_word' id='word_1_12' title='bbox 1705 688 1859 775; x_wconf 80' lang='lat' dir='ltr'><strong>praefecti</strong></span> 
     </span>
     <span class='ocr_line' id='line_1_3' title="bbox 233 807 1860 894; baseline 0.001 -20"><span class='ocrx_word' id='word_1_13' title='bbox 233 829 362 874; x_wconf 88' lang='lat' dir='ltr'><strong>munere</strong></span> <span class='ocrx_word' id='word_1_14' title='bbox 386 817 521 894; x_wconf 78' lang='lat' dir='ltr'>cogente</span> <span class='ocrx_word' id='word_1_15' title='bbox 542 808 608 874; x_wconf 91' lang='lat' dir='ltr'><strong>iam</strong></span> <span class='ocrx_word' id='word_1_16' title='bbox 629 808 663 873; x_wconf 94' lang='lat' dir='ltr'><strong>in</strong></span> <span class='ocrx_word' id='word_1_17' title='bbox 685 808 787 874; x_wconf 91' lang='lat' dir='ltr'><strong>limite</strong></span> <span class='ocrx_word' id='word_1_18' title='bbox 809 807 994 893; x_wconf 80' lang='lat' dir='ltr'>Illyriciano</span> <span class='ocrx_word' id='word_1_19' title='bbox 1017 807 1128 874; x_wconf 89' lang='lat' dir='ltr'><strong>sedem</strong></span> <span class='ocrx_word' id='word_1_20' title='bbox 1154 807 1284 889; x_wconf 86' lang='lat' dir='ltr'><strong>fixerat,</strong></span> <span class='ocrx_word' id='word_1_21' title='bbox 1318 814 1461 875; x_wconf 87' lang='lat' dir='ltr'><strong>retentus</strong></span> <span class='ocrx_word' id='word_1_22' title='bbox 1491 815 1556 890; x_wconf 89' lang='lat' dir='ltr'><strong>est,</strong></span> <span class='ocrx_word' id='word_1_23' title='bbox 1588 828 1690 893; x_wconf 90' lang='lat' dir='ltr'><strong>usque</strong></span> <span class='ocrx_word' id='word_1_24' title='bbox 1720 810 1796 876; x_wconf 92' lang='lat' dir='ltr'><strong>dum</strong></span> <span class='ocrx_word' id='word_1_25' title='bbox 1826 809 1860 876; x_wconf 93' lang='lat' dir='ltr'><strong>in</strong></span> 
     </span>
     <span class='ocr_line' id='line_1_4' title="bbox 232 928 1868 1015; baseline 0.001 -22"><span class='ocrx_word' id='word_1_26' title='bbox 232 929 429 1014; x_wconf 86' lang='lat' dir='ltr'><strong>provinciam</strong></span> <span class='ocrx_word' id='word_1_27' title='bbox 457 929 587 1013; x_wconf 81' lang='lat' dir='ltr'>Asiam,</span> <span class='ocrx_word' id='word_1_28' title='bbox 624 948 721 1012; x_wconf 89' lang='lat' dir='ltr'><strong>quam</strong></span> <span class='ocrx_word' id='word_1_29' title='bbox 750 928 972 1014; x_wconf 74' lang='lat' dir='ltr'><strong>proconsulari</strong></span> <span class='ocrx_word' id='word_1_30' title='bbox 1000 928 1069 994; x_wconf 93' lang='lat' dir='ltr'><strong>inre</strong></span> <span class='ocrx_word' id='word_1_31' title='bbox 1098 928 1274 1011; x_wconf 82' lang='lat' dir='ltr'><strong>regendam</strong></span> <span class='ocrx_word' id='word_1_32' title='bbox 1307 936 1492 1014; x_wconf 86' lang='lat' dir='ltr'><strong>acceperat,</strong></span> <span class='ocrx_word' id='word_1_33' title='bbox 1529 930 1868 1015; x_wconf 58' lang='lat' dir='ltr'><strong>processeramus.-</strong></span> 
     </span>
     <span class='ocr_line' id='line_1_5' title="bbox 230 1048 1860 1135; baseline 0.001 -20"><span class='ocrx_word' id='word_1_34' title='bbox 230 1048 339 1133; x_wconf 84' lang='lat' dir='ltr'><strong>itaque</strong></span> <span class='ocrx_word' id='word_1_35' title='bbox 362 1049 395 1114; x_wconf 92' lang='lat' dir='ltr'><strong>d.</strong></span> <span class='ocrx_word' id='word_1_36' title='bbox 417 1054 454 1113; x_wconf 87' lang='grc'><strong>14</strong></span> <span class='ocrx_word' id='word_1_37' title='bbox 470 1050 563 1115; x_wconf 86' lang='lat' dir='ltr'><strong>Mart.</strong></span> <span class='ocrx_word' id='word_1_38' title='bbox 589 1069 620 1115; x_wconf 91' lang='lat' dir='ltr'><strong>a.</strong></span> <span class='ocrx_word' id='word_1_39' title='bbox 647 1051 710 1115; x_wconf 85' lang='lat'><strong>383</strong></span> <span class='ocrx_word' id='word_1_40' title='bbox 733 1050 867 1115; x_wconf 89' lang='lat' dir='ltr'><strong>Romam</strong></span> <span class='ocrx_word' id='word_1_41' title='bbox 890 1067 1038 1115; x_wconf 82' lang='lat' dir='ltr'><strong>reversus</strong></span> <span class='ocrx_word' id='word_1_42' title='bbox 1061 1055 1111 1114; x_wconf 89' lang='lat' dir='ltr'><strong>est</strong></span> <span class='ocrx_word' id='word_1_43' title='bbox 1132 1048 1249 1131; x_wconf 92' lang='lat' dir='ltr'><strong>dieque</strong></span> <span class='ocrx_word' id='word_1_44' title='bbox 1275 1054 1314 1114; x_wconf 91' lang='lat'><strong>10</strong></span> <span class='ocrx_word' id='word_1_45' title='bbox 1336 1049 1414 1115; x_wconf 87' lang='lat' dir='ltr'><strong>liei.</strong></span> <span class='ocrx_word' id='word_1_46' title='bbox 1439 1050 1625 1135; x_wconf 87' lang='lat' dir='ltr'><strong>provinciae</strong></span> <span class='ocrx_word' id='word_1_47' title='bbox 1653 1050 1860 1117; x_wconf 91' lang='lat' dir='ltr'><strong>administra-</strong></span> 
     </span>
     <span class='ocr_line' id='line_1_6' title="bbox 231 1168 1859 1255; baseline 0.001 -20"><span class='ocrx_word' id='word_1_48' title='bbox 231 1170 347 1236; x_wconf 83' lang='lat' dir='ltr'><strong>tionem</strong></span> <span class='ocrx_word' id='word_1_49' title='bbox 370 1170 437 1235; x_wconf 87' lang='lat' dir='ltr'><strong>iam</strong></span> <span class='ocrx_word' id='word_1_50' title='bbox 460 1170 717 1253; x_wconf 65' lang='lat' dir='ltr'><strong>susceperuut).</strong></span> <span class='ocrx_word' id='word_1_51' title='bbox 764 1188 860 1250; x_wconf 89' lang='lat' dir='ltr'><strong>quam</strong></span> <span class='ocrx_word' id='word_1_52' title='bbox 882 1189 923 1234; x_wconf 92' lang='lat' dir='ltr'><strong>ne</strong></span> <span class='ocrx_word' id='word_1_53' title='bbox 945 1168 1001 1233; x_wconf 90' lang='lat' dir='ltr'><strong>diu</strong></span> <span class='ocrx_word' id='word_1_54' title='bbox 1022 1176 1164 1251; x_wconf 86' lang='lat' dir='ltr'><strong>teneret,</strong></span> <span class='ocrx_word' id='word_1_55' title='bbox 1197 1169 1300 1255; x_wconf 89' lang='lat' dir='ltr'><strong>ipsius</strong></span> <span class='ocrx_word' id='word_1_56' title='bbox 1322 1170 1429 1236; x_wconf 86' lang='lat' dir='ltr'><strong>fervor</strong></span> <span class='ocrx_word' id='word_1_57' title='bbox 1449 1169 1602 1237; x_wconf 86' lang='lat' dir='ltr'><strong>iuuenilis</strong></span> <span class='ocrx_word' id='word_1_58' title='bbox 1626 1170 1750 1251; x_wconf 79' lang='lat' dir='ltr'><strong>effecit3</strong></span> <span class='ocrx_word' id='word_1_59' title='bbox 1783 1191 1859 1236; x_wconf 90' lang='lat' dir='ltr'><strong>num</strong></span> 
     </span>
     <span class='ocr_line' id='line_1_7' title="bbox 231 1288 1860 1376; baseline 0.001 -20"><span class='ocrx_word' id='word_1_60' title='bbox 231 1291 278 1356; x_wconf 90' lang='lat' dir='ltr'><strong>ira</strong></span> <span class='ocrx_word' id='word_1_61' title='bbox 300 1297 476 1357; x_wconf 89' lang='lat' dir='ltr'><strong>commotus</strong></span> <span class='ocrx_word' id='word_1_62' title='bbox 499 1288 702 1355; x_wconf 91' lang='lat' dir='ltr'><strong>decurionem</strong></span> <span class='ocrx_word' id='word_1_63' title='bbox 726 1296 835 1354; x_wconf 89' lang='lat' dir='ltr'><strong>contra</strong></span> <span class='ocrx_word' id='word_1_64' title='bbox 857 1289 1031 1356; x_wconf 78' lang='lat' dir='ltr'>Theodosii</span> <span class='ocrx_word' id='word_1_65' title='bbox 1053 1289 1310 1356; x_wconf 90' lang='lat' dir='ltr'><strong>constitutionem</strong></span> <span class='ocrx_word' id='word_1_66' title='bbox 1331 1290 1495 1357; x_wconf 85' lang='lat' dir='ltr'><strong>verberari</strong></span> <span class='ocrx_word' id='word_1_67' title='bbox 1516 1291 1625 1373; x_wconf 88' lang='lat' dir='ltr'><strong>iussit,</strong></span> <span class='ocrx_word' id='word_1_68' title='bbox 1652 1292 1860 1376; x_wconf 83' lang='lat' dir='ltr'><strong>magistratu-</strong></span> 
     </span>
    </p>
   </div>
   <div class='ocr_carea' id='block_1_3' title="bbox 231 1409 1958 1498">
    <p class='ocr_par' dir='ltr' id='par_1_3' title="bbox 231 1409 1958 1498">
     <span class='ocr_line' id='line_1_8' title="bbox 231 1409 1958 1498; baseline 0 -22"><span class='ocrx_word' id='word_1_69' title='bbox 231 1432 291 1496; x_wconf 86' lang='lat' dir='ltr'><strong>que</strong></span> <span class='ocrx_word' id='word_1_70' title='bbox 313 1418 432 1477; x_wconf 85' lang='lat' dir='ltr'><strong>exutus</strong></span> <span class='ocrx_word' id='word_1_71' title='bbox 453 1431 589 1496; x_wconf 92' lang='lat' dir='ltr'><strong>poenam</strong></span> <span class='ocrx_word' id='word_1_72' title='bbox 612 1411 694 1494; x_wconf 83' lang='lat' dir='ltr'><strong>legis</strong></span> <span class='ocrx_word' id='word_1_73' title='bbox 717 1410 796 1494; x_wconf 82' lang='lat' dir='ltr'><strong>fuga</strong></span> <span class='ocrx_word' id='word_1_74' title='bbox 819 1410 916 1477; x_wconf 90' lang='lat' dir='ltr'><strong>celeri</strong></span> <span class='ocrx_word' id='word_1_75' title='bbox 938 1409 994 1475; x_wconf 82' lang='lat' dir='ltr'><strong>viu</strong></span> <span class='ocrx_word' id='word_1_76' title='bbox 1016 1410 1120 1476; x_wconf 89' lang='lat' dir='ltr'><strong>evasit</strong></span> <span class='ocrx_word' id='word_1_77' title='bbox 1129 1414 1197 1493; x_wconf 71' lang='grc'><strong>95).</strong></span> <span class='ocrx_word' id='word_1_78' title='bbox 1243 1410 1302 1476; x_wconf 88' lang='lat' dir='ltr'><strong>filii</strong></span> <span class='ocrx_word' id='word_1_79' title='bbox 1324 1417 1430 1477; x_wconf 87' lang='lat' dir='ltr'><strong>autem</strong></span> <span class='ocrx_word' id='word_1_80' title='bbox 1454 1429 1549 1477; x_wconf 87' lang='lat' dir='ltr'><strong>casus</strong></span> <span class='ocrx_word' id='word_1_81' title='bbox 1578 1417 1703 1498; x_wconf 88' lang='lat' dir='ltr'><strong>patrem</strong></span> <span class='ocrx_word' id='word_1_82' title='bbox 1733 1432 1860 1497; x_wconf 90' lang='lat' dir='ltr'><strong>quoque</strong></span> <span class='ocrx_word' id='word_1_83' title='bbox 1949 1451 1958 1462; x_wconf 79' lang='lat'><em>-</em></span> 
     </span>
    </p>
   </div>
   <div class='ocr_carea' id='block_1_4' title="bbox 230 1530 1861 2823">
    <p class='ocr_par' dir='ltr' id='par_1_4' title="bbox 232 1530 1860 1978">
     <span class='ocr_line' id='line_1_9' title="bbox 232 1530 1859 1616; baseline -0.001 -18"><span class='ocrx_word' id='word_1_84' title='bbox 232 1531 367 1598; x_wconf 80' lang='lat' dir='ltr'>traxisse</span> <span class='ocrx_word' id='word_1_85' title='bbox 390 1531 531 1603; x_wconf 84' lang='lat' dir='ltr'><strong>videtur:</strong></span> <span class='ocrx_word' id='word_1_86' title='bbox 566 1552 639 1597; x_wconf 90' lang='lat' dir='ltr'><strong>nam</strong></span> <span class='ocrx_word' id='word_1_87' title='bbox 662 1551 735 1597; x_wconf 91' lang='lat' dir='ltr'><strong>cum</strong></span> <span class='ocrx_word' id='word_1_88' title='bbox 757 1530 863 1596; x_wconf 89' lang='lat' dir='ltr'><strong>hieme</strong></span> <span class='ocrx_word' id='word_1_89' title='bbox 886 1552 917 1597; x_wconf 88' lang='lat' dir='ltr'><strong>a.</strong></span> <span class='ocrx_word' id='word_1_90' title='bbox 944 1530 1041 1616; x_wconf 79' lang='grc'>382)3</span> <span class='ocrx_word' id='word_1_91' title='bbox 1065 1531 1298 1616; x_wconf 81' lang='lat' dir='ltr'><strong>praefecturam</strong></span> <span class='ocrx_word' id='word_1_92' title='bbox 1320 1530 1448 1614; x_wconf 89' lang='lat' dir='ltr'><strong>inisset,</strong></span> <span class='ocrx_word' id='word_1_93' title='bbox 1473 1531 1539 1598; x_wconf 89' lang='lat' dir='ltr'><strong>iarn</strong></span> <span class='ocrx_word' id='word_1_94' title='bbox 1562 1534 1744 1615; x_wconf 73' lang='lat' dir='ltr'><strong>aestatc⁵⁷⁶l</strong></span> <span class='ocrx_word' id='word_1_95' title='bbox 1771 1532 1859 1598; x_wconf 88' lang='lat' dir='ltr'><strong>siue-</strong></span> 
     </span>
     <span class='ocr_line' id='line_1_10' title="bbox 233 1650 1859 1737; baseline 0.001 -21"><span class='ocrx_word' id='word_1_96' title='bbox 233 1651 304 1718; x_wconf 90' lang='lat' dir='ltr'><strong>dem</strong></span> <span class='ocrx_word' id='word_1_97' title='bbox 330 1652 409 1718; x_wconf 89' lang='lat' dir='ltr'><strong>unni</strong></span> <span class='ocrx_word' id='word_1_98' title='bbox 436 1651 470 1717; x_wconf 93' lang='lat' dir='ltr'><strong>in</strong></span> <span class='ocrx_word' id='word_1_99' title='bbox 493 1650 691 1737; x_wconf 82' lang='lat' dir='ltr'><strong>Campaniae</strong></span> <span class='ocrx_word' id='word_1_100' title='bbox 719 1650 902 1717; x_wconf 87' lang='lat' dir='ltr'><strong>secessibus</strong></span> <span class='ocrx_word' id='word_1_101' title='bbox 931 1650 1076 1735; x_wconf 85' lang='lat' dir='ltr'><strong>privatus</strong></span> <span class='ocrx_word' id='word_1_102' title='bbox 1105 1651 1322 1734; x_wconf 76' lang='lat' dir='ltr'><strong>otiabatnr⁵⁷⁷l</strong></span> <span class='ocrx_word' id='word_1_103' title='bbox 1357 1671 1546 1736; x_wconf 89' lang='lat' dir='ltr'><strong>omnemque</strong></span> <span class='ocrx_word' id='word_1_104' title='bbox 1574 1652 1796 1719; x_wconf 85' lang='lat' dir='ltr'><strong>auctoritatem</strong></span> <span class='ocrx_word' id='word_1_105' title='bbox 1819 1671 1859 1718; x_wconf 93' lang='lat' dir='ltr'><strong>eo</strong></span> 
     </span>
     <span class='ocr_line' id='line_1_11' title="bbox 233 1770 1860 1858; baseline -0.001 -20"><span class='ocrx_word' id='word_1_106' title='bbox 233 1792 334 1856; x_wconf 89' lang='lat' dir='ltr'><strong>nsque</strong></span> <span class='ocrx_word' id='word_1_107' title='bbox 363 1771 566 1858; x_wconf 75' lang='lat' dir='ltr'><strong>perdiderat,</strong></span> <span class='ocrx_word' id='word_1_108' title='bbox 599 1778 635 1837; x_wconf 88' lang='lat' dir='ltr'><strong>ut</strong></span> <span class='ocrx_word' id='word_1_109' title='bbox 663 1790 703 1836; x_wconf 90' lang='lat' dir='ltr'><strong>ns</strong></span> <span class='ocrx_word' id='word_1_110' title='bbox 732 1770 768 1835; x_wconf 90' lang='lat' dir='ltr'><strong>in</strong></span> <span class='ocrx_word' id='word_1_111' title='bbox 797 1777 911 1837; x_wconf 88' lang='lat' dir='ltr'><strong>senatu</strong></span> <span class='ocrx_word' id='word_1_112' title='bbox 940 1770 1071 1854; x_wconf 88' lang='lat' dir='ltr'><strong>quidem</strong></span> <span class='ocrx_word' id='word_1_113' title='bbox 1102 1773 1203 1838; x_wconf 90' lang='lat' dir='ltr'><strong>verba</strong></span> <span class='ocrx_word' id='word_1_114' title='bbox 1225 1771 1296 1837; x_wconf 90' lang='lat' dir='ltr'><strong>eins</strong></span> <span class='ocrx_word' id='word_1_115' title='bbox 1318 1771 1417 1838; x_wconf 89' lang='lat' dir='ltr'><strong>ullius</strong></span> <span class='ocrx_word' id='word_1_116' title='bbox 1439 1772 1592 1858; x_wconf 90' lang='lat' dir='ltr'><strong>ponderis</strong></span> <span class='ocrx_word' id='word_1_117' title='bbox 1613 1773 1722 1839; x_wconf 85' lang='lat' dir='ltr'><strong>futura</strong></span> <span class='ocrx_word' id='word_1_118' title='bbox 1743 1790 1817 1839; x_wconf 92' lang='lat' dir='ltr'><strong>esse</strong></span> <span class='ocrx_word' id='word_1_119' title='bbox 1838 1793 1860 1837; x_wconf 89' lang='lat' dir='ltr'><strong>a</strong></span> 
     </span>
     <span class='ocr_line' id='line_1_12' title="bbox 234 1892 782 1978; baseline -0.005 -18"><span class='ocrx_word' id='word_1_120' title='bbox 234 1893 425 1978; x_wconf 82' lang='lat' dir='ltr'><strong>Symmacho</strong></span> <span class='ocrx_word' id='word_1_121' title='bbox 448 1892 707 1959; x_wconf 86' lang='lat' dir='ltr'><strong>existimarentur</strong></span> <span class='ocrx_word' id='word_1_122' title='bbox 715 1894 782 1975; x_wconf 71' lang='lat'><strong>⁶⁷⁸).</strong></span> 
     </span>
    </p>

    <p class='ocr_par' dir='ltr' id='par_1_5' title="bbox 230 2000 1861 2823">
     <span class='ocr_line' id='line_1_13' title="bbox 317 2000 1860 2099; baseline 0.001 -21"><span class='ocrx_word' id='word_1_123' title='bbox 317 2012 468 2078; x_wconf 82' lang='lat' dir='ltr'><strong>Flaviani</strong></span> <span class='ocrx_word' id='word_1_124' title='bbox 495 2000 641 2099; x_wconf 86' lang='lat' dir='ltr'><strong>potentia</strong></span> <span class='ocrx_word' id='word_1_125' title='bbox 668 2012 730 2079; x_wconf 91' lang='lat' dir='ltr'><strong>cito</strong></span> <span class='ocrx_word' id='word_1_126' title='bbox 759 2019 920 2093; x_wconf 87' lang='lat' dir='ltr'><strong>creverat,</strong></span> <span class='ocrx_word' id='word_1_127' title='bbox 956 2031 1028 2078; x_wconf 91' lang='lat' dir='ltr'><strong>cum</strong></span> <span class='ocrx_word' id='word_1_128' title='bbox 1056 2012 1089 2077; x_wconf 93' lang='lat' dir='ltr'><strong>in</strong></span> <span class='ocrx_word' id='word_1_129' title='bbox 1118 2014 1195 2078; x_wconf 86' lang='lat' dir='ltr'><strong>aula</strong></span> <span class='ocrx_word' id='word_1_130' title='bbox 1224 2012 1349 2099; x_wconf 88' lang='lat' dir='ltr'><strong>positus</strong></span> <span class='ocrx_word' id='word_1_131' title='bbox 1376 2013 1539 2080; x_wconf 89' lang='lat' dir='ltr'><strong>cotidiana</strong></span> <span class='ocrx_word' id='word_1_132' title='bbox 1567 2034 1639 2079; x_wconf 90' lang='lat' dir='ltr'><strong>cum</strong></span> <span class='ocrx_word' id='word_1_133' title='bbox 1668 2013 1860 2098; x_wconf 85' lang='lat' dir='ltr'><strong>imperatore</strong></span> 
     </span>
     <span class='ocr_line' id='line_1_14' title="bbox 232 2132 1861 2219; baseline -0.001 -20"><span class='ocrx_word' id='word_1_134' title='bbox 232 2134 473 2200; x_wconf 87' lang='lat' dir='ltr'><strong>conversatione</strong></span> <span class='ocrx_word' id='word_1_135' title='bbox 496 2139 648 2215; x_wconf 87' lang='lat' dir='ltr'><strong>uteretur,</strong></span> <span class='ocrx_word' id='word_1_136' title='bbox 675 2132 738 2199; x_wconf 91' lang='lat' dir='ltr'><strong>cito</strong></span> <span class='ocrx_word' id='word_1_137' title='bbox 760 2132 882 2198; x_wconf 91' lang='lat' dir='ltr'><strong>amissa</strong></span> <span class='ocrx_word' id='word_1_138' title='bbox 903 2138 982 2213; x_wconf 85' lang='lat' dir='ltr'><strong>crat,</strong></span> <span class='ocrx_word' id='word_1_139' title='bbox 1009 2151 1080 2197; x_wconf 91' lang='lat' dir='ltr'><strong>cum</strong></span> <span class='ocrx_word' id='word_1_140' title='bbox 1103 2132 1144 2198; x_wconf 93' lang='lat' dir='ltr'><strong>ab</strong></span> <span class='ocrx_word' id='word_1_141' title='bbox 1161 2153 1199 2199; x_wconf 92' lang='lat' dir='ltr'><strong>eo</strong></span> <span class='ocrx_word' id='word_1_142' title='bbox 1214 2132 1434 2200; x_wconf 85' lang='lat' dir='ltr'><strong>discessisset:</strong></span> <span class='ocrx_word' id='word_1_143' title='bbox 1461 2133 1548 2199; x_wconf 88' lang='lat' dir='ltr'><strong>vires</strong></span> <span class='ocrx_word' id='word_1_144' title='bbox 1563 2133 1744 2219; x_wconf 84' lang='lat' dir='ltr'><strong>resumpsit,</strong></span> <span class='ocrx_word' id='word_1_145' title='bbox 1771 2139 1861 2217; x_wconf 90' lang='lat' dir='ltr'><strong>post-</strong></span> 
     </span>
     <span class='ocr_line' id='line_1_15' title="bbox 232 2251 1860 2338; baseline -0.001 -19"><span class='ocrx_word' id='word_1_146' title='bbox 232 2275 326 2338; x_wconf 89' lang='lat' dir='ltr'><strong>quam</strong></span> <span class='ocrx_word' id='word_1_147' title='bbox 355 2253 497 2319; x_wconf 81' lang='lat' dir='ltr'><strong>M&#39;aximo</strong></span> <span class='ocrx_word' id='word_1_148' title='bbox 529 2253 655 2321; x_wconf 82' lang='lat' dir='ltr'><strong>devicte</strong></span> <span class='ocrx_word' id='word_1_149' title='bbox 684 2251 931 2337; x_wconf 80' lang='lat' dir='ltr'><strong>Theodosioque</strong></span> <span class='ocrx_word' id='word_1_150' title='bbox 963 2252 1082 2318; x_wconf 86' lang='lat' dir='ltr'><strong>victore</strong></span> <span class='ocrx_word' id='word_1_151' title='bbox 1111 2253 1226 2319; x_wconf 89' lang='lat' dir='ltr'><strong>Italiae</strong></span> <span class='ocrx_word' id='word_1_152' title='bbox 1254 2253 1380 2320; x_wconf 86' lang='lat' dir='ltr'><strong>inuecto</strong></span> <span class='ocrx_word' id='word_1_153' title='bbox 1411 2274 1527 2320; x_wconf 88' lang='lat' dir='ltr'><strong>novam</strong></span> <span class='ocrx_word' id='word_1_154' title='bbox 1556 2253 1758 2338; x_wconf 89' lang='lat' dir='ltr'><strong>colloquendi</strong></span> <span class='ocrx_word' id='word_1_155' title='bbox 1788 2272 1860 2319; x_wconf 91' lang='lat' dir='ltr'><strong>cum</strong></span> 
     </span>
     <span class='ocr_line' id='line_1_16' title="bbox 233 2372 1860 2461; baseline -0.001 -21"><span class='ocrx_word' id='word_1_156' title='bbox 233 2394 270 2440; x_wconf 91' lang='lat' dir='ltr'><strong>eo</strong></span> <span class='ocrx_word' id='word_1_157' title='bbox 299 2374 501 2441; x_wconf 81' lang='lat' dir='ltr'><strong>occasionem</strong></span> <span class='ocrx_word' id='word_1_158' title='bbox 531 2374 666 2441; x_wconf 87' lang='lat' dir='ltr'><strong>inuenit.</strong></span> <span class='ocrx_word' id='word_1_159' title='bbox 711 2373 821 2457; x_wconf 88' lang='lat' dir='ltr'><strong>itaque</strong></span> <span class='ocrx_word' id='word_1_160' title='bbox 849 2372 914 2439; x_wconf 91' lang='lat' dir='ltr'><strong>iam</strong></span> <span class='ocrx_word' id='word_1_161' title='bbox 943 2392 1028 2439; x_wconf 91' lang='lat' dir='ltr'><strong>anno</strong></span> <span class='ocrx_word' id='word_1_162' title='bbox 1051 2376 1113 2439; x_wconf 87' lang='grc'><strong>389</strong></span> <span class='ocrx_word' id='word_1_163' title='bbox 1143 2373 1273 2440; x_wconf 88' lang='lat' dir='ltr'><strong>ineunte</strong></span> <span class='ocrx_word' id='word_1_164' title='bbox 1303 2373 1409 2441; x_wconf 89' lang='lat' dir='ltr'><strong>denuo</strong></span> <span class='ocrx_word' id='word_1_165' title='bbox 1437 2374 1673 2459; x_wconf 85' lang='lat' dir='ltr'><strong>praefecturam</strong></span> <span class='ocrx_word' id='word_1_166' title='bbox 1701 2374 1860 2461; x_wconf 87' lang='lat' dir='ltr'><strong>praetorio</strong></span> 
     </span>
     <span class='ocr_line' id='line_1_17' title="bbox 231 2493 1861 2581; baseline -0.001 -20"><span class='ocrx_word' id='word_1_167' title='bbox 231 2516 290 2581; x_wconf 86' lang='lat' dir='ltr'><strong>per</strong></span> <span class='ocrx_word' id='word_1_168' title='bbox 310 2494 440 2561; x_wconf 89' lang='lat' dir='ltr'><strong>ltaliam</strong></span> <span class='ocrx_word' id='word_1_169' title='bbox 463 2494 669 2578; x_wconf 67' lang='lat' dir='ltr'><strong>gerebatliil,</strong></span> <span class='ocrx_word' id='word_1_170' title='bbox 695 2514 791 2578; x_wconf 90' lang='lat' dir='ltr'><strong>quam</strong></span> <span class='ocrx_word' id='word_1_171' title='bbox 813 2512 915 2576; x_wconf 85' lang='lat' dir='ltr'><strong>usque</strong></span> <span class='ocrx_word' id='word_1_172' title='bbox 936 2493 979 2560; x_wconf 92' lang='lat' dir='ltr'><strong>ad</strong></span> <span class='ocrx_word' id='word_1_173' title='bbox 1001 2499 1135 2559; x_wconf 89' lang='lat' dir='ltr'><strong>mortem</strong></span> <span class='ocrx_word' id='word_1_174' title='bbox 1157 2493 1361 2577; x_wconf 77' lang='lat' dir='ltr'><strong>retinuit⁶⁸⁰),</strong></span> <span class='ocrx_word' id='word_1_175' title='bbox 1395 2501 1428 2561; x_wconf 88' lang='lat' dir='ltr'><strong>et</strong></span> <span class='ocrx_word' id='word_1_176' title='bbox 1449 2496 1652 2561; x_wconf 88' lang='lat' dir='ltr'><strong>consulatum</strong></span> <span class='ocrx_word' id='word_1_177' title='bbox 1675 2494 1861 2580; x_wconf 86' lang='lat' dir='ltr'><strong>propediem</strong></span> 
     </span>
     <span class='ocr_line' id='line_1_18' title="bbox 232 2612 1860 2700; baseline 0 -20"><span class='ocrx_word' id='word_1_178' title='bbox 232 2615 426 2700; x_wconf 83' lang='lat' dir='ltr'><strong>expectabat</strong></span> <span class='ocrx_word' id='word_1_179' title='bbox 435 2616 501 2697; x_wconf 79' lang='lat'><strong>⁵⁸¹).</strong></span> <span class='ocrx_word' id='word_1_180' title='bbox 548 2634 652 2699; x_wconf 88' lang='lat' dir='ltr'><strong>neque</strong></span> <span class='ocrx_word' id='word_1_181' title='bbox 674 2620 782 2680; x_wconf 87' lang='lat' dir='ltr'><strong>tamen</strong></span> <span class='ocrx_word' id='word_1_182' title='bbox 811 2613 843 2679; x_wconf 89' lang='lat' dir='ltr'><strong>ei</strong></span> <span class='ocrx_word' id='word_1_183' title='bbox 873 2612 1023 2696; x_wconf 82' lang='lat' dir='ltr'><strong>contigit,</strong></span> <span class='ocrx_word' id='word_1_184' title='bbox 1057 2619 1093 2679; x_wconf 91' lang='lat' dir='ltr'><strong>nt</strong></span> <span class='ocrx_word' id='word_1_185' title='bbox 1120 2612 1162 2677; x_wconf 89' lang='lat' dir='ltr'><strong>ab</strong></span> <span class='ocrx_word' id='word_1_186' title='bbox 1192 2612 1384 2699; x_wconf 87' lang='lat' dir='ltr'><strong>imperatore</strong></span> <span class='ocrx_word' id='word_1_187' title='bbox 1414 2615 1558 2699; x_wconf 79' lang='lat' dir='ltr'><strong>legitimo</strong></span> <span class='ocrx_word' id='word_1_188' title='bbox 1588 2634 1747 2681; x_wconf 90' lang='lat' dir='ltr'><strong>summum</strong></span> <span class='ocrx_word' id='word_1_189' title='bbox 1774 2614 1860 2680; x_wconf 91' lang='lat' dir='ltr'><strong>hunc</strong></span> 
     </span>
     <span class='ocr_line' id='line_1_19' title="bbox 230 2732 1860 2823; baseline -0.001 -23"><span class='ocrx_word' id='word_1_190' title='bbox 230 2734 381 2801; x_wconf 89' lang='lat' dir='ltr'><strong>honorem</strong></span> <span class='ocrx_word' id='word_1_191' title='bbox 404 2735 572 2820; x_wconf 89' lang='lat' dir='ltr'><strong>acciperet,</strong></span> <span class='ocrx_word' id='word_1_192' title='bbox 599 2753 671 2800; x_wconf 89' lang='lat' dir='ltr'><strong>cum</strong></span> <span class='ocrx_word' id='word_1_193' title='bbox 693 2732 882 2823; x_wconf 88' lang='lat' dir='ltr'><strong>beneficium</strong></span> <span class='ocrx_word' id='word_1_194' title='bbox 905 2732 1038 2818; x_wconf 88' lang='lat' dir='ltr'><strong>inuptio</strong></span> <span class='ocrx_word' id='word_1_195' title='bbox 1052 2732 1191 2818; x_wconf 82' lang='lat' dir='ltr'><strong>Eugenii</strong></span> <span class='ocrx_word' id='word_1_196' title='bbox 1211 2734 1425 2818; x_wconf 85' lang='lat' dir='ltr'><strong>praeveniret.</strong></span> <span class='ocrx_word' id='word_1_197' title='bbox 1464 2736 1521 2821; x_wconf 90' lang='lat' dir='ltr'><strong>qui</strong></span> <span class='ocrx_word' id='word_1_198' title='bbox 1542 2735 1706 2803; x_wconf 89' lang='lat' dir='ltr'><strong>consulem</strong></span> <span class='ocrx_word' id='word_1_199' title='bbox 1729 2733 1860 2818; x_wconf 91' lang='lat' dir='ltr'><strong>quidem</strong></span> 
     </span>
    </p>
   </div>
   <div class='ocr_carea' id='block_1_5' title="bbox 231 3019 1861 3171">
    <p class='ocr_par' dir='ltr' id='par_1_6' title="bbox 231 3019 1861 3171">
     <span class='ocr_line' id='line_1_20' title="bbox 317 3019 1861 3085; baseline -0.001 -14"><span class='ocrx_word' id='word_1_200' title='bbox 317 3022 377 3084; x_wconf 85' lang='grc'>572)</span> <span class='ocrx_word' id='word_1_201' title='bbox 400 3023 442 3084; x_wconf 83' lang='grc'><strong>50,</strong></span> <span class='ocrx_word' id='word_1_202' title='bbox 463 3022 480 3072; x_wconf 86' lang='grc'><strong>4</strong></span> <span class='ocrx_word' id='word_1_203' title='bbox 504 3023 571 3085; x_wconf 70' lang='lat' dir='ltr'><strong>ritus</strong></span> <span class='ocrx_word' id='word_1_204' title='bbox 587 3026 669 3071; x_wconf 77' lang='lat' dir='ltr'><strong>netur</strong></span> <span class='ocrx_word' id='word_1_205' title='bbox 687 3022 826 3071; x_wconf 79' lang='lat' dir='ltr'><strong>Flauianus</strong></span> <span class='ocrx_word' id='word_1_206' title='bbox 844 3021 949 3069; x_wconf 80' lang='lat' dir='ltr'><strong>Remum</strong></span> <span class='ocrx_word' id='word_1_207' title='bbox 965 3020 1045 3083; x_wconf 85' lang='lat' dir='ltr'><strong>pridie</strong></span> <span class='ocrx_word' id='word_1_208' title='bbox 1062 3020 1181 3070; x_wconf 58' lang='lat' dir='ltr'><strong>&amp;duodus</strong></span> <span class='ocrx_word' id='word_1_209' title='bbox 1200 3020 1304 3071; x_wconf 75' lang='lat' dir='ltr'><strong>Martius</strong></span> <span class='ocrx_word' id='word_1_210' title='bbox 1321 3024 1390 3071; x_wconf 86' lang='lat' dir='ltr'><strong>uenit</strong></span> <span class='ocrx_word' id='word_1_211' title='bbox 1407 3026 1430 3071; x_wconf 88' lang='lat' dir='ltr'><strong>et</strong></span> <span class='ocrx_word' id='word_1_212' title='bbox 1448 3021 1515 3070; x_wconf 85' lang='lat' dir='ltr'><strong>hreui</strong></span> <span class='ocrx_word' id='word_1_213' title='bbox 1533 3024 1578 3071; x_wconf 83' lang='lat' dir='ltr'><strong>iter</strong></span> <span class='ocrx_word' id='word_1_214' title='bbox 1595 3024 1623 3070; x_wconf 88' lang='lat' dir='ltr'><strong>in</strong></span> <span class='ocrx_word' id='word_1_215' title='bbox 1642 3021 1730 3070; x_wconf 75' lang='lat' dir='ltr'><strong>Asiam</strong></span> <span class='ocrx_word' id='word_1_216' title='bbox 1747 3019 1861 3069; x_wconf 82' lang='lat' dir='ltr'><strong>secundis</strong></span> 
     </span>
     <span class='ocr_line' id='line_1_21' title="bbox 231 3108 1694 3171; baseline -0.002 -12"><span class='ocrx_word' id='word_1_217' title='bbox 231 3112 349 3171; x_wconf 79' lang='lat' dir='ltr'><strong>auspiciis</strong></span> <span class='ocrx_word' id='word_1_218' title='bbox 366 3108 484 3158; x_wconf 76' lang='lat' dir='ltr'><strong>ordietur.</strong></span> <span class='ocrx_word' id='word_1_219' title='bbox 522 3109 545 3158; x_wconf 92' lang='lat' dir='ltr'><strong>si</strong></span> <span class='ocrx_word' id='word_1_220' title='bbox 562 3109 588 3156; x_wconf 94' lang='lat' dir='ltr'><strong>lu</strong></span> <span class='ocrx_word' id='word_1_221' title='bbox 608 3109 680 3157; x_wconf 90' lang='lat' dir='ltr'><strong>litore</strong></span> <span class='ocrx_word' id='word_1_222' title='bbox 698 3109 800 3171; x_wconf 83' lang='lat' dir='ltr'><strong>Bospori</strong></span> <span class='ocrx_word' id='word_1_223' title='bbox 817 3109 918 3169; x_wconf 84' lang='lat' dir='ltr'><strong>inisset,</strong></span> <span class='ocrx_word' id='word_1_224' title='bbox 938 3121 988 3157; x_wconf 90' lang='lat' dir='ltr'><strong>nau</strong></span> <span class='ocrx_word' id='word_1_225' title='bbox 1006 3109 1108 3156; x_wconf 86' lang='lat' dir='ltr'><strong>Romam</strong></span> <span class='ocrx_word' id='word_1_226' title='bbox 1126 3109 1269 3170; x_wconf 83' lang='lat' dir='ltr'><strong>repetisset,</strong></span> <span class='ocrx_word' id='word_1_227' title='bbox 1290 3110 1364 3157; x_wconf 89' lang='lat' dir='ltr'><strong>utin</strong></span> <span class='ocrx_word' id='word_1_228' title='bbox 1382 3109 1468 3157; x_wconf 82' lang='lat' dir='ltr'><strong>Asiam</strong></span> <span class='ocrx_word' id='word_1_229' title='bbox 1486 3109 1694 3170; x_wconf 75' lang='lat' dir='ltr'><strong>proficisceretur.</strong></span> 
     </span>
    </p>
   </div>
   <div class='ocr_carea' id='block_1_6' title="bbox 229 3200 1862 3705">
    <p class='ocr_par' dir='ltr' id='par_1_7' title="bbox 229 3200 1862 3613">
     <span class='ocr_line' id='line_1_22' title="bbox 317 3200 1862 3267; baseline -0.002 -14"><span class='ocrx_word' id='word_1_230' title='bbox 317 3204 378 3267; x_wconf 92' lang='grc'>573)</span> <span class='ocrx_word' id='word_1_231' title='bbox 400 3205 442 3267; x_wconf 91' lang='grc'>48,</span> <span class='ocrx_word' id='word_1_232' title='bbox 463 3202 497 3255; x_wconf 86' lang='grc'><strong>22</strong></span> <span class='ocrx_word' id='word_1_233' title='bbox 514 3217 546 3252; x_wconf 87' lang='lat' dir='ltr'><strong>en</strong></span> <span class='ocrx_word' id='word_1_234' title='bbox 563 3203 606 3253; x_wconf 85' lang='lat' dir='ltr'><strong>tihi</strong></span> <span class='ocrx_word' id='word_1_235' title='bbox 623 3204 703 3266; x_wconf 72' lang='lat' dir='ltr'><strong>{titum</strong></span> <span class='ocrx_word' id='word_1_236' title='bbox 720 3209 842 3265; x_wconf 85' lang='lat' dir='ltr'><strong>nostrum,</strong></span> <span class='ocrx_word' id='word_1_237' title='bbox 861 3218 932 3267; x_wconf 75' lang='lat' dir='ltr'><strong>quem</strong></span> <span class='ocrx_word' id='word_1_238' title='bbox 950 3204 1042 3253; x_wconf 78' lang='lat' dir='ltr'><strong>eolasio</strong></span> <span class='ocrx_word' id='word_1_239' title='bbox 1059 3202 1224 3264; x_wconf 78' lang='lat' dir='ltr'><strong>decerpsimus</strong></span> <span class='ocrx_word' id='word_1_240' title='bbox 1241 3207 1333 3267; x_wconf 88' lang='lat' dir='ltr'><strong>nostra,</strong></span> <span class='ocrx_word' id='word_1_241' title='bbox 1353 3203 1414 3252; x_wconf 90' lang='lat' dir='ltr'><strong>dum</strong></span> <span class='ocrx_word' id='word_1_242' title='bbox 1431 3203 1549 3253; x_wconf 84' lang='lat' dir='ltr'><strong>desiderio</strong></span> <span class='ocrx_word' id='word_1_243' title='bbox 1561 3209 1603 3252; x_wconf 87' lang='lat' dir='ltr'><strong>tuo</strong></span> <span class='ocrx_word' id='word_1_244' title='bbox 1614 3202 1729 3253; x_wconf 84' lang='lat' dir='ltr'><strong>cedimus.</strong></span> <span class='ocrx_word' id='word_1_245' title='bbox 1762 3200 1862 3250; x_wconf 87' lang='lat' dir='ltr'><strong>tandem</strong></span> 
     </span>
     <span class='ocr_line' id='line_1_23' title="bbox 231 3287 1862 3352; baseline -0.003 -11"><span class='ocrx_word' id='word_1_246' title='bbox 231 3292 314 3352; x_wconf 72' lang='lat' dir='ltr'><strong>fultus</strong></span> <span class='ocrx_word' id='word_1_247' title='bbox 332 3304 391 3341; x_wconf 80' lang='lat' dir='ltr'><strong>suro</strong></span> <span class='ocrx_word' id='word_1_248' title='bbox 409 3293 529 3340; x_wconf 76' lang='lat' dir='ltr'><strong>levamine</strong></span> <span class='ocrx_word' id='word_1_249' title='bbox 546 3289 599 3339; x_wconf 88' lang='lat' dir='ltr'><strong>redi</strong></span> <span class='ocrx_word' id='word_1_250' title='bbox 617 3294 644 3339; x_wconf 90' lang='lat' dir='ltr'><strong>in</strong></span> <span class='ocrx_word' id='word_1_251' title='bbox 661 3293 769 3351; x_wconf 70' lang='lat' dir='ltr'><strong>qratiam</strong></span> <span class='ocrx_word' id='word_1_252' title='bbox 786 3305 843 3338; x_wconf 89' lang='lat' dir='ltr'><strong>eum</strong></span> <span class='ocrx_word' id='word_1_253' title='bbox 857 3292 938 3352; x_wconf 85' lang='lat' dir='ltr'><strong>priore</strong></span> <span class='ocrx_word' id='word_1_254' title='bbox 956 3291 1060 3339; x_wconf 82' lang='lat' dir='ltr'><strong>laetitia.</strong></span> <span class='ocrx_word' id='word_1_255' title='bbox 1098 3288 1141 3338; x_wconf 88' lang='lat' dir='ltr'><strong>red</strong></span> <span class='ocrx_word' id='word_1_256' title='bbox 1158 3293 1180 3338; x_wconf 90' lang='lat' dir='ltr'><strong>si</strong></span> <span class='ocrx_word' id='word_1_257' title='bbox 1198 3287 1293 3338; x_wconf 81' lang='lat' dir='ltr'><strong>accedis</strong></span> <span class='ocrx_word' id='word_1_258' title='bbox 1310 3293 1445 3340; x_wconf 87' lang='lat' dir='ltr'><strong>sententiae</strong></span> <span class='ocrx_word' id='word_1_259' title='bbox 1462 3304 1542 3351; x_wconf 74' lang='lat' dir='ltr'><strong>nune,</strong></span> <span class='ocrx_word' id='word_1_260' title='bbox 1563 3290 1605 3338; x_wconf 85' lang='lat' dir='ltr'><strong>uhi</strong></span> <span class='ocrx_word' id='word_1_261' title='bbox 1620 3292 1732 3351; x_wconf 86' lang='lat' dir='ltr'><strong>primum</strong></span> <span class='ocrx_word' id='word_1_262' title='bbox 1749 3291 1862 3338; x_wconf 88' lang='lat' dir='ltr'><strong>animum</strong></span> 
     </span>
     <span class='ocr_line' id='line_1_24' title="bbox 229 3374 1862 3440; baseline -0.003 -13"><span class='ocrx_word' id='word_1_263' title='bbox 229 3384 362 3440; x_wconf 84' lang='lat' dir='ltr'><strong>paternuru</strong></span> <span class='ocrx_word' id='word_1_264' title='bbox 383 3379 440 3425; x_wconf 81' lang='lat' dir='ltr'><strong>uisu</strong></span> <span class='ocrx_word' id='word_1_265' title='bbox 459 3378 570 3438; x_wconf 82' lang='lat' dir='ltr'><strong>ptpnerta</strong></span> <span class='ocrx_word' id='word_1_266' title='bbox 593 3375 697 3436; x_wconf 69' lang='lat' dir='ltr'><strong>soumis,</strong></span> <span class='ocrx_word' id='word_1_267' title='bbox 722 3377 797 3426; x_wconf 86' lang='lat' dir='ltr'><strong>utilia</strong></span> <span class='ocrx_word' id='word_1_268' title='bbox 814 3381 935 3436; x_wconf 78' lang='lat' dir='ltr'><strong>antepone</strong></span> <span class='ocrx_word' id='word_1_269' title='bbox 954 3374 1070 3425; x_wconf 78' lang='lat' dir='ltr'><strong>iucundis</strong></span> <span class='ocrx_word' id='word_1_270' title='bbox 1088 3377 1247 3439; x_wconf 80' lang='lat' dir='ltr'><strong>iuvenemque</strong></span> <span class='ocrx_word' id='word_1_271' title='bbox 1264 3381 1378 3426; x_wconf 74' lang='lat' dir='ltr'><strong>nortmm</strong></span> <span class='ocrx_word' id='word_1_272' title='bbox 1395 3376 1429 3425; x_wconf 90' lang='lat' dir='ltr'><strong>ad</strong></span> <span class='ocrx_word' id='word_1_273' title='bbox 1445 3377 1529 3425; x_wconf 70' lang='lat' dir='ltr'><strong>amites</strong></span> <span class='ocrx_word' id='word_1_274' title='bbox 1545 3378 1625 3440; x_wconf 75' lang='lat' dir='ltr'><strong>sassa</strong></span> <span class='ocrx_word' id='word_1_275' title='bbox 1641 3374 1760 3425; x_wconf 81' lang='lat' dir='ltr'><strong>contende</strong></span> <span class='ocrx_word' id='word_1_276' title='bbox 1777 3374 1862 3423; x_wconf 86' lang='lat' dir='ltr'><strong>dimit-</strong></span> 
     </span>
     <span class='ocr_line' id='line_1_25' title="bbox 231 3460 1860 3526; baseline -0.003 -13"><span class='ocrx_word' id='word_1_277' title='bbox 231 3471 287 3515; x_wconf 86' lang='lat' dir='ltr'><strong>tere.</strong></span> <span class='ocrx_word' id='word_1_278' title='bbox 327 3478 375 3526; x_wconf 80' lang='lat' dir='ltr'><strong>pue</strong></span> <span class='ocrx_word' id='word_1_279' title='bbox 392 3462 437 3511; x_wconf 85' lang='lat' dir='ltr'><strong>tihi</strong></span> <span class='ocrx_word' id='word_1_280' title='bbox 454 3465 482 3511; x_wconf 91' lang='lat' dir='ltr'><strong>in</strong></span> <span class='ocrx_word' id='word_1_281' title='bbox 498 3466 585 3512; x_wconf 71' lang='lat' dir='ltr'><strong>earam</strong></span> <span class='ocrx_word' id='word_1_282' title='bbox 602 3476 643 3511; x_wconf 82' lang='lat' dir='ltr'><strong>cor</strong></span> <span class='ocrx_word' id='word_1_283' title='bbox 660 3464 765 3512; x_wconf 81' lang='lat' dir='ltr'><strong>anetum</strong></span> <span class='ocrx_word' id='word_1_284' title='bbox 782 3462 812 3510; x_wconf 80' lang='lat' dir='ltr'><strong>rie</strong></span> <span class='ocrx_word' id='word_1_285' title='bbox 829 3461 944 3512; x_wconf 75' lang='lat' dir='ltr'><strong>ducturi</strong></span> <span class='ocrx_word' id='word_1_286' title='bbox 978 3460 1023 3523; x_wconf 88' lang='grc'><strong>49,</strong></span> <span class='ocrx_word' id='word_1_287' title='bbox 1045 3461 1075 3512; x_wconf 92' lang='grc'><strong>18</strong></span> <span class='ocrx_word' id='word_1_288' title='bbox 1100 3462 1142 3510; x_wconf 85' lang='lat' dir='ltr'><strong>sed</strong></span> <span class='ocrx_word' id='word_1_289' title='bbox 1160 3465 1210 3510; x_wconf 87' lang='lat' dir='ltr'><strong>ium</strong></span> <span class='ocrx_word' id='word_1_290' title='bbox 1228 3467 1323 3524; x_wconf 87' lang='lat' dir='ltr'><strong>tempus</strong></span> <span class='ocrx_word' id='word_1_291' title='bbox 1340 3466 1391 3524; x_wconf 90' lang='lat' dir='ltr'><strong>est,</strong></span> <span class='ocrx_word' id='word_1_292' title='bbox 1416 3467 1445 3511; x_wconf 91' lang='lat' dir='ltr'><strong>ut</strong></span> <span class='ocrx_word' id='word_1_293' title='bbox 1463 3465 1544 3524; x_wconf 83' lang='lat' dir='ltr'><strong>ipsum</strong></span> <span class='ocrx_word' id='word_1_294' title='bbox 1562 3463 1633 3511; x_wconf 86' lang='lat' dir='ltr'><strong>itium</strong></span> <span class='ocrx_word' id='word_1_295' title='bbox 1651 3461 1731 3510; x_wconf 85' lang='lat' dir='ltr'><strong>redire</strong></span> <span class='ocrx_word' id='word_1_296' title='bbox 1746 3462 1860 3522; x_wconf 83' lang='lat' dir='ltr'><strong>patiaris,</strong></span> 
     </span>
     <span class='ocr_line' id='line_1_26' title="bbox 229 3544 1779 3613; baseline -0.001 -15"><span class='ocrx_word' id='word_1_297' title='bbox 229 3566 274 3613; x_wconf 88' lang='lat' dir='ltr'><strong>pre</strong></span> <span class='ocrx_word' id='word_1_298' title='bbox 292 3564 342 3612; x_wconf 83' lang='lat' dir='ltr'><strong>puo</strong></span> <span class='ocrx_word' id='word_1_299' title='bbox 360 3549 461 3610; x_wconf 63' lang='lat' dir='ltr'><strong>mucan</strong></span> <span class='ocrx_word' id='word_1_300' title='bbox 478 3562 573 3598; x_wconf 76' lang='lat' dir='ltr'><strong>munus.</strong></span> <span class='ocrx_word' id='word_1_301' title='bbox 612 3561 736 3612; x_wconf 76' lang='lat' dir='ltr'><strong>quousque</strong></span> <span class='ocrx_word' id='word_1_302' title='bbox 753 3552 927 3610; x_wconf 76' lang='lat' dir='ltr'><strong>maptstratum</strong></span> <span class='ocrx_word' id='word_1_303' title='bbox 944 3550 1093 3612; x_wconf 77' lang='lat' dir='ltr'><strong>lenpinpuae</strong></span> <span class='ocrx_word' id='word_1_304' title='bbox 1108 3552 1253 3610; x_wconf 83' lang='lat' dir='ltr'><strong>prouinciae</strong></span> <span class='ocrx_word' id='word_1_305' title='bbox 1270 3551 1361 3597; x_wconf 81' lang='lat' dir='ltr'><strong>salecto</strong></span> <span class='ocrx_word' id='word_1_306' title='bbox 1380 3553 1422 3597; x_wconf 91' lang='lat' dir='ltr'><strong>tuo</strong></span> <span class='ocrx_word' id='word_1_307' title='bbox 1439 3548 1569 3598; x_wconf 78' lang='lat' dir='ltr'><strong>uindices?</strong></span> <span class='ocrx_word' id='word_1_308' title='bbox 1604 3548 1635 3598; x_wconf 86' lang='lat' dir='ltr'><strong>ci.</strong></span> <span class='ocrx_word' id='word_1_309' title='bbox 1658 3546 1716 3609; x_wconf 90' lang='grc'>133,</span> <span class='ocrx_word' id='word_1_310' title='bbox 1738 3544 1779 3596; x_wconf 89' lang='grc'><strong>18.</strong></span> 
     </span>
    </p>

    <p class='ocr_par' dir='ltr' id='par_1_8' title="bbox 319 3640 1649 3705">
     <span class='ocr_line' id='line_1_27' title="bbox 319 3640 1649 3705; baseline -0.002 -11"><span class='ocrx_word' id='word_1_311' title='bbox 319 3643 381 3705; x_wconf 88' lang='grc'><strong>574)</strong></span> <span class='ocrx_word' id='word_1_312' title='bbox 402 3644 461 3695; x_wconf 81' lang='lat' dir='ltr'><strong>ced.</strong></span> <span class='ocrx_word' id='word_1_313' title='bbox 482 3644 574 3694; x_wconf 79' lang='lat' dir='ltr'><strong>Theod.</strong></span> <span class='ocrx_word' id='word_1_314' title='bbox 595 3644 647 3692; x_wconf 85' lang='lat' dir='ltr'><strong>Xll</strong></span> <span class='ocrx_word' id='word_1_315' title='bbox 664 3644 690 3704; x_wconf 86' lang='grc'><strong>0,</strong></span> <span class='ocrx_word' id='word_1_316' title='bbox 716 3643 754 3693; x_wconf 89' lang='grc'><strong>18.</strong></span> <span class='ocrx_word' id='word_1_317' title='bbox 1638 3640 1649 3649; x_wconf 83' lang='grc'><em>”</em></span> 
     </span>
    </p>
   </div>
   <div class='ocr_carea' id='block_1_7' title="bbox 232 3737 1863 4163">
    <p class='ocr_par' dir='ltr' id='par_1_9' title="bbox 232 3737 1863 3982">
     <span class='ocr_line' id='line_1_28' title="bbox 318 3737 1863 3803; baseline -0.004 -13"><span class='ocrx_word' id='word_1_318' title='bbox 318 3740 379 3802; x_wconf 88' lang='grc'>575)</span> <span class='ocrx_word' id='word_1_319' title='bbox 401 3741 490 3790; x_wconf 85' lang='lat' dir='ltr'><strong>Liban.</strong></span> <span class='ocrx_word' id='word_1_320' title='bbox 510 3742 536 3788; x_wconf 88' lang='lat' dir='ltr'><strong>in</strong></span> <span class='ocrx_word' id='word_1_321' title='bbox 555 3741 617 3790; x_wconf 88' lang='lat' dir='ltr'><strong>lear.</strong></span> <span class='ocrx_word' id='word_1_322' title='bbox 637 3742 664 3789; x_wconf 90' lang='grc'><strong>11</strong></span> <span class='ocrx_word' id='word_1_323' title='bbox 679 3755 704 3803; x_wconf 89' lang='lat' dir='ltr'><strong>p.</strong></span> <span class='ocrx_word' id='word_1_324' title='bbox 728 3739 776 3790; x_wconf 89' lang='grc'><strong>138</strong></span> <span class='ocrx_word' id='word_1_325' title='bbox 800 3741 843 3788; x_wconf 88' lang='lat' dir='ltr'><strong>uhi</strong></span> <span class='ocrx_word' id='word_1_326' title='bbox 867 3741 898 3788; x_wconf 92' lang='lat' dir='ltr'><strong>ds</strong></span> <span class='ocrx_word' id='word_1_327' title='bbox 922 3741 978 3802; x_wconf 72' lang='lat' dir='ltr'><strong>iege</strong></span> <span class='ocrx_word' id='word_1_328' title='bbox 996 3740 1128 3789; x_wconf 82' lang='lat' dir='ltr'><strong>Theodosii</strong></span> <span class='ocrx_word' id='word_1_329' title='bbox 1153 3740 1278 3802; x_wconf 88' lang='lat' dir='ltr'><strong>loquitur,</strong></span> <span class='ocrx_word' id='word_1_330' title='bbox 1305 3754 1355 3802; x_wconf 86' lang='lat' dir='ltr'><strong>qna</strong></span> <span class='ocrx_word' id='word_1_331' title='bbox 1377 3739 1527 3788; x_wconf 84' lang='lat' dir='ltr'><strong>decuriones</strong></span> <span class='ocrx_word' id='word_1_332' title='bbox 1545 3754 1559 3786; x_wconf 88' lang='lat' dir='ltr'><strong>a</strong></span> <span class='ocrx_word' id='word_1_333' title='bbox 1577 3739 1707 3786; x_wconf 84' lang='lat' dir='ltr'><strong>verberum</strong></span> <span class='ocrx_word' id='word_1_334' title='bbox 1725 3737 1863 3796; x_wconf 80' lang='lat' dir='ltr'><strong>ignominia</strong></span> 
     </span>
     <span class='ocr_line' id='line_1_29' title="bbox 233 3818 1862 3897; baseline -0.003 -21"><span class='ocrx_word' id='word_1_335' title='bbox 233 3829 354 3876; x_wconf 80' lang='lat' dir='ltr'><strong>vindicati</strong></span> <span class='ocrx_word' id='word_1_336' title='bbox 373 3834 451 3886; x_wconf 85' lang='lat' dir='ltr'><strong>erant,</strong></span> <span class='ocrx_word' id='word_1_337' title='bbox 471 3826 541 3874; x_wconf 83' lang='lat' dir='ltr'><strong>addit</strong></span> <span class='ocrx_word' id='word_1_338' title='bbox 556 3826 630 3874; x_wconf 83' lang='lat' dir='ltr'><strong>haec:</strong></span> <span class='ocrx_word' id='word_1_339' title='bbox 650 3824 694 3876; x_wconf 81' lang='grc' dir='ltr'><strong>τὸυ</strong></span> <span class='ocrx_word' id='word_1_340' title='bbox 711 3830 759 3893; x_wconf 80' lang='grc' dir='ltr'><strong>τῆς</strong></span> <span class='ocrx_word' id='word_1_341' title='bbox 777 3821 864 3882; x_wconf 73' lang='grc' dir='ltr'>Ἀσίας</span> <span class='ocrx_word' id='word_1_342' title='bbox 881 3823 994 3897; x_wconf 70' lang='grc' dir='ltr'><strong>ἄρχοντα</strong></span> <span class='ocrx_word' id='word_1_343' title='bbox 1006 3821 1151 3893; x_wconf 80' lang='grc' dir='ltr'><strong>Φλυβιαυὸυ</strong></span> <span class='ocrx_word' id='word_1_344' title='bbox 1168 3823 1285 3877; x_wconf 71' lang='grc' dir='ltr'><strong>τοιοῦτόν</strong></span> <span class='ocrx_word' id='word_1_345' title='bbox 1303 3841 1329 3876; x_wconf 84' lang='grc' dir='ltr'><strong>τι</strong></span> <span class='ocrx_word' id='word_1_346' title='bbox 1347 3821 1570 3893; x_wconf 66' lang='grc' dir='ltr'><strong>πλημμλήουντα</strong></span> <span class='ocrx_word' id='word_1_347' title='bbox 1586 3821 1707 3875; x_wconf 66' lang='lat' dir='ltr'><strong>metato</strong></span> <span class='ocrx_word' id='word_1_348' title='bbox 1725 3838 1752 3872; x_wconf 82' lang='grc' dir='ltr'><strong>τε</strong></span> <span class='ocrx_word' id='word_1_349' title='bbox 1770 3818 1862 3892; x_wconf 66' lang='grc' dir='ltr'>ἡγήσω</span> 
     </span>
     <span class='ocr_line' id='line_1_30' title="bbox 232 3898 1743 3982; baseline -0.004 -18"><span class='ocrx_word' id='word_1_350' title='bbox 232 3913 275 3966; x_wconf 78' lang='grc' dir='ltr'><strong>οιαὶ</strong></span> <span class='ocrx_word' id='word_1_351' title='bbox 291 3917 341 3982; x_wconf 74' lang='grc' dir='ltr'><strong>τῆς</strong></span> <span class='ocrx_word' id='word_1_352' title='bbox 359 3909 441 3982; x_wconf 74' lang='grc' dir='ltr'><strong>ἀρχῆς</strong></span> <span class='ocrx_word' id='word_1_353' title='bbox 460 3909 580 3969; x_wconf 72' lang='grc' dir='ltr'><strong>ἔπαυσας.</strong></span> <span class='ocrx_word' id='word_1_354' title='bbox 619 3909 680 3963; x_wconf 70' lang='lat' dir='ltr'><strong>ihi</strong></span> <span class='ocrx_word' id='word_1_355' title='bbox 698 3909 885 3980; x_wconf 67' lang='grc' dir='ltr'><strong>βουλευομένου</strong></span> <span class='ocrx_word' id='word_1_356' title='bbox 905 3915 950 3963; x_wconf 82' lang='grc' dir='ltr'><strong>σοῦ</strong></span> <span class='ocrx_word' id='word_1_357' title='bbox 969 3909 1026 3979; x_wconf 81' lang='grc' dir='ltr'>περὶ</span> <span class='ocrx_word' id='word_1_358' title='bbox 1043 3916 1090 3981; x_wconf 73' lang='grc' dir='ltr'><strong>τῆς</strong></span> <span class='ocrx_word' id='word_1_359' title='bbox 1107 3909 1230 3981; x_wconf 77' lang='grc' dir='ltr'><strong>τιμωρίας</strong></span> <span class='ocrx_word' id='word_1_360' title='bbox 1250 3907 1330 3979; x_wconf 74' lang='grc' dir='ltr'>ἐμβὰς</span> <span class='ocrx_word' id='word_1_361' title='bbox 1350 3908 1386 3967; x_wconf 78' lang='grc' dir='ltr'><strong>εἰς</strong></span> <span class='ocrx_word' id='word_1_362' title='bbox 1405 3907 1497 3962; x_wconf 73' lang='grc' dir='ltr'><strong>πλοῖον</strong></span> <span class='ocrx_word' id='word_1_363' title='bbox 1516 3906 1630 3979; x_wconf 77' lang='grc' dir='ltr'><strong>ἀποδρὰς</strong></span> <span class='ocrx_word' id='word_1_364' title='bbox 1650 3898 1743 3978; x_wconf 79' lang='grc' dir='ltr'><strong>ᾤχετο.</strong></span> 
     </span>
    </p>

    <p class='ocr_par' dir='ltr' id='par_1_10' title="bbox 320 4005 936 4069">
     <span class='ocr_line' id='line_1_31' title="bbox 320 4005 936 4069; baseline 0.005 -15"><span class='ocrx_word' id='word_1_365' title='bbox 320 4005 381 4069; x_wconf 88' lang='grc'>578)</span> <span class='ocrx_word' id='word_1_366' title='bbox 400 4007 444 4069; x_wconf 90' lang='grc'><strong>44,</strong></span> <span class='ocrx_word' id='word_1_367' title='bbox 463 4006 477 4054; x_wconf 92' lang='grc'>7</span> <span class='ocrx_word' id='word_1_368' title='bbox 497 4011 577 4055; x_wconf 82' lang='lat' dir='ltr'><strong>aestas</strong></span> <span class='ocrx_word' id='word_1_369' title='bbox 594 4020 670 4069; x_wconf 84' lang='lat' dir='ltr'><strong>prope</strong></span> <span class='ocrx_word' id='word_1_370' title='bbox 687 4007 788 4056; x_wconf 77' lang='lat' dir='ltr'><strong>decessit</strong></span> <span class='ocrx_word' id='word_1_371' title='bbox 805 4011 936 4057; x_wconf 77' lang='lat' dir='ltr'><strong>aummno.</strong></span> 
     </span>
    </p>

    <p class='ocr_par' dir='ltr' id='par_1_11' title="bbox 320 4101 521 4163">
     <span class='ocr_line' id='line_1_32' title="bbox 320 4101 521 4163; baseline 0 -12"><span class='ocrx_word' id='word_1_372' title='bbox 320 4101 380 4163; x_wconf 80' lang='grc'>577)</span> <span class='ocrx_word' id='word_1_373' title='bbox 402 4102 425 4149; x_wconf 90' lang='lat' dir='ltr'><strong>ll</strong></span> <span class='ocrx_word' id='word_1_374' title='bbox 444 4101 521 4152; x_wconf 85' lang='grc'><strong>4-7.</strong></span> 
     </span>
    </p>
   </div>
   <div class='ocr_carea' id='block_1_8' title="bbox 232 4193 1864 4435">
    <p class='ocr_par' dir='ltr' id='par_1_12' title="bbox 232 4193 1864 4435">
     <span class='ocr_line' id='line_1_33' title="bbox 320 4193 1864 4260; baseline -0.002 -15"><span class='ocrx_word' id='word_1_375' title='bbox 320 4196 379 4258; x_wconf 89' lang='grc'>578)</span> <span class='ocrx_word' id='word_1_376' title='bbox 401 4196 443 4260; x_wconf 88' lang='grc'><strong>44,</strong></span> <span class='ocrx_word' id='word_1_377' title='bbox 467 4195 498 4245; x_wconf 90' lang='grc'><strong>18</strong></span> <span class='ocrx_word' id='word_1_378' title='bbox 516 4197 575 4260; x_wconf 78' lang='lat' dir='ltr'><strong>quid</strong></span> <span class='ocrx_word' id='word_1_379' title='bbox 593 4199 658 4245; x_wconf 88' lang='lat' dir='ltr'><strong>enim</strong></span> <span class='ocrx_word' id='word_1_380' title='bbox 676 4201 773 4246; x_wconf 85' lang='lat' dir='ltr'><strong>lunares</strong></span> <span class='ocrx_word' id='word_1_381' title='bbox 790 4212 877 4247; x_wconf 78' lang='lat' dir='ltr'><strong>meram</strong></span> <span class='ocrx_word' id='word_1_382' title='bbox 892 4198 1027 4260; x_wconf 82' lang='lat' dir='ltr'><strong>pullicum,</strong></span> <span class='ocrx_word' id='word_1_383' title='bbox 1049 4212 1199 4260; x_wconf 78' lang='lat' dir='ltr'><strong>quamquem</strong></span> <span class='ocrx_word' id='word_1_384' title='bbox 1216 4198 1328 4246; x_wconf 88' lang='lat' dir='ltr'><strong>omnium</strong></span> <span class='ocrx_word' id='word_1_385' title='bbox 1344 4196 1559 4258; x_wconf 82' lang='lat' dir='ltr'><strong>prudentissimus,</strong></span> <span class='ocrx_word' id='word_1_386' title='bbox 1580 4197 1601 4242; x_wconf 89' lang='lat' dir='ltr'><strong>si</strong></span> <span class='ocrx_word' id='word_1_387' title='bbox 1618 4193 1726 4243; x_wconf 78' lang='lat' dir='ltr'><strong>redires?</strong></span> <span class='ocrx_word' id='word_1_388' title='bbox 1745 4196 1796 4242; x_wconf 85' lang='lat' dir='ltr'><strong>iam</strong></span> <span class='ocrx_word' id='word_1_389' title='bbox 1811 4196 1864 4255; x_wconf 88' lang='lat' dir='ltr'><strong>pri·</strong></span> 
     </span>
     <span class='ocr_line' id='line_1_34' title="bbox 232 4279 1860 4345; baseline -0.004 -11"><span class='ocrx_word' id='word_1_390' title='bbox 232 4301 301 4334; x_wconf 84' lang='lat' dir='ltr'><strong>nsum</strong></span> <span class='ocrx_word' id='word_1_391' title='bbox 318 4286 421 4333; x_wconf 82' lang='lat' dir='ltr'><strong>censitio</strong></span> <span class='ocrx_word' id='word_1_392' title='bbox 439 4285 507 4333; x_wconf 80' lang='lat' dir='ltr'><strong>loeus</strong></span> <span class='ocrx_word' id='word_1_393' title='bbox 524 4284 612 4333; x_wconf 84' lang='lat' dir='ltr'><strong>nutius</strong></span> <span class='ocrx_word' id='word_1_394' title='bbox 628 4289 672 4344; x_wconf 91' lang='lat' dir='ltr'><strong>est,</strong></span> <span class='ocrx_word' id='word_1_395' title='bbox 692 4283 763 4332; x_wconf 90' lang='lat' dir='ltr'><strong>dum</strong></span> <span class='ocrx_word' id='word_1_396' title='bbox 781 4287 814 4332; x_wconf 92' lang='lat' dir='ltr'><strong>in</strong></span> <span class='ocrx_word' id='word_1_397' title='bbox 831 4284 1039 4334; x_wconf 79' lang='lat' dir='ltr'><strong>deliberando</strong></span> <span class='ocrx_word' id='word_1_398' title='bbox 1054 4298 1192 4345; x_wconf 86' lang='lat' dir='ltr'><strong>persona</strong></span> <span class='ocrx_word' id='word_1_399' title='bbox 1209 4285 1412 4332; x_wconf 82' lang='lat' dir='ltr'><strong>censentium</strong></span> <span class='ocrx_word' id='word_1_400' title='bbox 1426 4281 1552 4343; x_wconf 87' lang='lat' dir='ltr'><strong>pondus</strong></span> <span class='ocrx_word' id='word_1_401' title='bbox 1571 4282 1747 4329; x_wconf 86' lang='lat' dir='ltr'><strong>sententiis</strong></span> <span class='ocrx_word' id='word_1_402' title='bbox 1764 4279 1860 4340; x_wconf 71' lang='lat' dir='ltr'><strong>feeit.</strong></span> 
     </span>
     <span class='ocr_line' id='line_1_35' title="bbox 233 4370 909 4435; baseline -0.001 -17"><span class='ocrx_word' id='word_1_403' title='bbox 233 4372 334 4435; x_wconf 70' lang='lat' dir='ltr'><strong>qumodo</strong></span> <span class='ocrx_word' id='word_1_404' title='bbox 351 4372 473 4419; x_wconf 82' lang='lat' dir='ltr'><strong>resistitur</strong></span> <span class='ocrx_word' id='word_1_405' title='bbox 487 4372 586 4431; x_wconf 84' lang='lat' dir='ltr'><strong>potiori,</strong></span> <span class='ocrx_word' id='word_1_406' title='bbox 606 4370 706 4432; x_wconf 78' lang='lat' dir='ltr'><strong>quando</strong></span> <span class='ocrx_word' id='word_1_407' title='bbox 723 4370 817 4420; x_wconf 83' lang='lat' dir='ltr'><strong>ceditur</strong></span> <span class='ocrx_word' id='word_1_408' title='bbox 833 4373 909 4432; x_wconf 81' lang='lat' dir='ltr'><strong>pari?</strong></span> 
     </span>
    </p>
   </div>
   <div class='ocr_carea' id='block_1_9' title="bbox 319 4458 1860 4528">
    <p class='ocr_par' dir='ltr' id='par_1_13' title="bbox 319 4458 1860 4528">
     <span class='ocr_line' id='line_1_36' title="bbox 319 4458 1860 4528; baseline -0.003 -15"><span class='ocrx_word' id='word_1_409' title='bbox 319 4463 380 4528; x_wconf 83' lang='grc'>579)</span> <span class='ocrx_word' id='word_1_410' title='bbox 401 4464 548 4513; x_wconf 80' lang='lat' dir='ltr'><strong>Flavianum</strong></span> <span class='ocrx_word' id='word_1_411' title='bbox 569 4478 597 4513; x_wconf 90' lang='lat' dir='ltr'><strong>eo</strong></span> <span class='ocrx_word' id='word_1_412' title='bbox 615 4470 726 4528; x_wconf 88' lang='lat' dir='ltr'><strong>tempore</strong></span> <span class='ocrx_word' id='word_1_413' title='bbox 744 4480 840 4514; x_wconf 88' lang='lat' dir='ltr'><strong>summo</strong></span> <span class='ocrx_word' id='word_1_414' title='bbox 858 4465 950 4515; x_wconf 87' lang='lat' dir='ltr'><strong>honore</strong></span> <span class='ocrx_word' id='word_1_415' title='bbox 968 4465 1110 4527; x_wconf 87' lang='lat' dir='ltr'><strong>praeditum</strong></span> <span class='ocrx_word' id='word_1_416' title='bbox 1129 4465 1156 4513; x_wconf 89' lang='lat' dir='ltr'><strong>in</strong></span> <span class='ocrx_word' id='word_1_417' title='bbox 1175 4464 1232 4513; x_wconf 87' lang='lat' dir='ltr'><strong>aula</strong></span> <span class='ocrx_word' id='word_1_418' title='bbox 1251 4462 1383 4512; x_wconf 88' lang='lat' dir='ltr'><strong>Theodosii</strong></span> <span class='ocrx_word' id='word_1_419' title='bbox 1402 4463 1489 4526; x_wconf 85' lang='lat' dir='ltr'><strong>inisse,</strong></span> <span class='ocrx_word' id='word_1_420' title='bbox 1511 4461 1583 4511; x_wconf 93' lang='lat' dir='ltr'><strong>docst</strong></span> <span class='ocrx_word' id='word_1_421' title='bbox 1595 4459 1758 4522; x_wconf 79' lang='lat' dir='ltr'><strong>Symmachus</strong></span> <span class='ocrx_word' id='word_1_422' title='bbox 1771 4458 1813 4521; x_wconf 91' lang='grc'>52,</span> <span class='ocrx_word' id='word_1_423' title='bbox 1828 4458 1860 4508; x_wconf 78' lang='lat'><strong>9:</strong></span> 
     </span>
    </p>
   </div>
   <div class='ocr_carea' id='block_1_10' title="bbox 233 4543 1970 4612">
    <p class='ocr_par' dir='ltr' id='par_1_14' title="bbox 233 4543 1970 4612">
     <span class='ocr_line' id='line_1_37' title="bbox 233 4543 1970 4612; baseline -0.006 -10"><span class='ocrx_word' id='word_1_424' title='bbox 233 4552 333 4602; x_wconf 85' lang='lat' dir='ltr'><strong>dominc</strong></span> <span class='ocrx_word' id='word_1_425' title='bbox 350 4555 434 4600; x_wconf 88' lang='lat' dir='ltr'><strong>nestro</strong></span> <span class='ocrx_word' id='word_1_426' title='bbox 452 4553 612 4600; x_wconf 79' lang='lat' dir='ltr'><strong>invictissimo</strong></span> <span class='ocrx_word' id='word_1_427' title='bbox 627 4553 735 4612; x_wconf 78' lang='lat' dir='ltr'><strong>priruipl</strong></span> <span class='ocrx_word' id='word_1_428' title='bbox 755 4550 887 4600; x_wconf 80' lang='lat' dir='ltr'><strong>Theodosia</strong></span> <span class='ocrx_word' id='word_1_429' title='bbox 904 4565 997 4612; x_wconf 83' lang='lat' dir='ltr'><strong>semper</strong></span> <span class='ocrx_word' id='word_1_430' title='bbox 1015 4551 1127 4612; x_wconf 81' lang='lat' dir='ltr'><strong>Aupusto</strong></span> <span class='ocrx_word' id='word_1_431' title='bbox 1144 4548 1283 4611; x_wconf 82' lang='lat' dir='ltr'><strong>dipnure</strong></span> <span class='ocrx_word' id='word_1_432' title='bbox 1305 4561 1490 4611; x_wconf 77' lang='lat' dir='ltr'><strong>supperere,</strong></span> <span class='ocrx_word' id='word_1_433' title='bbox 1516 4561 1569 4596; x_wconf 90' lang='lat' dir='ltr'><strong>non</strong></span> <span class='ocrx_word' id='word_1_434' title='bbox 1585 4548 1666 4608; x_wconf 83' lang='lat' dir='ltr'><strong>pluris</strong></span> <span class='ocrx_word' id='word_1_435' title='bbox 1683 4545 1754 4607; x_wconf 86' lang='lat' dir='ltr'><strong>apud</strong></span> <span class='ocrx_word' id='word_1_436' title='bbox 1769 4559 1808 4593; x_wconf 84' lang='lat' dir='ltr'><strong>sne</strong></span> <span class='ocrx_word' id='word_1_437' title='bbox 1825 4543 1863 4593; x_wconf 85' lang='lat' dir='ltr'><strong>dt·</strong></span> <span class='ocrx_word' id='word_1_438' title='bbox 1963 4566 1970 4576; x_wconf 91' lang='lat'><strong>·</strong></span> 
     </span>
    </p>
   </div>
   <div class='ocr_carea' id='block_1_11' title="bbox 233 4631 1864 5475">
    <p class='ocr_par' dir='ltr' id='par_1_15' title="bbox 233 4631 1864 5475">
     <span class='ocr_line' id='line_1_38' title="bbox 233 4631 1863 4700; baseline -0.004 -15"><span class='ocrx_word' id='word_1_439' title='bbox 233 4642 306 4687; x_wconf 84' lang='lat' dir='ltr'><strong>uittas</strong></span> <span class='ocrx_word' id='word_1_440' title='bbox 330 4640 412 4686; x_wconf 83' lang='lat' dir='ltr'><strong>ualere</strong></span> <span class='ocrx_word' id='word_1_441' title='bbox 436 4652 510 4700; x_wconf 77' lang='lat' dir='ltr'><strong>piram</strong></span> <span class='ocrx_word' id='word_1_442' title='bbox 527 4637 633 4699; x_wconf 71' lang='lat' dir='ltr'><strong>sarnam.</strong></span> <span class='ocrx_word' id='word_1_443' title='bbox 671 4639 703 4687; x_wconf 83' lang='lat' dir='ltr'><strong>ci.</strong></span> <span class='ocrx_word' id='word_1_444' title='bbox 725 4636 757 4687; x_wconf 94' lang='grc'>25</span> <span class='ocrx_word' id='word_1_445' title='bbox 776 4641 799 4687; x_wconf 89' lang='lat' dir='ltr'><strong>te</strong></span> <span class='ocrx_word' id='word_1_446' title='bbox 815 4640 944 4699; x_wconf 67' lang='lat' dir='ltr'><strong>multiplex</strong></span> <span class='ocrx_word' id='word_1_447' title='bbox 962 4642 1064 4686; x_wconf 85' lang='lat' dir='ltr'><strong>actuum</strong></span> <span class='ocrx_word' id='word_1_448' title='bbox 1080 4636 1234 4699; x_wconf 78' lang='lat' dir='ltr'><strong>publicorum</strong></span> <span class='ocrx_word' id='word_1_449' title='bbox 1251 4650 1312 4684; x_wconf 87' lang='lat' dir='ltr'><strong>cura</strong></span> <span class='ocrx_word' id='word_1_450' title='bbox 1330 4638 1503 4685; x_wconf 78' lang='lat' dir='ltr'><strong>circunmonat.</strong></span> <span class='ocrx_word' id='word_1_451' title='bbox 1540 4648 1613 4682; x_wconf 86' lang='lat' dir='ltr'><strong>sures</strong></span> <span class='ocrx_word' id='word_1_452' title='bbox 1629 4633 1787 4696; x_wconf 86' lang='lat' dir='ltr'><strong>imperatoris</strong></span> <span class='ocrx_word' id='word_1_453' title='bbox 1805 4631 1863 4679; x_wconf 82' lang='lat' dir='ltr'><strong>Fla·</strong></span> 
     </span>
     <span class='ocr_line' id='line_1_39' title="bbox 234 4716 1863 4789; baseline -0.005 -15"><span class='ocrx_word' id='word_1_454' title='bbox 234 4727 307 4774; x_wconf 83' lang='lat' dir='ltr'><strong>viano</strong></span> <span class='ocrx_word' id='word_1_455' title='bbox 331 4730 385 4772; x_wconf 89' lang='lat' dir='ltr'><strong>tum</strong></span> <span class='ocrx_word' id='word_1_456' title='bbox 410 4726 538 4787; x_wconf 83' lang='lat' dir='ltr'><strong>patuisse,</strong></span> <span class='ocrx_word' id='word_1_457' title='bbox 565 4738 597 4772; x_wconf 81' lang='lat' dir='ltr'><strong>ex</strong></span> <span class='ocrx_word' id='word_1_458' title='bbox 621 4738 649 4773; x_wconf 91' lang='lat' dir='ltr'><strong>ee</strong></span> <span class='ocrx_word' id='word_1_459' title='bbox 675 4738 773 4787; x_wconf 87' lang='lat' dir='ltr'><strong>quoque</strong></span> <span class='ocrx_word' id='word_1_460' title='bbox 797 4725 963 4789; x_wconf 85' lang='lat' dir='ltr'><strong>perspicitur,</strong></span> <span class='ocrx_word' id='word_1_461' title='bbox 991 4723 1058 4786; x_wconf 90' lang='lat' dir='ltr'><strong>quod</strong></span> <span class='ocrx_word' id='word_1_462' title='bbox 1076 4724 1163 4772; x_wconf 88' lang='lat' dir='ltr'><strong>laudes</strong></span> <span class='ocrx_word' id='word_1_463' title='bbox 1180 4723 1244 4783; x_wconf 74' lang='lat' dir='ltr'><strong>legis</strong></span> <span class='ocrx_word' id='word_1_464' title='bbox 1262 4723 1447 4771; x_wconf 84' lang='lat' dir='ltr'><strong>Theudosianas</strong></span> <span class='ocrx_word' id='word_1_465' title='bbox 1465 4721 1538 4770; x_wconf 88' lang='lat' dir='ltr'><strong>datae</strong></span> <span class='ocrx_word' id='word_1_466' title='bbox 1556 4720 1581 4768; x_wconf 92' lang='lat' dir='ltr'><strong>d.</strong></span> <span class='ocrx_word' id='word_1_467' title='bbox 1602 4716 1863 4770; x_wconf 64' lang='lat' dir='ltr'><strong>telanessum</strong></span> 
     </span>
     <span class='ocr_line' id='line_1_40' title="bbox 235 4805 1859 4872; baseline -0.004 -13"><span class='ocrx_word' id='word_1_468' title='bbox 235 4812 410 4860; x_wconf 84' lang='lat' dir='ltr'><strong>inscribuntur</strong></span> <span class='ocrx_word' id='word_1_469' title='bbox 430 4809 464 4872; x_wconf 88' lang='lat'><strong>(11</strong></span> <span class='ocrx_word' id='word_1_470' title='bbox 485 4808 542 4872; x_wconf 91' lang='grc'>13),</span> <span class='ocrx_word' id='word_1_471' title='bbox 568 4810 686 4858; x_wconf 82' lang='lat' dir='ltr'><strong>videlicet</strong></span> <span class='ocrx_word' id='word_1_472' title='bbox 710 4816 739 4858; x_wconf 87' lang='lat' dir='ltr'><strong>ut</strong></span> <span class='ocrx_word' id='word_1_473' title='bbox 762 4812 897 4871; x_wconf 85' lang='lat' dir='ltr'><strong>epistulam</strong></span> <span class='ocrx_word' id='word_1_474' title='bbox 916 4811 1031 4871; x_wconf 77' lang='lat' dir='ltr'><strong>Angusto</strong></span> <span class='ocrx_word' id='word_1_475' title='bbox 1054 4811 1180 4859; x_wconf 85' lang='lat' dir='ltr'><strong>recitaret.</strong></span> <span class='ocrx_word' id='word_1_476' title='bbox 1218 4809 1394 4872; x_wconf 83' lang='lat' dir='ltr'><strong>praescribitur</strong></span> <span class='ocrx_word' id='word_1_477' title='bbox 1414 4807 1465 4867; x_wconf 73' lang='lat' dir='ltr'><strong>legi</strong></span> <span class='ocrx_word' id='word_1_478' title='bbox 1491 4807 1564 4856; x_wconf 87' lang='lat' dir='ltr'><strong>datae</strong></span> <span class='ocrx_word' id='word_1_479' title='bbox 1582 4819 1668 4855; x_wconf 87' lang='lat' dir='ltr'><strong>mense</strong></span> <span class='ocrx_word' id='word_1_480' title='bbox 1686 4805 1819 4853; x_wconf 86' lang='lat' dir='ltr'><strong>Decembri</strong></span> <span class='ocrx_word' id='word_1_481' title='bbox 1837 4819 1859 4852; x_wconf 88' lang='lat' dir='ltr'><strong>a.</strong></span> 
     </span>
     <span class='ocr_line' id='line_1_41' title="bbox 235 4890 1862 4958; baseline -0.004 -13"><span class='ocrx_word' id='word_1_482' title='bbox 235 4895 284 4948; x_wconf 88' lang='grc'><strong>389</strong></span> <span class='ocrx_word' id='word_1_483' title='bbox 302 4901 349 4945; x_wconf 88' lang='lat' dir='ltr'><strong>aut</strong></span> <span class='ocrx_word' id='word_1_484' title='bbox 365 4897 481 4945; x_wconf 86' lang='lat' dir='ltr'><strong>Ianuario</strong></span> <span class='ocrx_word' id='word_1_485' title='bbox 499 4912 521 4944; x_wconf 88' lang='lat' dir='ltr'><strong>a.</strong></span> <span class='ocrx_word' id='word_1_486' title='bbox 542 4895 593 4945; x_wconf 93' lang='grc'><strong>390</strong></span> <span class='ocrx_word' id='word_1_487' title='bbox 612 4896 671 4945; x_wconf 87' lang='lat' dir='ltr'><strong>Cod.</strong></span> <span class='ocrx_word' id='word_1_488' title='bbox 693 4896 785 4947; x_wconf 85' lang='lat' dir='ltr'><strong>Theed.</strong></span> <span class='ocrx_word' id='word_1_489' title='bbox 807 4897 845 4945; x_wconf 81' lang='lat' dir='ltr'><strong>IX</strong></span> <span class='ocrx_word' id='word_1_490' title='bbox 863 4896 907 4958; x_wconf 93' lang='grc'><strong>40,</strong></span> <span class='ocrx_word' id='word_1_491' title='bbox 929 4895 970 4946; x_wconf 92' lang='grc'><strong>13.</strong></span> <span class='ocrx_word' id='word_1_492' title='bbox 1008 4909 1065 4944; x_wconf 91' lang='lat' dir='ltr'><strong>nam</strong></span> <span class='ocrx_word' id='word_1_493' title='bbox 1083 4895 1147 4944; x_wconf 83' lang='lat' dir='ltr'><strong>hunc</strong></span> <span class='ocrx_word' id='word_1_494' title='bbox 1165 4896 1368 4944; x_wconf 87' lang='lat' dir='ltr'><strong>constitutionem</strong></span> <span class='ocrx_word' id='word_1_495' title='bbox 1386 4894 1504 4943; x_wconf 85' lang='lat' dir='ltr'><strong>emissam</strong></span> <span class='ocrx_word' id='word_1_496' title='bbox 1522 4906 1578 4942; x_wconf 85' lang='lat' dir='ltr'><strong>sess</strong></span> <span class='ocrx_word' id='word_1_497' title='bbox 1596 4897 1652 4955; x_wconf 90' lang='lat' dir='ltr'><strong>pest</strong></span> <span class='ocrx_word' id='word_1_498' title='bbox 1669 4891 1764 4939; x_wconf 77' lang='lat' dir='ltr'><strong>dadum</strong></span> <span class='ocrx_word' id='word_1_499' title='bbox 1782 4890 1862 4939; x_wconf 84' lang='lat' dir='ltr'><strong>Thes·</strong></span> 
     </span>
     <span class='ocr_line' id='line_1_42' title="bbox 236 4976 1864 5045; baseline -0.006 -13"><span class='ocrx_word' id='word_1_500' title='bbox 236 4985 417 5032; x_wconf 79' lang='lat' dir='ltr'><strong>misnicensem</strong></span> <span class='ocrx_word' id='word_1_501' title='bbox 436 4996 460 5031; x_wconf 88' lang='lat' dir='ltr'><strong>a.</strong></span> <span class='ocrx_word' id='word_1_502' title='bbox 481 4979 530 5031; x_wconf 87' lang='grc'><strong>389</strong></span> <span class='ocrx_word' id='word_1_503' title='bbox 551 4982 644 5044; x_wconf 85' lang='lat' dir='ltr'><strong>(Rnfln.</strong></span> <span class='ocrx_word' id='word_1_504' title='bbox 665 4982 724 5030; x_wconf 92' lang='lat' dir='ltr'><strong>hist.</strong></span> <span class='ocrx_word' id='word_1_505' title='bbox 745 4979 916 5045; x_wconf 82' lang='lat' dir='ltr'><strong>ceci.1118;</strong></span> <span class='ocrx_word' id='word_1_506' title='bbox 943 4981 1063 5031; x_wconf 78' lang='lat' dir='ltr'><strong>Theodor.</strong></span> <span class='ocrx_word' id='word_1_507' title='bbox 1083 4981 1106 5029; x_wconf 85' lang='lat' dir='ltr'>V</span> <span class='ocrx_word' id='word_1_508' title='bbox 1126 4979 1157 5030; x_wconf 88' lang='grc'><strong>18</strong></span> <span class='ocrx_word' id='word_1_509' title='bbox 1174 4996 1201 5044; x_wconf 92' lang='lat' dir='ltr'><strong>p.</strong></span> <span class='ocrx_word' id='word_1_510' title='bbox 1222 4979 1287 5042; x_wconf 74' lang='grc'>217,</span> <span class='ocrx_word' id='word_1_511' title='bbox 1314 4980 1411 5031; x_wconf 80' lang='lat' dir='ltr'><strong>Secum.</strong></span> <span class='ocrx_word' id='word_1_512' title='bbox 1430 4979 1542 5040; x_wconf 91' lang='grc'>91125)</span> <span class='ocrx_word' id='word_1_513' title='bbox 1562 4983 1615 5027; x_wconf 92' lang='lat' dir='ltr'><strong>octo</strong></span> <span class='ocrx_word' id='word_1_514' title='bbox 1634 4976 1777 5035; x_wconf 86' lang='lat' dir='ltr'><strong>mensibus,</strong></span> <span class='ocrx_word' id='word_1_515' title='bbox 1799 4977 1864 5023; x_wconf 86' lang='lat' dir='ltr'><strong>circs</strong></span> 
     </span>
     <span class='ocr_line' id='line_1_43' title="bbox 236 5061 1862 5130; baseline -0.007 -12"><span class='ocrx_word' id='word_1_516' title='bbox 236 5069 344 5118; x_wconf 79' lang='lat' dir='ltr'><strong>nstslem</strong></span> <span class='ocrx_word' id='word_1_517' title='bbox 367 5069 483 5127; x_wconf 88' lang='lat' dir='ltr'><strong>Domini,</strong></span> <span class='ocrx_word' id='word_1_518' title='bbox 508 5081 566 5117; x_wconf 90' lang='lat' dir='ltr'><strong>cum</strong></span> <span class='ocrx_word' id='word_1_519' title='bbox 589 5068 725 5127; x_wconf 85' lang='lat' dir='ltr'><strong>imperator</strong></span> <span class='ocrx_word' id='word_1_520' title='bbox 748 5067 886 5117; x_wconf 82' lang='lat' dir='ltr'><strong>Mediolani</strong></span> <span class='ocrx_word' id='word_1_521' title='bbox 910 5068 1060 5116; x_wconf 90' lang='lat' dir='ltr'><strong>consisteret</strong></span> <span class='ocrx_word' id='word_1_522' title='bbox 1087 5067 1217 5129; x_wconf 78' lang='lat' dir='ltr'><strong>(Theodor.</strong></span> <span class='ocrx_word' id='word_1_523' title='bbox 1242 5080 1267 5128; x_wconf 86' lang='lat' dir='ltr'><strong>p.</strong></span> <span class='ocrx_word' id='word_1_524' title='bbox 1289 5066 1369 5130; x_wconf 91' lang='grc'>218),</span> <span class='ocrx_word' id='word_1_525' title='bbox 1395 5067 1566 5115; x_wconf 87' lang='lat' dir='ltr'><strong>demonstrant</strong></span> <span class='ocrx_word' id='word_1_526' title='bbox 1589 5064 1763 5113; x_wconf 85' lang='lat' dir='ltr'><strong>historicorum</strong></span> <span class='ocrx_word' id='word_1_527' title='bbox 1787 5061 1862 5108; x_wconf 91' lang='lat' dir='ltr'><strong>testi-</strong></span> 
     </span>
     <span class='ocr_line' id='line_1_44' title="bbox 236 5148 1863 5217; baseline -0.005 -15"><span class='ocrx_word' id='word_1_528' title='bbox 236 5157 334 5214; x_wconf 89' lang='lat' dir='ltr'><strong>monia,</strong></span> <span class='ocrx_word' id='word_1_529' title='bbox 360 5168 425 5216; x_wconf 87' lang='lat' dir='ltr'><strong>quas</strong></span> <span class='ocrx_word' id='word_1_530' title='bbox 447 5153 632 5215; x_wconf 88' lang='lat' dir='ltr'><strong>subscriptione</strong></span> <span class='ocrx_word' id='word_1_531' title='bbox 654 5155 717 5203; x_wconf 80' lang='lat' dir='ltr'><strong>falsa</strong></span> <span class='ocrx_word' id='word_1_532' title='bbox 740 5153 830 5202; x_wconf 91' lang='lat' dir='ltr'><strong>codicis</strong></span> <span class='ocrx_word' id='word_1_533' title='bbox 848 5153 1014 5202; x_wconf 71' lang='lat' dir='ltr'><strong>&#39;l&#39;lrsodosianl</strong></span> <span class='ocrx_word' id='word_1_534' title='bbox 1039 5153 1146 5201; x_wconf 88' lang='lat' dir='ltr'><strong>minime</strong></span> <span class='ocrx_word' id='word_1_535' title='bbox 1165 5153 1328 5215; x_wconf 79' lang='lat' dir='ltr'><strong>refelluntur,</strong></span> <span class='ocrx_word' id='word_1_536' title='bbox 1355 5153 1504 5217; x_wconf 86' lang='lat' dir='ltr'><strong>praesertim</strong></span> <span class='ocrx_word' id='word_1_537' title='bbox 1522 5165 1580 5200; x_wconf 88' lang='lat' dir='ltr'><strong>cum</strong></span> <span class='ocrx_word' id='word_1_538' title='bbox 1597 5163 1626 5198; x_wconf 90' lang='lat' dir='ltr'><strong>eu</strong></span> <span class='ocrx_word' id='word_1_539' title='bbox 1643 5148 1698 5208; x_wconf 87' lang='lat' dir='ltr'><strong>dle,</strong></span> <span class='ocrx_word' id='word_1_540' title='bbox 1725 5160 1801 5209; x_wconf 86' lang='lat' dir='ltr'><strong>qusm</strong></span> <span class='ocrx_word' id='word_1_541' title='bbox 1818 5148 1863 5195; x_wconf 90' lang='lat' dir='ltr'><strong>tila</strong></span> 
     </span>
     <span class='ocr_line' id='line_1_45' title="bbox 237 5234 1863 5302; baseline -0.003 -15"><span class='ocrx_word' id='word_1_542' title='bbox 237 5242 349 5288; x_wconf 87' lang='lat' dir='ltr'><strong>nominat</strong></span> <span class='ocrx_word' id='word_1_543' title='bbox 369 5238 400 5290; x_wconf 87' lang='grc'>18</span> <span class='ocrx_word' id='word_1_544' title='bbox 412 5240 480 5302; x_wconf 69' lang='lat' dir='ltr'><strong>Aug.</strong></span> <span class='ocrx_word' id='word_1_545' title='bbox 500 5255 523 5288; x_wconf 86' lang='lat' dir='ltr'><strong>a.</strong></span> <span class='ocrx_word' id='word_1_546' title='bbox 538 5238 599 5299; x_wconf 88' lang='grc'>382,</span> <span class='ocrx_word' id='word_1_547' title='bbox 619 5239 754 5287; x_wconf 81' lang='lat' dir='ltr'><strong>Flavianus</strong></span> <span class='ocrx_word' id='word_1_548' title='bbox 773 5240 884 5288; x_wconf 88' lang='lat' dir='ltr'><strong>nondum</strong></span> <span class='ocrx_word' id='word_1_549' title='bbox 903 5240 1045 5299; x_wconf 81' lang='lat' dir='ltr'><strong>praelectus</strong></span> <span class='ocrx_word' id='word_1_550' title='bbox 1062 5239 1186 5300; x_wconf 88' lang='lat' dir='ltr'><strong>praetorio</strong></span> <span class='ocrx_word' id='word_1_551' title='bbox 1204 5239 1292 5287; x_wconf 84' lang='lat' dir='ltr'><strong>inerit.</strong></span> <span class='ocrx_word' id='word_1_552' title='bbox 1330 5244 1458 5301; x_wconf 82' lang='lat' dir='ltr'><strong>praeterea</strong></span> <span class='ocrx_word' id='word_1_553' title='bbox 1476 5239 1618 5286; x_wconf 85' lang='lat' dir='ltr'><strong>nominatur</strong></span> <span class='ocrx_word' id='word_1_554' title='bbox 1635 5237 1664 5284; x_wconf 90' lang='lat' dir='ltr'><strong>ln</strong></span> <span class='ocrx_word' id='word_1_555' title='bbox 1680 5234 1779 5295; x_wconf 74' lang='lat' dir='ltr'><strong>legibus</strong></span> <span class='ocrx_word' id='word_1_556' title='bbox 1797 5234 1863 5282; x_wconf 88' lang='lat' dir='ltr'><strong>datis</strong></span> 
     </span>
     <span class='ocr_line' id='line_1_46' title="bbox 237 5317 1862 5387; baseline -0.004 -14"><span class='ocrx_word' id='word_1_557' title='bbox 237 5326 260 5373; x_wconf 94' lang='lat' dir='ltr'><strong>d.</strong></span> <span class='ocrx_word' id='word_1_558' title='bbox 282 5326 311 5376; x_wconf 92' lang='lat' dir='ltr'><strong>il</strong></span> <span class='ocrx_word' id='word_1_559' title='bbox 333 5327 391 5376; x_wconf 84' lang='lat' dir='ltr'><strong>Mai.</strong></span> <span class='ocrx_word' id='word_1_560' title='bbox 412 5341 435 5374; x_wconf 87' lang='lat' dir='ltr'><strong>a.</strong></span> <span class='ocrx_word' id='word_1_561' title='bbox 458 5324 505 5376; x_wconf 88' lang='grc'>391</span> <span class='ocrx_word' id='word_1_562' title='bbox 526 5324 587 5374; x_wconf 81' lang='lat' dir='ltr'><strong>Ged.</strong></span> <span class='ocrx_word' id='word_1_563' title='bbox 607 5325 701 5375; x_wconf 82' lang='lat' dir='ltr'><strong>Theod.</strong></span> <span class='ocrx_word' id='word_1_564' title='bbox 722 5325 760 5373; x_wconf 80' lang='lat' dir='ltr'><strong>XI</strong></span> <span class='ocrx_word' id='word_1_565' title='bbox 779 5323 829 5387; x_wconf 91' lang='grc'><strong>39,</strong></span> <span class='ocrx_word' id='word_1_566' title='bbox 851 5323 879 5373; x_wconf 92' lang='grc'><strong>11</strong></span> <span class='ocrx_word' id='word_1_567' title='bbox 900 5343 933 5368; x_wconf 89' lang='lat'><em>=</em></span> <span class='ocrx_word' id='word_1_568' title='bbox 951 5325 1014 5374; x_wconf 84' lang='lat' dir='ltr'><strong>xvl</strong></span> <span class='ocrx_word' id='word_1_569' title='bbox 1033 5324 1066 5387; x_wconf 89' lang='grc'><strong>7,</strong></span> <span class='ocrx_word' id='word_1_570' title='bbox 1084 5324 1101 5374; x_wconf 90' lang='grc'><strong>4</strong></span> <span class='ocrx_word' id='word_1_571' title='bbox 1120 5329 1153 5386; x_wconf 77' lang='lat' dir='ltr'><strong>-l-</strong></span> <span class='ocrx_word' id='word_1_572' title='bbox 1173 5325 1198 5374; x_wconf 88' lang='grc'><strong>5.</strong></span> <span class='ocrx_word' id='word_1_573' title='bbox 1235 5325 1259 5374; x_wconf 88' lang='grc'>(1.</span> <span class='ocrx_word' id='word_1_574' title='bbox 1281 5323 1313 5374; x_wconf 89' lang='grc'>27</span> <span class='ocrx_word' id='word_1_575' title='bbox 1333 5325 1390 5373; x_wconf 85' lang='lat' dir='ltr'><strong>hisi.</strong></span> <span class='ocrx_word' id='word_1_576' title='bbox 1411 5339 1435 5374; x_wconf 89' lang='lat' dir='ltr'><strong>a.</strong></span> <span class='ocrx_word' id='word_1_577' title='bbox 1455 5323 1503 5374; x_wconf 92' lang='grc'><strong>391</strong></span> <span class='ocrx_word' id='word_1_578' title='bbox 1524 5323 1584 5372; x_wconf 80' lang='lat' dir='ltr'><strong>(lod</strong></span> <span class='ocrx_word' id='word_1_579' title='bbox 1605 5321 1696 5370; x_wconf 84' lang='lat' dir='ltr'><strong>Theod.</strong></span> <span class='ocrx_word' id='word_1_580' title='bbox 1717 5319 1772 5382; x_wconf 87' lang='grc'><strong>11,</strong></span> <span class='ocrx_word' id='word_1_581' title='bbox 1795 5317 1862 5382; x_wconf 76' lang='grc'>2-1-</span> 
     </span>
     <span class='ocr_line' id='line_1_47' title="bbox 237 5409 1022 5475; baseline 0.001 -16"><span class='ocrx_word' id='word_1_582' title='bbox 237 5410 317 5475; x_wconf 85' lang='grc'>1111,</span> <span class='ocrx_word' id='word_1_583' title='bbox 339 5410 365 5463; x_wconf 87' lang='grc'><strong>8.</strong></span> <span class='ocrx_word' id='word_1_584' title='bbox 402 5412 427 5462; x_wconf 90' lang='lat' dir='ltr'><strong>d.</strong></span> <span class='ocrx_word' id='word_1_585' title='bbox 449 5409 464 5460; x_wconf 97' lang='grc'>8</span> <span class='ocrx_word' id='word_1_586' title='bbox 483 5413 544 5474; x_wconf 78' lang='lat' dir='ltr'><strong>Apr.</strong></span> <span class='ocrx_word' id='word_1_587' title='bbox 564 5425 587 5462; x_wconf 83' lang='lat' dir='ltr'><strong>a.</strong></span> <span class='ocrx_word' id='word_1_588' title='bbox 607 5410 657 5461; x_wconf 90' lang='grc'><strong>392</strong></span> <span class='ocrx_word' id='word_1_589' title='bbox 676 5411 737 5461; x_wconf 84' lang='lat' dir='ltr'><strong>Cod.</strong></span> <span class='ocrx_word' id='word_1_590' title='bbox 758 5411 851 5460; x_wconf 82' lang='lat' dir='ltr'><strong>Thsod.</strong></span> <span class='ocrx_word' id='word_1_591' title='bbox 872 5411 897 5460; x_wconf 82' lang='lat' dir='ltr'>X</span> <span class='ocrx_word' id='word_1_592' title='bbox 918 5409 958 5472; x_wconf 93' lang='grc'>10,</span> <span class='ocrx_word' id='word_1_593' title='bbox 979 5409 1022 5461; x_wconf 89' lang='grc'>20.</span> 
     </span>
    </p>
   </div>
   <div class='ocr_carea' id='block_1_12' title="bbox 322 5498 1642 5569">
    <p class='ocr_par' dir='ltr' id='par_1_16' title="bbox 322 5498 1642 5569">
     <span class='ocr_line' id='line_1_48' title="bbox 322 5498 1642 5569; baseline -0.005 -14"><span class='ocrx_word' id='word_1_594' title='bbox 322 5504 383 5569; x_wconf 91' lang='grc'>580)</span> <span class='ocrx_word' id='word_1_595' title='bbox 402 5505 502 5555; x_wconf 86' lang='lat' dir='ltr'><strong>Paulin.</strong></span> <span class='ocrx_word' id='word_1_596' title='bbox 522 5506 568 5556; x_wconf 81' lang='lat' dir='ltr'><strong>uit.</strong></span> <span class='ocrx_word' id='word_1_597' title='bbox 589 5508 677 5557; x_wconf 77' lang='lat' dir='ltr'><strong>Ambr.</strong></span> <span class='ocrx_word' id='word_1_598' title='bbox 697 5504 744 5568; x_wconf 72' lang='lat'><strong>313</strong></span> <span class='ocrx_word' id='word_1_599' title='bbox 766 5506 850 5556; x_wconf 80' lang='lat' dir='ltr'><strong>liuha.</strong></span> <span class='ocrx_word' id='word_1_600' title='bbox 870 5505 931 5556; x_wconf 87' lang='lat' dir='ltr'><strong>hist.</strong></span> <span class='ocrx_word' id='word_1_601' title='bbox 952 5506 1013 5556; x_wconf 84' lang='lat' dir='ltr'><strong>scol.</strong></span> <span class='ocrx_word' id='word_1_602' title='bbox 1033 5506 1059 5554; x_wconf 91' lang='lat'><strong>11</strong></span> <span class='ocrx_word' id='word_1_603' title='bbox 1079 5504 1125 5567; x_wconf 71' lang='lat'><strong>333</strong></span> <span class='ocrx_word' id='word_1_604' title='bbox 1147 5503 1244 5554; x_wconf 79' lang='lat' dir='ltr'><strong>Senem.</strong></span> <span class='ocrx_word' id='word_1_605' title='bbox 1263 5503 1379 5568; x_wconf 83' lang='grc'>91122;</span> <span class='ocrx_word' id='word_1_606' title='bbox 1400 5504 1480 5554; x_wconf 79' lang='lat' dir='ltr'><strong>Caum.</strong></span> <span class='ocrx_word' id='word_1_607' title='bbox 1502 5502 1580 5550; x_wconf 85' lang='lat' dir='ltr'><strong>Paris.</strong></span> <span class='ocrx_word' id='word_1_608' title='bbox 1600 5498 1642 5549; x_wconf 87' lang='grc'>25.</span> 
     </span>
    </p>
   </div>
   <div class='ocr_carea' id='block_1_13' title="bbox 237 5594 1861 5836">
    <p class='ocr_par' dir='ltr' id='par_1_17' title="bbox 237 5594 1861 5836">
     <span class='ocr_line' id='line_1_49' title="bbox 321 5594 1861 5664; baseline -0.005 -14"><span class='ocrx_word' id='word_1_609' title='bbox 321 5599 382 5664; x_wconf 88' lang='grc'>581)</span> <span class='ocrx_word' id='word_1_610' title='bbox 403 5600 565 5663; x_wconf 77' lang='lat' dir='ltr'><strong>Symmachus</strong></span> <span class='ocrx_word' id='word_1_611' title='bbox 584 5601 615 5649; x_wconf 93' lang='lat' dir='ltr'><strong>ds</strong></span> <span class='ocrx_word' id='word_1_612' title='bbox 633 5601 805 5663; x_wconf 72' lang='lat' dir='ltr'><strong>designatione</strong></span> <span class='ocrx_word' id='word_1_613' title='bbox 823 5601 916 5650; x_wconf 80' lang='lat' dir='ltr'><strong>snaed</strong></span> <span class='ocrx_word' id='word_1_614' title='bbox 934 5601 1081 5649; x_wconf 82' lang='lat' dir='ltr'><strong>Flavianum</strong></span> <span class='ocrx_word' id='word_1_615' title='bbox 1098 5602 1211 5649; x_wconf 88' lang='lat' dir='ltr'><strong>scribens</strong></span> <span class='ocrx_word' id='word_1_616' title='bbox 1229 5600 1290 5648; x_wconf 85' lang='lat' dir='ltr'><strong>haec</strong></span> <span class='ocrx_word' id='word_1_617' title='bbox 1308 5600 1391 5649; x_wconf 83' lang='lat' dir='ltr'><strong>addit:</strong></span> <span class='ocrx_word' id='word_1_618' title='bbox 1412 5598 1454 5661; x_wconf 86' lang='grc'>62,</span> <span class='ocrx_word' id='word_1_619' title='bbox 1469 5597 1483 5647; x_wconf 90' lang='grc'>2</span> <span class='ocrx_word' id='word_1_620' title='bbox 1504 5594 1562 5659; x_wconf 81' lang='lat' dir='ltr'><strong>puid</strong></span> <span class='ocrx_word' id='word_1_621' title='bbox 1581 5596 1655 5657; x_wconf 81' lang='lat' dir='ltr'><strong>ipitur</strong></span> <span class='ocrx_word' id='word_1_622' title='bbox 1672 5595 1760 5642; x_wconf 75' lang='lat' dir='ltr'><strong>eximie</strong></span> <span class='ocrx_word' id='word_1_623' title='bbox 1778 5595 1861 5642; x_wconf 81' lang='lat' dir='ltr'><strong>aninso</strong></span> 
     </span>
     <span class='ocr_line' id='line_1_50' title="bbox 237 5680 1861 5751; baseline -0.004 -19"><span class='ocrx_word' id='word_1_624' title='bbox 237 5690 278 5734; x_wconf 90' lang='lat' dir='ltr'><strong>tuo</strong></span> <span class='ocrx_word' id='word_1_625' title='bbox 299 5688 407 5736; x_wconf 74' lang='lat' dir='ltr'><strong>metitiae</strong></span> <span class='ocrx_word' id='word_1_626' title='bbox 427 5688 518 5748; x_wconf 81' lang='lat' dir='ltr'><strong>plenus</strong></span> <span class='ocrx_word' id='word_1_627' title='bbox 540 5693 665 5751; x_wconf 66' lang='lat' dir='ltr'><strong>epoptm,</strong></span> <span class='ocrx_word' id='word_1_628' title='bbox 690 5690 739 5736; x_wconf 88' lang='lat' dir='ltr'><strong>ntst</strong></span> <span class='ocrx_word' id='word_1_629' title='bbox 761 5693 790 5736; x_wconf 92' lang='lat' dir='ltr'><strong>ut</strong></span> <span class='ocrx_word' id='word_1_630' title='bbox 811 5689 886 5736; x_wconf 86' lang='lat' dir='ltr'><strong>simili</strong></span> <span class='ocrx_word' id='word_1_631' title='bbox 909 5701 964 5735; x_wconf 75' lang='lat' dir='ltr'><strong>moa</strong></span> <span class='ocrx_word' id='word_1_632' title='bbox 983 5687 1101 5747; x_wconf 75' lang='lat' dir='ltr'><strong>furamur</strong></span> <span class='ocrx_word' id='word_1_633' title='bbox 1118 5688 1194 5736; x_wconf 88' lang='lat' dir='ltr'><strong>etiam</strong></span> <span class='ocrx_word' id='word_1_634' title='bbox 1211 5686 1240 5736; x_wconf 88' lang='lat' dir='ltr'><strong>de</strong></span> <span class='ocrx_word' id='word_1_635' title='bbox 1258 5690 1280 5733; x_wconf 89' lang='lat' dir='ltr'><strong>te</strong></span> <span class='ocrx_word' id='word_1_636' title='bbox 1297 5685 1400 5747; x_wconf 77' lang='lat' dir='ltr'><strong>paudte.</strong></span> <span class='ocrx_word' id='word_1_637' title='bbox 1436 5682 1500 5747; x_wconf 77' lang='lat' dir='ltr'><strong>quod</strong></span> <span class='ocrx_word' id='word_1_638' title='bbox 1517 5695 1587 5743; x_wconf 81' lang='lat' dir='ltr'><strong>spero</strong></span> <span class='ocrx_word' id='word_1_639' title='bbox 1604 5680 1732 5730; x_wconf 74' lang='lat' dir='ltr'><strong>domimm</strong></span> <span class='ocrx_word' id='word_1_640' title='bbox 1748 5683 1861 5729; x_wconf 84' lang='lat' dir='ltr'><strong>nostrum</strong></span> 
     </span>
     <span class='ocr_line' id='line_1_51' title="bbox 243 5770 1004 5836; baseline -0.001 -13"><span class='ocrx_word' id='word_1_641' title='bbox 243 5770 400 5823; x_wconf 79' lang='lat' dir='ltr'><strong>iheodeaium</strong></span> <span class='ocrx_word' id='word_1_642' title='bbox 417 5798 452 5809; x_wconf 92' lang='lat'><em>-</em></span> <span class='ocrx_word' id='word_1_643' title='bbox 470 5775 542 5823; x_wconf 80' lang='grc' dir='ltr'><strong>οο1οο</strong></span> <span class='ocrx_word' id='word_1_644' title='bbox 560 5776 587 5822; x_wconf 88' lang='lat' dir='ltr'><strong>tn</strong></span> <span class='ocrx_word' id='word_1_645' title='bbox 604 5776 695 5823; x_wconf 85' lang='lat' dir='ltr'><strong>amieos</strong></span> <span class='ocrx_word' id='word_1_646' title='bbox 711 5773 851 5836; x_wconf 68' lang='lat' dir='ltr'><strong>diurnatione</strong></span> <span class='ocrx_word' id='word_1_647' title='bbox 867 5772 1004 5835; x_wconf 76' lang='lat' dir='ltr'><strong>fortunam.</strong></span> 
     </span>
    </p>
   </div>
   <div class='ocr_carea' id='block_1_14' title="bbox 0 0 2370 6468">
    <p class='ocr_par' dir='ltr' id='par_1_18' title="bbox 0 0 2370 6468">
     <span class='ocr_line' id='line_1_52' title="bbox 0 0 2370 6468; baseline 0 0"><span class='ocrx_word' id='word_1_648' title='bbox 0 0 2370 6468; x_wconf 95' lang='lat' dir='ltr'><strong> </strong></span> 
     </span>
    </p>
   </div>
  </div>
 </body>
</html>
