4746 6472
964 477 1078 532 LIBER
1095 478 1132 532 II.

804 890 908 956 LXVI
928 891 1034 973 [LXV]
1076 898 1152 956 ante
1167 911 1198 955 a.
1218 891 1293 953 395.

703 1044 963 1110 SYMMAOHVS
986 1045 1202 1111 FLAVIANO
1225 1045 1394 1109 FRATRI.
1886 1044 1920 1106 P

324 1218 358 1282 Si
388 1216 549 1282 amicitiae
580 1236 707 1300 semper
734 1216 814 1282 ratio
845 1216 1005 1301 deposcit,
1041 1224 1075 1282 ut
1104 1222 1215 1281 mutua
1243 1216 1374 1300 negotia
1403 1216 1536 1281 alternis
1565 1216 1712 1282 iuvemus
1735 1215 1859 1295 officiis,

240 1328 356 1404 quanto
377 1319 541 1404 inpensior
563 1318 754 1385 utilitatibus
777 1320 1026 1405 propinquorum
1048 1340 1125 1385 cura
1147 1319 1290 1400 debetur,
1317 1339 1450 1402 quorum
1473 1319 1565 1385 nobis
1580 1319 1664 1385 bona
1680 1326 1712 1386 et
1725 1319 1865 1385 adversa

212 1423 417 1489 scammonia
440 1428 536 1488 suntl
558 1421 636 1505 quid
658 1423 743 1504 quod
765 1443 864 1507 saepe
887 1442 1005 1489 causae
1027 1422 1156 1489 bonitas
1178 1424 1369 1503 cohortatur,
1395 1429 1431 1488 ιιι
1453 1423 1539 1507 quod
1561 1422 1716 1489 debemus
1738 1422 1859 1506 generi,

239 1527 413 1592 tribuamus
434 1525 612 1611 promptius
634 1526 814 1608 aequitati?
849 1546 931 1610 qnae
954 1547 1005 1591 me
1027 1546 1091 1591 non
1113 1526 1219 1591 minus
1248 1545 1306 1611 pro
1328 1525 1389 1591 Illo
1415 1546 1512 1610 quam
1541 1525 1746 1592 necessitudo
1775 1545 1863 1591 com·
1886 1527 1906 1586 2

240 1630 350 1711 movit,
385 1635 420 1695 ιιι
448 1629 520 1713 ipse
550 1628 647 1694 etiam
677 1634 827 1714 conperto
849 1650 890 1694 ex
912 1628 1067 1695 relatione
1091 1628 1225 1695 Victoris
1248 1629 1434 1713 spectabilis
1456 1628 1517 1694 viri
1539 1629 1666 1712 negotio
1688 1628 1858 1695 iudicabis.

240 1753 311 1797 nam
332 1753 395 1818 quo
417 1751 470 1798 res
492 1732 596 1798 notior
617 1731 717 1813 fieret,
743 1733 894 1817 publicae
916 1732 1076 1818 epistulae
1099 1732 1199 1797 malui
1221 1733 1371 1816 exempla
1394 1732 1527 1813 sociare,
1554 1752 1594 1798 ne
1616 1731 1695 1814 quid
1716 1731 1862 1811 †tiducia

239 1835 343 1901 dicere
372 1856 432 1920 per
461 1835 597 1919 gratiam
627 1834 797 1900 iudicaret.
844 1856 945 1918 nuuc,
982 1835 1010 1901 si
1040 1835 1098 1901 tibi
1127 1837 1276 1901 voluntas
1306 1856 1379 1900 mea
1409 1835 1496 1901 cordi
1526 1841 1592 1917 est,
1631 1841 1762 1918 praesta
1789 1834 1864 1899 hnic

197 1958 222 1997 ιι
240 1938 417 2022 quaestioni
439 1946 596 2003 maturam
619 1937 833 2019 securitatem,
860 1959 956 2022 quam
978 1959 1035 2023 pro
1057 1938 1181 2004 iustitia
1204 1938 1301 2005 etiarn
1324 1959 1375 2004 me
1398 1939 1514 2003 silente
1536 1937 1690 2003 deferres.

793 2333 913 2397 nxvn
932 2334 1054 2416 (exn)
1088 2339 1164 2399 ante
1179 2304 1210 2398 a}
1230 2336 1304 2398 aas.

703 2487 964 2553 erumnosus
986 2486 1204 2553 annulus
1226 2484 1396 2552 aarum.

322 2663 427 2726 Parva
449 2667 499 2725 est
520 2658 753 2725 commendatio
777 2658 966 2743 scriptorum
989 2679 1147 2741 meorum,
1181 2659 1209 2724 si
1232 2658 1400 2725 Leontium
1427 2659 1619 2724 familiarem
1635 2680 1748 2725 meum
1769 2659 1863 2724 inno-

240 2783 312 2829 cens
334 2762 720 2853 vitabqumibusqne
743 2761 905 2828 conciliat.
952 2781 1010 2827 suo
1032 2762 1130 2845 igitur
1151 2761 1318 2848 praeditus
1347 2762 1459 2829 merito
1488 2763 1774 2829 commendationis
1803 2763 1863 2828 ad-

197 2885 223 2925 ιι
241 2866 391 2932 minicula
413 2887 476 2932 non
498 2865 647 2950 requirit,
680 2871 841 2955 ettamen
863 2864 1025 2931 abstinere
1046 2885 1110 2930 non
1133 2864 1235 2931 debeo
1257 2865 1316 2931 tali
1338 2885 1457 2950 genere
1479 2865 1674 2946 litterarum,
1700 2865 1804 2949 magis
1827 2871 1863 2930 ιιι

240 2969 398 3036 amicitiae
428 2968 644 3049 satisfaciam,
676 2988 772 3050 qnam
802 2973 838 3033 ut
865 2967 896 3033 ei
925 2966 1048 3051 aliquid
1077 2968 1147 3052 opis
1174 2968 1347 3034 conferam.
1394 2976 1429 3035 tn
1451 2976 1559 3035 tamen
1581 2989 1638 3053 pro
1662 2968 1858 3051 dignatione,

239 3092 300 3155 qua
321 3072 429 3137 clarus
451 3090 497 3153 es,
523 3071 621 3138 facito
642 3071 776 3153 noverit,
802 3070 939 3154 gratiam
963 3071 1013 3136 sui
1035 3091 1107 3137 meo
1129 3092 1256 3156 quoque
1278 3072 1407 3138 nomine
1430 3092 1502 3139 esse
1524 3071 1732 3156 geminatam.
1772 3071 1857 3137 vale.

766 3465 903 3533 LXVIII
921 3465 1061 3552 (LXVII)
1095 3473 1171 3533 anto
1185 3487 1217 3533 a.
1236 3471 1310 3533 395.

694 3619 955 3730 SYMIIAOHVS
977 3620 1196 3687 FLAVIANO
1218 3621 1388 3687 FRATRI.
1878 3624 1941 3686 PF

185 3809 212 3851 ιι
313 3796 447 3862 Brevem
470 3814 602 3861 necesse
625 3799 675 3860 est
696 3813 769 3860 esse
792 3812 981 3875 sermonem,
1008 3791 1063 3875 qui
1085 3793 1269 3878 properanti
1293 3800 1426 3879 repente
1449 3794 1665 3860 committitur.
1704 3814 1803 3878 quare
1826 3800 1859 3859 ct

231 3898 334 3964 officio
356 3898 436 3964 satis
459 3905 510 3965 est
531 3904 564 3965 et
585 3898 734 3964 brevitati
756 3895 910 3982 temporis
934 3895 1091 3980 congruit,
1117 3902 1153 3962 ut
1167 3896 1252 3963 eirea
1267 3903 1298 3963 te
1314 3894 1518 3963 salutationis
1533 3897 1652 3963 honore
1666 3896 1853 3982 perfungar.

231 4001 481 4068 vicissitudinem
504 4022 580 4068 vero
603 3999 784 4086 efflagitare
806 4020 870 4066 non
892 3998 1004 4083 debeo,
1030 4019 1127 4082 qnam
1149 4000 1228 4065 mihi
1250 4000 1385 4066 arbitror
1406 4022 1427 4065 a
1449 4000 1516 4066 viro
1539 4000 1701 4065 amicitiae
1724 4018 1857 4065 servan-

231 4104 352 4170 tissimo
375 4105 471 4171 etiam
495 4105 564 4171 sine
586 4104 803 4170 admonitione
825 4102 1040 4168 referendam.
1088 4104 1172 4169 vale.

751 4498 904 4564 uxvrnr
924 4498 1080 4581 (uxum)
1115 4505 1189 4562 ane
1205 4518 1235 4563 a.
1256 4499 1329 4563 aas.

184 4667 212 4711 a
694 4652 954 4720 srnnnenvs
976 4652 1195 4719 autumno
1218 4653 1386 4718 aarum.
1601 4612 1609 4629 ⁸
1713 4648 1718 4655 ’
1878 4654 1910 4715 P

315 4829 355 4892 Vt
377 4827 474 4893 silere
496 4848 558 4892 nou
581 4844 723 4910 possum,
750 4825 898 4908 quotiens
921 4824 1029 4891 stilum
1051 4823 1168 4890 invitat
1189 4824 1326 4902 occasio,
1355 4824 1402 4891 ita
1424 4824 1450 4890 si
1474 4824 1559 4891 desit
1580 4845 1680 4907 cansa
1702 4824 1854 4908 longioris

229 4929 387 5013 adloquii,
421 4929 535 4995 seriem
558 4929 697 5013 paginae
720 4929 842 5013 stringo
864 4927 1054 5013 conpendio.
1101 4928 1219 5011 loquax
1242 4927 1327 4995 enim
1349 4928 1443 5012 copia
1465 4935 1532 5009 est,
1565 4948 1648 5013 quae
1671 4928 1705 4993 in
1727 4948 1762 4994 re
1785 4928 1853 4992 usi-

229 5039 295 5099 tata
315 5040 412 5117 atque
434 5033 582 5099 sollemni
605 5034 772 5099 verborum
794 5032 954 5099 redundat
974 5032 1093 5097 eluvie.
1140 5032 1223 5098 bave
1252 5032 1350 5116 igitur
1379 5031 1451 5098 dico
1474 5038 1507 5098 et
1529 5031 1670 5098 vicissim
1692 5039 1787 5116 pcto,-
1819 5037 1854 5097 ut

230 5157 280 5202 me
301 5156 523 5222 prosperorum
545 5136 670 5202 tuorum
692 5136 812 5202 indicio
835 5135 1023 5201 munereris.

292 5366 638 5374 ,α’-*-

312 5518 367 5568 tsi
386 5519 512 5568 amicitiae
531 5519 563 5579 tsi
581 5534 595 5566 ι
613 5521 641 5567 tn
658 5474 719 5579 ras.)
740 5518 763 5565 P
882 5515 976 5578 dfert.
997 5530 1039 5579 pro
1058 5515 1177 5577 Magnillo
1293 5509 1430 5579 essonca]
1449 5512 1476 5573 P,
1498 5514 1618 5561 ficticium
1640 5512 1739 5573 Gruter,
1760 5480 1851 5561 fidncia

228 5605 264 5652 tul
281 5619 323 5666 epo

314 5690 345 5740 19
363 5705 413 5739 om.
428 5691 452 5737 F

312 5775 346 5835 28
363 5772 441 5852 bane]
457 5776 522 5825 lime
542 5773 607 5841 (ΓΦ)
