4736 6478
1084 510 1281 566 sruuAcfli
1299 509 1511 567 EPISTVLAE

1085 841 1156 915 AD
1184 836 1503 916 GREGORIVM.

1167 994 1261 1060 XVII
1290 1013 1322 1059 a.
1341 995 1426 1059 378?

1036 1131 1296 1197 SYMMACHVS
1323 1131 1554 1198 GREGORIO.

570 1305 680 1369 Habeo
703 1304 929 1388 expostulandi
951 1304 1262 1390 tecumprcbabiles
1285 1321 1410 1384 causas,
1438 1303 1699 1386 quandoquidem
1721 1301 1882 1387 pontificio
1903 1303 2035 1369 litterati
2049 1303 2108 1367 he

482 1407 570 1472 noris
592 1414 706 1472 auctus
729 1409 851 1473 nullum
875 1408 954 1474 mihi
976 1408 1129 1474 indicium
1153 1409 1329 1474 communis
1350 1407 1461 1492 gaudii
1484 1406 1685 1492 praestitisti.
1732 1406 1792 1471 sed
1814 1407 1889 1471 nolo
1912 1405 2033 1491 primas
2055 1405 2109 1471 lit·
2128 1430 2142 1466 a

481 1517 568 1576 teras
591 1531 680 1576 meas
702 1511 780 1576 felle
802 1511 1035 1596 obiurgationis
1053 1512 1206 1593 imbuere,
1233 1532 1274 1577 ne
1296 1510 1437 1577 animum
1459 1517 1548 1577 tuum
1571 1509 1760 1576 contrahant
1780 1530 1892 1575 amara
1914 1530 2106 1575 sermonum.

482 1634 581 1696 quare
611 1613 733 1681 decedo
761 1615 967 1699 querimoniis
996 1622 1030 1681 et
1059 1624 1164 1682 tecum
1193 1616 1277 1681 hanc
1303 1615 1431 1680 veniam
1459 1614 1505 1679 sic
1527 1614 1688 1699 paciscor,
1722 1621 1758 1680 ut
1779 1614 1813 1679 in
1835 1613 1993 1697 reliquum
2016 1612 2109 1697 pensi

442 1721 461 1781 1
484 1719 607 1784 habeas
628 1718 791 1784 amicitiae
814 1718 1026 1803 diligentiam.
1068 1718 1110 1784 sit
1130 1719 1215 1784 inter
1236 1737 1294 1783 nos
1317 1718 1469 1801 frequens
1491 1718 1617 1784 honesti
1639 1737 1716 1783 usias
1739 1717 1847 1799 officii,
1873 1718 1938 1784 sint
1951 1716 2110 1782 adsiduae

483 1822 672 1907 scriptorum
695 1822 902 1888 familiarium
925 1822 1023 1888 vices.
1071 1822 1190 1907 quippe
1217 1821 1315 1888 tacita
1344 1821 1514 1887 concordia
1535 1821 1816 1918 bigamiam
1846 1828 1906 1888 est.
1953 1820 2027 1887 ideo
2057 1820 2110 1885 lit-

482 1934 569 1990 teras
598 1925 735 1997 adfabra
763 1947 867 1991 rerum
898 1927 949 1991 vel
980 1934 1095 1992 natura
1123 1928 1175 1992 vel
1204 1925 1365 1991 industria
1393 1926 1533 2011 peperit,
1567 1933 1602 1991 ut
1629 1946 1802 2009 numquam
1829 1933 1919 1991 muta
1941 1931 2028 1990 esset
2049 1923 2108 1989 ad-
2132 1945 2161 1983 rc

483 2028 589 2109 fectio,
615 2037 647 2094 et
670 2029 698 2095 si
720 2028 849 2112 quando
870 2031 1034 2112 absumus,
1060 2029 1191 2113 linguae
1214 2035 1249 2095 ut
1269 2049 1399 2115 operam
1421 2028 1630 2113 fungerentur
1650 2029 1746 2112 signa
1759 2028 1941 2094 verborum.
1979 2027 2061 2092 haec
2075 2027 2109 2091 in

483 2132 668 2217 praesentia
690 2133 770 2198 satis
792 2132 878 2198 dicta
900 2140 990 2213 sunt,
1024 2139 1099 2218 opto
1129 2133 1281 2218 deinceps
1304 2133 1472 2199 materiam
1494 2131 1573 2198 mihi
1595 2132 1638 2198 ad
1661 2132 1919 2218 respondendum
1942 2131 2012 2197 dari
2033 2152 2110 2215 gra-

482 2237 529 2303 tia
550 2236 691 2303 muneris
713 2236 760 2303 tui
782 2257 845 2302 non
868 2236 977 2303 dolore
1000 2236 1133 2303 fastidii.

1160 2477 1271 2543 XVIII
1303 2497 1334 2542 a.
1354 2479 1428 2543 379.

1035 2615 1295 2682 SYMMACHVS
1323 2614 1554 2682 GREGORIO.
2135 2637 2163 2677 ιε,

568 2789 725 2857 Abundas
747 2789 877 2872 quidem
899 2795 1033 2854 naturae
1055 2787 1148 2854 bonis
1170 2795 1202 2853 et
1223 2786 1346 2871 ingenii
1368 2788 1586 2869 facultatibus,
1613 2788 1671 2854 scd
1690 2789 1831 2854 continui
1847 2788 1968 2854 silentii
1982 2790 2112 2873 culpam

482 2892 540 2958 tibi
562 2912 690 2976 quoquc
712 2912 852 2977 purgare
875 2891 1008 2957 difficile
1031 2897 1092 2957 est.
1138 2890 1326 2973 quidecim
1349 2891 1401 2957 vel
1424 2911 1465 2956 ex
1486 2911 1563 2957 vero
1586 2893 1638 2956 vel
1661 2912 1703 2957 ex
1725 2896 1943 2957 commenticio
1966 2891 2031 2957 dici
2052 2912 2112 2977 po-

481 3001 566 3062 test?
602 2995 720 3061 itinera
741 3015 811 3078 me,
835 2994 977 3079 inquies,
1004 2994 1101 3077 longa
1123 3000 1310 3060 tenuerunt:
1337 2993 1395 3060 sed
1418 3014 1515 3079 saepe
1539 3001 1699 3060 cessatum
1722 3001 1755 3061 et
1774 2994 1951 3077 aliquando
1972 3014 2114 3080 perven-

481 3106 549 3164 tum
579 3105 644 3177 est3
683 3098 814 3182 vigilem
844 3118 974 3184 operam
1004 3097 1143 3183 publicis
1171 3098 1267 3163 rebus
1296 3097 1458 3181 inpendo:
1495 3098 1555 3164 sed
1582 3097 1706 3165 vicibus
1735 3097 1792 3164 otii
1821 3098 1987 3182 negotium
2017 3117 2111 3163 omne

482 3201 700 3287 distinguitur.
748 3208 861 3281 restat,
899 3202 985 3285 qued
1018 3200 1149 3266 minime
1182 3202 1270 3282 volo,
1307 3207 1342 3267 ut
1372 3200 1507 3266 fatearis
1540 3201 1702 3267 amicitiae
1734 3201 1987 3286 neglegentiam.
2033 3221 2109 3267 nam
2130 3223 2163 3265 ao

441 3306 592 3371 20fdcia
614 3305 641 3370 si
663 3305 851 3389 plerumque
873 3303 1019 3385 deseras,
1045 3303 1213 3389 occupatio
1236 3311 1296 3386 cst,
1323 3304 1350 3368 si
1374 3324 1511 3389 semper,
1538 3304 1668 3370 oblivio.
1716 3305 1808 3370 irasci
1829 3325 1879 3370 me
1901 3310 2017 3389 putasi
2048 3305 2110 3370 hoc

481 3410 510 3476 si
532 3408 601 3475 fieri
623 3414 743 3493 posset,
769 3414 921 3474 tacerem.
967 3406 1088 3473 inludis
1111 3428 1188 3492 ergo
1210 3407 1387 3493 patientiae
1410 3414 1524 3474 meael
1559 3408 1649 3491 atqui
1670 3407 1852 3493 intellegas,
1878 3428 2016 3490 aequum
2040 3407 2110 3472 ani-

482 3534 568 3579 mum
597 3511 719 3578 maiore
747 3511 849 3597 pretio
875 3511 1120 3576 munerandum.
1166 3511 1332 3596 indignius
1353 3511 1509 3592 laeditur,
1543 3532 1637 3594 quem
1661 3512 1776 3595 religio
1798 3532 1862 3578 non
1884 3512 2039 3597 permittit
2060 3511 2110 3577 of-

481 3617 580 3683 fendi.
628 3623 661 3683 et
683 3623 768 3682 certe
790 3615 935 3681 interfuit
957 3614 1184 3680 sollicitudinis
1206 3621 1281 3681 tuae
1304 3635 1436 3681 exerere
1458 3614 1583 3698 aliquid
1605 3615 1773 3681 verborum
1795 3614 2013 3699 familiarium,
2038 3635 2110 3681 cum

482 3720 561 3787 mihi
584 3721 625 3787 de
648 3719 774 3785 scriniis
796 3718 861 3784 tuis
883 3719 1026 3802 profecta
1049 3718 1255 3802 delegaretur
1276 3718 1386 3783 oratio.
1427 3718 1468 3784 de
1490 3740 1555 3802 qua
1576 3725 1608 3784 te
1630 3718 1757 3784 interim
1780 3737 1972 3804 suspensum
1994 3718 2110 3784 tenebo
2130 3740 2162 3783 rs

482 3833 549 3892 tum
572 3824 700 3892 demum
723 3822 781 3888 tibi
803 3821 914 3887 iudicii
936 3820 1056 3906 publici
1080 3821 1222 3887 facturus
1245 3821 1416 3904 indicium,
1451 3842 1522 3888 cum
1545 3823 1747 3906 exoraveris,
1780 3842 1852 3888 cum
1874 3821 2047 3904 memeris,
2078 3827 2111 3887 et

483 3928 559 4010 quia
580 3927 660 3994 tanti
682 3927 806 3994 litteras
827 3933 901 3992 tuas
924 3925 1018 4007 duco,
1045 3945 1117 3991 cum
1139 3924 1316 4010 scripseris.
1364 3926 1449 3991 vale.

1156 4166 1283 4231 XVIIII
1312 4187 1343 4231 a.
1362 4169 1436 4233 380.

1036 4302 1296 4370 SYMMACHVS
1323 4303 1554 4371 GREGORIO.

569 4476 818 4543 Diuturnitatem
841 4475 960 4541 silentii
983 4474 1158 4559 aliquando
1180 4475 1310 4559 rupisti,
1345 4476 1404 4542 sed
1434 4478 1618 4544 mehercule
1646 4479 1866 4561 frequentibus
1887 4480 2037 4565 inpulsus
2059 4480 2110 4546 of·
2129 4506 2160 4545 ao

483 4580 583 4656 ficiis;
616 4600 677 4664 ege
699 4588 808 4646 tamen
830 4599 892 4643 non
916 4579 1037 4644 minore
1059 4578 1192 4645 adficior
1213 4580 1442 4663 gratulatione,
1473 4602 1568 4664 quam
1593 4582 1621 4647 si
1644 4582 1768 4648 litteras
1792 4590 1904 4667 sponte
1926 4583 2105 4649 tribuisses.

481 4684 626 4769 germani
648 4684 711 4750 mei
733 4682 856 4749 vicaria
877 4688 1035 4767 potestate
1058 4682 1196 4765 gaudeo,
1222 4690 1385 4767 tamquam
1408 4683 1486 4749 mihi
1510 4684 1608 4751 decus
1631 4684 1762 4750 honoris
1778 4686 1961 4753 accesserit.
2001 4693 2110 4754 vestro

570 4963 580 5013 1
602 4963 708 5025 explicit
719 4962 750 5012 nd
762 4961 914 5010 naucellinm
926 4961 1008 5024 lucplt
1022 4961 1071 5023 (sic)
1087 4962 1117 5009 ad
1130 4963 1269 5021 gregorim
1284 4962 1313 5023 P,
1333 4976 1381 5010 om.
1398 4964 1421 5009 Ρ
1522 4963 1538 5012 3
1556 4978 1604 5012 om.
1620 4965 1643 5010 Ρ
1743 4966 1869 5027 graegorio
1882 4965 1905 5012 P
1914 4970 1937 5014 ct
1949 4967 1985 5014 tn
1997 4966 2109 5027 deinceps

481 5050 497 5100 t
516 5051 599 5099 iterati
617 5051 640 5098 Ρ
751 5048 767 5097 6
786 5062 819 5098 nc
835 5061 884 5097 cm.
899 5046 922 5095 P
935 5051 947 5095 l
960 5063 995 5097 m.
1113 5047 1128 5097 8
1146 5048 1247 5096 honesti
1265 5046 1339 5115 usus]
1356 5062 1408 5111 epo,
1429 5049 1560 5098 honestius
1579 5048 1656 5113 Pin,
1676 5051 1754 5099 honor
1772 5051 1799 5113 Ρ,
1820 5052 1898 5100 honos
1916 5052 1992 5101 istius
2011 5050 2110 5101 Medius

484 5137 514 5186 10
532 5141 635 5197 natnmp
653 5135 676 5184 P
778 5134 918 5197 industriae
937 5133 960 5181 P
1066 5133 1093 5183 11
1114 5148 1212 5198 operam
1231 5133 1259 5198 P,
1280 5147 1383 5196 operum
1404 5137 1425 5182 Ρ
1528 5135 1558 5185 11
1577 5139 1704 5198 praesenti
1724 5138 1746 5185 Ρ
1847 5144 1921 5188 sunto
1940 5137 2075 5188 Monnnocn

569 5222 600 5271 15
618 5235 667 5271 om.
687 5222 710 5268 Ρ
824 5219 855 5270 16
873 5220 1003 5283 abuudaqs
1023 5219 1068 5267 ΡΡ
1183 5219 1213 5268 17
1232 5222 1272 5269 nel
1292 5234 1324 5270 ex
1342 5223 1404 5270 falso
1422 5223 1464 5270 uel
1482 5237 1515 5270 ex
1532 5229 1699 5272 commentato
1717 5224 1740 5272 Ρ
1851 5221 2036 5293 commenticio]
2053 5240 2106 5287 epo,

480 5314 645 5358 commentato
659 5307 710 5369 ΡΡ,
730 5312 870 5355 commento
889 5305 1023 5354 Mornmscn
1130 5306 1159 5355 18
1178 5304 1234 5373 sed]
1252 5307 1274 5355 sl
1286 5307 1309 5354 Ρ
1412 5306 1443 5357 19
1462 5306 1549 5376 rebus]
1567 5311 1674 5370 negotiis
1692 5311 1713 5358 Ρ
1813 5314 1943 5373 negotium
1960 5327 2059 5377 omnem
2079 5314 2107 5374 P,

480 5411 580 5445 omnem
592 5395 720 5456 negotium
733 5393 756 5440 Ρ
845 5391 876 5442 11
897 5394 988 5442 obliuio
1000 5394 1076 5442 irasci
1089 5389 1140 5459 ms]
1152 5394 1247 5454 Ifcupt,
1262 5394 1353 5444 obliuio
1366 5401 1435 5444 trans
1448 5397 1542 5444 ulmeri
1555 5395 1632 5458 Ple,
1647 5398 1783 5447 obliuloulr
1795 5398 1888 5446 edmeri
1903 5399 1925 5447 Ρ
2013 5399 2047 5450 11
2065 5408 2110 5450 aut

481 5483 526 5545 qni
543 5481 638 5530 Pam.
754 5478 786 5528 13
804 5480 1014 5529 remunerandum
1035 5480 1057 5526 Ρ
1167 5479 1201 5529 11
1218 5482 1384 5530 solllcltudini
1403 5483 1426 5530 Ρ
1526 5496 1644 5546 exserere
1663 5483 1692 5547 P,
1713 5498 1828 5534 exercere
1846 5486 1870 5532 Ρ
1971 5484 2004 5537 16
2022 5501 2110 5537 exora·

481 5569 547 5618 beris
566 5567 610 5615 Pl
625 5583 660 5616 m.
765 5564 798 5615 17
817 5566 880 5615 duco
897 5567 995 5615 lltterss
1014 5570 1071 5615 tuas
1090 5568 1112 5614 Ρ

568 5652 601 5702 31)
619 5654 725 5716 rupistis
743 5651 766 5700 P
885 5653 918 5702 31
937 5655 1044 5713 germini
1063 5652 1158 5704 Pim.
1275 5655 1369 5703 uicaria
1386 5651 1522 5721 potestate]
1541 5657 1619 5705 turen
1636 5657 1674 5706 cd.
1690 5658 1716 5721 1,
1736 5657 1800 5720 qued
1817 5672 1830 5706 c
1847 5658 1930 5707 codice
1947 5661 2033 5722 utiquo
2054 5661 2109 5723 (Pi-

481 5740 609 5802 thecam)
630 5740 745 5788 tamtum
762 5753 826 5800 etse,
853 5740 891 5788 ccl
909 5745 1114 5803 obtemperet,
1139 5740 1203 5804 qnod
1222 5742 1319 5789 faretra
1337 5744 1386 5803 lpse
1403 5756 1454 5791 non
1472 5744 1609 5806 intellexit,
1629 5743 1651 5791 h.
1673 5746 1690 5791 t.
1711 5743 1741 5794 dc
1761 5746 1851 5795 &unt
1871 5745 1968 5795 Titiani
1985 5749 2110 5797 cannata

482 5825 605 5893 Africano
622 5838 757 5877 sennonem
774 5840 834 5891 erse,
852 5826 893 5874 sed
910 5840 992 5876 vocem
1010 5829 1121 5893 germani
1137 5841 1183 5893 pro
1200 5831 1300 5877 nominc
1315 5832 1414 5893 proprio
1431 5831 1532 5895 occepit,
1553 5831 1608 5879 uice
1628 5830 1651 5878 P
