4744 6476
613 1464 692 1606 Q.
729 1464 1154 1595 AVRELII
1197 1463 1746 1596 SYMMACHI
1783 1465 1863 1594 V.
1902 1463 1971 1594 O.

983 1721 1598 1853 ORATIONVM

1047 1980 1190 2068 QVAE
1213 1977 1536 2061 SVPERSVNT.

565 2206 682 2254 Subiecta
699 2210 733 2253 est
751 2208 821 2253 varia
838 2206 910 2252 lectio
928 2204 1020 2253 codicis
1038 2207 1157 2265 rescripti,
1178 2207 1248 2252 cuius
1264 2220 1324 2266 pars
1342 2207 1422 2253 maios
1439 2207 1467 2254 in
1485 2204 1626 2254 bibliotheca
1645 2204 1809 2253 Ambrosiana
1825 2204 1857 2267 (E
1869 2206 1918 2251 ltl
1931 2201 2007 2263 ini),
2026 2206 2107 2250 minor

478 2296 506 2341 in
527 2293 645 2340 Vaticana
666 2291 750 2351 (otoo)
771 2295 920 2339 asservatur.

566 2377 665 2424 Litteris
683 2375 799 2428 divortit
817 2379 844 2425 in
862 2381 985 2437 apparatu
1002 2379 1086 2424 critico
1103 2391 1133 2424 ea
1150 2376 1267 2436 distinxi,
1293 2390 1355 2438 quae
1377 2382 1421 2424 ant
1439 2379 1551 2425 lectionis
1568 2381 1650 2424 minus
1667 2381 1746 2423 certae
1763 2381 1807 2424 ant
1824 2376 1900 2435 plane
1917 2374 2008 2423 dubiae
2025 2380 2103 2422 nant.

567 2465 634 2523 Ossae
651 2463 819 2525 Eumachus,
840 2477 897 2510 curn
914 2462 1045 2511 editionem
1063 2465 1169 2511 atteram
1185 2464 1326 2510 orationum
1343 2468 1452 2524 pararet,
1470 2466 1580 2522 marpini
1597 2462 1729 2523 adscripsit
1749 2464 1780 2522 to.
1795 2460 1998 2523 praefationem),
2019 2461 2107 2509 titteris

478 2550 618 2600 minoribus
636 2549 737 2599 autaut
755 2555 778 2599 et
796 2551 868 2599 lineis
887 2549 951 2598 bints
970 2550 1067 2597 inclusi.

1048 2753 1064 2817 1
1092 2753 1167 2818 hab.
1187 2754 1219 2819 d.
1239 2759 1279 2817 25
1295 2754 1391 2820 Febr.
1409 2774 1441 2818 a.
1460 2756 1535 2818 369.

707 2891 926 2957 Lavon‘rlo
949 2891 996 2955 IN
1019 2890 1382 2955 VALENTINIANVM
1405 2890 1624 2956 SENIOREM
1646 2890 1878 2956 AVGVSTVM

1222 3027 1360 3094 PRIOR.

1122 3204 1210 3262 Deest
1228 3201 1336 3282 fotium
1358 3220 1466 3264 ussum.

304 3389 377 3430 ambr.
391 3402 412 3440 1>-
428 3391 465 3431 us
568 3421 920 3439 .............
946 3371 1034 3437 liem.
1082 3370 1181 3438 totius
1211 3370 1297 3463 orbis
1328 3371 1406 3437 estis
1436 3370 1609 3455 indigenae
1631 3371 1711 3437 alibi
1732 3372 1869 3439 fructum
1893 3373 1994 3456 lueis,
2027 3373 2138 3439 alibis

478 3497 572 3542 usum
601 3477 719 3542 laboris
748 3474 883 3559 indepti.
931 3495 974 3539 an
1003 3494 1066 3539 non
1095 3473 1201 3559 ipsam
1231 3494 1359 3557 quoquo
1387 3474 1529 3540 Africam
1563 3474 1631 3540 iure
1663 3474 1802 3560 patriam
1836 3483 1924 3541 tuam
1957 3476 2104 3557 dixerim,

476 3599 561 3662 qnae
591 3585 623 3645 te
654 3579 758 3664 prima
786 3578 821 3645 in
850 3577 1054 3644 contubernio
1084 3577 1227 3662 parentis
1259 3576 1402 3655 edocuit,
1437 3578 1543 3659 qualis
1565 3577 1716 3662 princeps
1738 3598 1812 3644 esse
1835 3578 1988 3644 deberes?
2013 3579 2027 3664 ΙΙ
2057 3603 2107 3644 nee

479 3706 609 3760 umquam
627 3697 656 3745 te
675 3692 821 3745 existimes
839 3690 905 3744 aliis
923 3690 1074 3744 militasse:
1096 3688 1210 3744 futurus
1226 3687 1375 3757 Augustus
1394 3690 1448 3743 sibi
1467 3691 1625 3760 quaesivit,
1645 3691 1781 3760 quidquid
1799 3697 1864 3746 ante
1882 3690 2028 3755 defendit,
2048 3707 2107 3746 ser·

479 3786 560 3841 eavit
579 3790 676 3840 tenera
694 3791 784 3851 aetas,
806 3786 881 3855 quod
899 3791 1013 3853 regeret
1030 3790 1140 3839 matura
1159 3783 1284 3839 felicitas
1299 3777 1312 3859 11
1327 3776 1373 3841 ibi
1395 3776 1530 3860 primum
1554 3777 1694 3842 tolerans
1717 3776 1794 3841 solis
1817 3784 1850 3842 et
1871 3777 2014 3862 pulveris
2036 3797 2107 3843 esse

477 3880 636 3962 didicisti,
670 3881 760 3947 cuius
791 3880 912 3946 dudum
943 3880 1106 3946 cunabula
1128 3878 1261 3963 Illyriae
1291 3878 1384 3944 nives
1414 3885 1577 3953 texerant;
1610 3879 1666 3963 qui
1695 3899 1822 3945 caesam
1851 3880 1988 3964 glaciem
2011 3882 2107 3966 paulo
2129 3907 2157 3947 io

476 3990 551 4050 ante
580 3991 768 4070 potaverat,
801 3985 829 4050 is
859 3983 959 4050 veluti
989 3982 1033 4048 ad
1062 3983 1128 4048 alia
1157 3983 1318 4048 elementa
1347 3983 1522 4048 translatus
1553 3983 1673 4049 arentis
1696 3983 1820 4067 Libyae
1843 3984 1928 4049 sitim
1951 3985 2107 4069 patientie

440 4100 443 4105 ’
476 4088 690 4172 temperabas.
738 4107 872 4173 prorsus
900 4086 994 4170 quasi
1016 4089 1058 4152 ad
1080 4086 1183 4171 ipsius
1206 4085 1317 4151 mundi
1340 4086 1560 4170 gubernacula
1582 4086 1790 4170 designatus,
1823 4087 1975 4153 mutando
1998 4088 2107 4154 varias

478 4191 561 4255 caeli
589 4191 704 4276 plagas
732 4211 826 4255 nsum
856 4189 916 4256 tibi
938 4189 1081 4254 omnium
1104 4189 1270 4255 cardinum
1293 4189 1474 4255 vindicasti.
1522 4190 1635 4256 merito
1657 4210 1722 4255 non
1744 4196 1850 4276 potest
1871 4190 1968 4256 hodie
1991 4191 2106 4256 obesse

481 4292 655 4377 provinciis
685 4301 749 4359 tam
773 4294 871 4378 longa
893 4293 1041 4359 absentia
1063 4300 1135 4374 tua,
1168 4313 1249 4377 quas
1272 4299 1379 4359 tuetur
1399 4294 1503 4379 prima
1524 4293 1618 4359 notio.
1667 4293 1782 4358 similis
1804 4301 1854 4360 est
1875 4294 2024 4380 princeps
2046 4295 2107 4360 deo

478 4395 598 4482 pariter
620 4396 773 4463 universa
795 4397 946 4478 cernenti,
973 4397 1027 4479 qui
1051 4405 1181 4463 cunctas
1203 4404 1312 4482 partes
1333 4397 1422 4462 novit
1443 4397 1580 4485 imperii.
2126 4424 2156 4464 ss

437 4499 456 4558 2
571 4500 622 4565 ‘Si
645 4499 769 4566 litteras
777 4501 794 4581 ⁷,
821 4500 926 4583 inquit
947 4500 1085 4579 tullius,
1123 4500 1285 4566 ‘Graecas
1308 4500 1444 4566 Athenis
1467 4521 1530 4567 non
1553 4500 1717 4585 Lilybaei,
1745 4500 1878 4566 Latinas
1900 4501 2021 4567 Romae
2043 4521 2106 4566 non

481 4603 515 4667 in
538 4602 650 4669 Sicilia
681 4602 874 4683 didicisses’,
909 4603 1061 4669 videlicet
1082 4624 1123 4669 ex
1146 4605 1286 4669 locorum
1309 4593 1448 4687 ingeniis
1470 4604 1669 4689 adprobans,
1704 4625 1745 4670 ea
1766 4603 1892 4671 nescire
1914 4604 2101 4686 Caecilium,

475 4725 649 4789 quaecum
665 4704 753 4789 dicit,
779 4706 834 4771 ubi
849 4705 960 4772 innata
974 4727 1038 4772 non
1053 4713 1154 4788 erant,
1181 4707 1390 4783 adsecutum3
1418 4707 1488 4772 sola
1503 4713 1552 4773 est
1574 4706 1660 4772 enim
1683 4706 1929 4792 disciplinarum
1951 4708 2107 4792 magistra

476 4815 591 4874 natura
613 4809 790 4892 regionum.
827 4809 886 4875 tibi
907 4811 1039 4876 ardores
1054 4809 1225 4876 Gaetuliae
1248 4809 1403 4876 aestivam
1428 4810 1703 4891 consuetudinem,
1730 4810 1790 4876 tibi
1812 4812 1947 4896 Illyriae
1969 4810 2103 4895 pruinae

306 4933 379 4973 smsr.
394 4946 416 4983 ρ.
429 4935 466 4976 sa
481 4912 638 4978 bmmalis
660 4915 793 4978 horroris
815 4912 1018 4978 tolerantiam
1041 4912 1260 4994 tradiderunt3
1292 4913 1421 4996 genitus
1444 4913 1477 4978 in
1501 4912 1683 4997 frigoribus,
1710 4914 1867 4979 educatus
1887 4913 1891 5000 Ι
1911 4915 1943 4979 in
1967 4913 2099 4993 solibus,
2125 4940 2158 4979 20

564 5085 596 5137 16
614 5084 673 5139 cic.
694 5084 753 5141 div.
773 5086 802 5139 in
820 5084 904 5140 Caso.
926 5086 967 5149 11,
987 5085 1029 5139 39.

562 5344 626 5393 lde
645 5345 843 5406 inscriptionibus
861 5363 887 5395 v.
905 5348 1085 5409 praefationem
1203 5346 1360 5407 bindcgene
1473 5346 1675 5396 lcontubernls
1779 5346 1865 5408 quales
1970 5347 2069 5394 deberis

475 5432 551 5489 tomes,
572 5433 612 5479 eui
621 5431 734 5492 periodos
746 5446 794 5481 nec
806 5446 923 5495 umquam
936 5458 969 5468 -
988 5432 1004 5480 o
1017 5438 1113 5481 matura
1124 5434 1233 5482 felicitas
1246 5432 1374 5481 inserenda
1386 5437 1447 5494 erat,
1468 5447 1525 5480 cum
1537 5432 1599 5493 sotio
1610 5434 1691 5492 primo
1703 5435 1802 5493 periisse
1813 5432 1912 5482 videtur
2016 5431 2031 5481 8
2050 5446 2104 5480 ser-

475 5517 547 5566 nsbit
664 5517 694 5565 10
714 5518 831 5567 dedielsti
937 5517 967 5566 11
988 5514 1077 5583 lylblse
1181 5520 1329 5581 patientiam
1436 5518 1467 5567 11
1486 5532 1592 5581 prointus
1697 5515 1740 5584 ad]
1760 5517 1820 5580 Mai,
1842 5520 1882 5579 ab,
1902 5519 1961 5579 sert.
1982 5520 2105 5581 quislib

474 5605 557 5665 ipsius
574 5604 801 5665 nitsc'prImordiis
819 5606 850 5653 sd
868 5605 955 5653 mnudi
973 5605 1144 5666 gubernacula
1162 5605 1309 5665 designatus
1417 5605 1446 5654 14
1467 5601 1546 5671 notio]
1561 5620 1612 5668 epo,
1634 5606 1726 5653 nodtls
1739 5603 1801 5664 Mat,
1821 5606 1891 5653 uada
1994 5611 2033 5653 est
2048 5609 2105 5665 post

474 5690 591 5752 princeps
609 5693 725 5751 repetitur

564 5776 595 5825 lb
613 5777 700 5835 lilybsi
787 5791 869 5825 romae
887 5783 978 5826 corni
993 5794 1026 5826 m.
1042 5792 1070 5826 ea
1087 5791 1175 5838 pomae
1282 5776 1313 5826 19
1331 5779 1440 5837 getulisc
1546 5777 1578 5826 to
1598 5774 1715 5842 horroris]
1734 5776 1795 5837 Mai,
1817 5791 1911 5826 errores
1998 5778 2100 5836 genitus
