4736 6478
1112 476 1308 537 sunntcffl
1326 476 1536 538 EPISTVLAE

1099 811 1274 879 xxxxvr
1304 812 1409 879 nieme
1426 814 1545 898 sorsat

1149 952 1208 1016 an
1238 950 1491 1016 umenemvn.

595 1121 766 1205 spectatae
789 1120 891 1203 frugis
914 1121 999 1186 viros
1028 1122 1115 1205 apud
1142 1129 1174 1188 te
1204 1122 1307 1188 debeo
1330 1121 1569 1203 commendare,
1602 1122 1680 1205 quia
1701 1122 1908 1208 praecipuum
1932 1144 2048 1189 munus
2070 1132 2130 1203 est,

508 1231 542 1288 ut
564 1224 627 1289 tuis
650 1225 799 1290 amicitiis
821 1226 1011 1290 inserantur.
1059 1226 1189 1310 suscipe
1210 1226 1319 1309 igitur,
1345 1246 1465 1308 quaeso
1487 1233 1537 1307 te,
1563 1233 1632 1290 ortu
1655 1234 1687 1291 et
1708 1227 1850 1292 moribus
1872 1226 1968 1292 facile
1992 1248 2134 1292 summa-

507 1337 556 1392 tes
589 1347 708 1410 eosque
741 1329 773 1393 in
807 1330 943 1413 primore
977 1349 1150 1413 congressu
1184 1329 1343 1414 penetrali
1378 1328 1596 1395 familiaritate
1627 1327 1771 1412 dignare.
1833 1329 2027 1413 legationem
2065 1330 2167 1395 illisa

507 1432 740 1513 Campanorum
772 1432 1012 1515 provincialium
1044 1453 1211 1498 commune
1233 1433 1401 1498 mandavit
1426 1482 1662 1497 .........
1689 1431 1809 1498 habent
1830 1432 1963 1497 oranda.
2010 1433 2134 1498 iustitia

506 1534 686 1616 negotium,
718 1554 873 1618 personas
904 1555 977 1600 mea
1005 1556 1082 1600 cura
1109 1536 1319 1602 commendat.
1368 1519 1510 1601 advertis
1536 1535 1619 1600 duas
1642 1556 1714 1601 esse
1738 1555 1854 1600 causas
1876 1535 2077 1601 exercendae
2098 1536 2133 1600 in

507 1657 563 1701 eos
588 1637 804 1719 benignitatis,
830 1659 887 1722 pre
909 1640 1024 1722 quibus
1047 1640 1171 1724 publice
1194 1640 1341 1723 aequitas
1364 1639 1562 1722 petitionum,
1590 1639 1739 1723 privatim
1763 1659 1825 1703 non
1840 1639 2002 1721 gratiosus
2018 1639 2133 1704 lauda-

508 1749 555 1804 tor
578 1741 758 1807 intervenit.

1137 1999 1149 2014 ·
1218 1966 1417 2032 xxxxvss.

1226 2105 1285 2168 ΑΙ)
1308 2104 1347 2182 Q.
1372 2104 1407 2168 S.

593 2274 666 2339 Vidi
695 2275 816 2341 Romae
846 2275 1029 2341 Protadium
1058 2276 1160 2340 filium
1189 2283 1349 2356 uestrum,
1387 2275 1477 2340 errius
1507 2273 1774 2341 commendationi
1803 2274 1883 2339 nihil
1913 2295 1954 2340 ex
1988 2274 2132 2340 familiae

505 2383 631 2443 vestrae
654 2380 850 2444 ornamentis
872 2388 1000 2464 praeter
1022 2379 1144 2445 litteras
1166 2387 1240 2444 tuas
1263 2379 1377 2444 defuit.
1425 2398 1506 2460 quas
1529 2398 1600 2443 cum
1628 2377 1883 2458 desiderassem,
1916 2378 1956 2443 de
1986 2379 2132 2444 citeriore

506 2480 615 2546 Gallia
636 2481 826 2566 imperatum
849 2483 910 2548 sibi
932 2504 953 2548 a
975 2501 1084 2547 socero
1105 2482 1166 2547 iter
1186 2490 1218 2547 te
1241 2483 1350 2567 procul
1372 2489 1489 2565 agente
1512 2481 1686 2566 respondit.
1735 2482 1974 2547 excusationem
2003 2482 2131 2547 iuvenis

505 2605 566 2647 non
589 2585 726 2650 libenter
747 2586 873 2670 aceepi;
904 2593 1011 2652 cetera
1033 2607 1154 2651 morum
1177 2585 1321 2671 probavi.
1369 2586 1448 2651 satis
1472 2592 1521 2651 est
1543 2586 1603 2650 hoc
1624 2585 1755 2650 auribus
1777 2586 1894 2668 patris,
1927 2585 1978 2649 cui
2001 2586 2074 2650 nolo
2097 2586 2130 2649 in
2153 2610 2181 2649 ra

505 2708 555 2751 me
584 2688 758 2768 gratiosum
788 2689 894 2754 videri
921 2690 1136 2755 testimonium
1166 2689 1273 2755 brevis
1302 2689 1522 2774 experimenti.
1571 2690 1666 2754 simul
1695 2709 1824 2765 vereor,
1857 2709 1897 2753 ne
1927 2688 2004 2771 quid
2027 2690 2129 2754 amori

504 2796 559 2854 tuo
588 2791 620 2854 in
650 2792 750 2856 tilium
780 2792 948 2875 derogem,
982 2814 1076 2876 quem
1099 2813 1162 2858 non
1185 2794 1278 2858 decet
1306 2793 1408 2857 iuvari
1437 2791 1525 2877 apud
1550 2798 1581 2857 te
1604 2812 1662 2877 per
1684 2791 1872 2874 suffragium
1895 2792 2129 2857 conciliationis

504 2892 642 2958 alienae.

1205 3120 1423 3187 XXXXVIII.

376 3262 489 3327 PVM
1223 3258 1283 3323 ΑΙ)
1305 3258 1344 3336 Q.
1371 3258 1406 3324 S.
2149 3282 2179 3323 ao

565 3472 567 3477 -
589 3428 727 3494 Litteras
750 3429 911 3494 nonnullis
933 3428 1132 3496 humanitate
1155 3437 1371 3512 praestamus,
1397 3426 1457 3492 bas
1479 3435 1587 3494 autem
1608 3429 1736 3494 domine
1759 3435 1792 3494 et
1812 3428 1902 3494 fratri
1924 3448 1995 3493 meo
2010 3429 2124 3511 Basso,

503 3530 558 3612 qui
581 3530 697 3596 sororis
720 3532 864 3597 iomanes
886 3539 1003 3613 tuetur,
1028 3533 1113 3597 iusto
1135 3552 1244 3598 amore
1266 3531 1451 3597 detulimus.
1491 3531 1601 3615 petitio
1623 3532 1664 3596 ab
1687 3530 1850 3615 aequitate
1872 3552 1936 3598 non
1952 3531 2123 3618 discrepat,

503 3634 579 3717 quin
601 3635 708 3721 potius
729 3636 798 3702 iure
823 3687 974 3701 ......
999 3643 1095 3720 atque
1117 3635 1260 3702 iustitiae
1283 3635 1423 3701 munitur
1444 3634 1585 3700 auxiliis.
1633 3655 1706 3700 uam
1730 3635 1885 3700 rebellem
1914 3654 2041 3700 servum
2065 3636 2127 3701 sibi

502 3738 606 3820 poscit
626 3738 755 3819 adduci,
785 3740 829 3805 ad
852 3739 942 3804 cuius
964 3739 1244 3823 investigationem
1266 3760 1325 3805 nec
1349 3740 1512 3825 praecepti
1535 3739 1684 3804 caelestis
1706 3738 1880 3805 auctoritas
1902 3759 1962 3804 nec
1982 3739 2126 3805 Africani

502 3840 627 3906 comitis
656 3843 748 3926 vigor
776 3843 878 3929 potnit
905 3842 1088 3928 pervenire,
1123 3842 1281 3925 siquidem
1311 3842 1388 3908 facti
1416 3841 1550 3907 audacis
1579 3842 1725 3907 conscius
1753 3842 1961 3908 inminentem
1990 3863 2124 3927 poenam
2147 3869 2178 3908 aa

502 3943 695 4011 latebrarum
718 3947 832 4012 vitavit
853 3945 983 4029 effugio.
1023 3966 1095 4011 eum
1118 3946 1217 4029 igitur
1239 3967 1336 4031 super
1358 3946 1428 4011 eius
1451 3945 1536 4011 facto
1559 3952 1655 4028 atque
1677 3945 1820 4028 nequitia
1842 3945 1886 4010 ad
1900 3953 1932 4011 te
1947 3945 1996 4011 vir
2011 3946 2127 4011 lauda*-

502 4046 577 4111 bilis
598 4048 728 4116 Africae
757 4070 865 4115 comes
895 4050 1046 4134 scriptum
1076 4050 1239 4134 publicum
1268 4050 1398 4116 dedisse
1428 4048 1569 4132 dicatur,
1603 4048 1663 4114 erit
1690 4048 1835 4114 iustitiae
1863 4055 1896 4113 et
1917 4049 2126 4132 benignitatis

502 4157 576 4215 tuae
598 4151 631 4217 in
654 4153 795 4218 favorem
820 4153 989 4218 clarissimi
1005 4154 1064 4218 viri
1080 4153 1224 4219 divinum
1239 4172 1411 4238 provocare
1427 4151 1590 4237 iudicium,
1615 4173 1656 4218 ne
1679 4152 1814 4218 ulterius
1837 4152 1989 4218 innocens
2012 4152 2126 4218 domus

501 4256 689 4323 commentis
712 4257 867 4324 feralibus
890 4256 964 4321 vilis
986 4256 1139 4341 mancipii
1161 4265 1329 4324 terreatur.

1116 4515 1337 4581 XXXXVIIII
1370 4536 1402 4579 a.
1421 4518 1507 4578 400?

1142 4655 1201 4718 AD
1228 4652 1482 4718 MINERVIVM.

584 4825 626 4891 at
647 4846 717 4892 cum
734 4827 907 4894 Mediolani
929 4829 1092 4913 degerem,
1118 4828 1238 4894 cultum
1261 4826 1346 4892 circa
1366 4833 1398 4892 te
1420 4825 1623 4891 salutationis
1645 4826 1785 4906 exercui,
1812 4833 1845 4892 et
1865 4846 1950 4892 nune
1974 4847 2121 4893 remenso

497 4929 612 4995 itinere
641 4930 786 4997 sedulam
814 4953 944 5017 operam
972 4933 1125 4998 litterario
1154 4931 1278 5021 muneri
1309 4952 1372 4995 non
1402 4918 1529 5012 negavi.
1577 4936 1730 5012 expectas
1764 4928 1880 5009 credo,
1919 4938 1954 4996 ut
1986 4932 2123 5014 gratiam

585 5191 667 5241 20m,
689 5192 737 5241 VM
839 5194 957 5254 :irreges
979 5195 999 5242 V
1101 5194 1194 5243 durtii
1218 5194 1237 5240 V
1348 5192 1461 5255 5prlmo
1483 5189 1531 5239 VM
1642 5190 1833 5239 beommnnem
1856 5190 1883 5249 V,
1904 5192 2042 5242 communis
2062 5191 2090 5238 Μ

499 5278 627 5327 mandauit
644 5278 738 5327 habam
755 5281 846 5329 oranda
866 5279 970 5345 Pvrc,
998 5282 1128 5331 mandauit
1145 5283 1282 5344 necessitas
1300 5279 1388 5328 horum
1408 5277 1436 5325 M
1442 5316 1449 5341 ‚
1474 5279 1577 5340 supple.-
1599 5279 1625 5325 ln
1645 5292 1729 5326 curam
1747 5282 1816 5325 tuam
1834 5278 1926 5339 recipe,
1947 5292 2012 5339 qnae
2029 5279 2122 5326 habent

498 5365 589 5413 oranda
606 5365 645 5413 rel
662 5366 741 5414 simile
758 5367 819 5429 quid
922 5368 1096 5417 deserendae
1118 5368 1139 5416 V
1241 5362 1388 5432 Spubllce]
1407 5365 1512 5427 aarum,
1533 5365 1634 5426 publica
1655 5363 1729 5412 PVM

586 5452 613 5501 11
635 5454 665 5503 ed
684 5451 714 5517 ιῙῖ
733 5456 761 5517 (t.
781 5470 802 5504 e.
822 5456 944 5517 adquam
963 5456 1047 5518 supra)
1068 5455 1097 5516 P,
1117 5467 1167 5503 em.
1185 5455 1228 5502 Vl*
1331 5451 1361 5501 14
1378 5454 1480 5501 iuuenis
1499 5453 1544 5500 Pl
1558 5468 1592 5500 m.

584 5539 617 5589 20
634 5556 683 5591 orn.
702 5542 750 5590 VM
851 5541 881 5591 21
902 5538 1000 5607 autem]
1018 5544 1085 5602 anim
1108 5542 1134 5602 V,
1154 5554 1204 5589 orn.
1219 5539 1246 5586 Μ
1351 5537 1382 5587 23
1402 5541 1456 5588 inre
1475 5546 1549 5601 etque
1567 5539 1681 5587 iustitiae
1700 5538 1753 5601 PV,
1774 5539 1839 5586 iuris
1855 5543 1931 5599 atque
1950 5539 2065 5588 irrstlelee
2085 5538 2119 5600 M,

500 5627 599 5687 mappic.-
618 5629 710 5676 nititur
727 5629 854 5677 vaiebatte
866 5627 924 5691 quid
1028 5627 1254 5676 assentiscens
1358 5624 1390 5674 28
1409 5627 1519 5674 fauorem
1536 5627 1669 5674 clerlssiml
1686 5621 1749 5691 ulrl]
1769 5626 1868 5685 Oleros,
1888 5627 1999 5673 fauorem
2017 5640 2074 5674 rum
2090 5627 2120 5677 P.
2214 5670 2222 5689 ,

497 5713 606 5761 fauorem
623 5713 654 5763 e‘n
680 5713 732 5777 Vs),
753 5716 863 5764 fauorem
882 5721 995 5763 nostrum
1014 5713 1050 5777 M,
1069 5716 1181 5763 tenorem
1200 5711 1227 5762 Γ

584 5800 683 5851 diem.
702 5803 746 5849 Vs
847 5802 1013 5852 canterano
1035 5801 1055 5848 l'
1157 5815 1238 5863 nagan
1255 5800 1278 5848 P
