4716 6476
921 483 1036 539 LIBER
1052 483 1133 541 VIII.

977 847 1082 911 XVII.

886 1000 946 1065 ID
969 1002 1173 1067 RVFINVM.
1868 1002 1903 1065 P

305 1170 498 1236 Provinciali
528 1171 654 1236 actione
685 1171 838 1255 decursa,
870 1195 953 1257 quae
975 1175 1018 1240 ad
1041 1174 1123 1239 sacri
1146 1173 1294 1240 auditorii
1317 1173 1507 1257 cognitorem
1529 1174 1713 1240 necessaria
1733 1194 1849 1259 provo-

221 1274 344 1339 catione
374 1274 536 1358 pervenit,
569 1273 747 1341 delectatus
778 1296 848 1342 sum
877 1277 940 1342 fide
970 1298 1008 1342 ac
1039 1277 1209 1360 diligentia
1239 1284 1296 1342 tua
1325 1283 1357 1342 et
1379 1277 1538 1343 fortunam
1561 1277 1682 1361 negotii
1705 1298 1766 1342 non
1791 1277 1849 1344 de-

190 1377 355 1442 slensoris
386 1377 575 1443 inscientiae
605 1379 664 1443 sed
691 1387 763 1444 voto
789 1368 907 1445 indicis
929 1380 1086 1464 inputari.
1134 1380 1242 1446 hortor
1263 1380 1379 1463 igitur,
1413 1387 1448 1445 ut
1469 1381 1630 1446 amicitiae
1651 1400 1744 1446 meae
1765 1379 1848 1445 fidu-

221 1480 300 1546 ciam
322 1499 420 1564 geras
442 1487 475 1547 et
495 1481 669 1547 testimonii
690 1482 817 1547 interim
841 1484 939 1549 nostri
961 1484 1211 1568 adstipulatione
1234 1489 1399 1548 contentus
1422 1484 1550 1548 domum
1573 1491 1729 1565 nostram,
1764 1503 1847 1566 quae

220 1583 327 1649 multis
357 1584 613 1650 circumlatratur
640 1585 782 1669 iniuriis,
816 1586 952 1652 forensis
981 1586 1160 1653 industriae
1190 1587 1311 1651 tuearis
1334 1585 1450 1651 officio.
1497 1606 1556 1651 nos
1579 1594 1614 1652 nt
1635 1592 1749 1671 sponte
1772 1606 1848 1671 gra-

220 1686 296 1751 tiam
319 1688 405 1753 nudo
429 1694 461 1753 et
482 1688 622 1773 simplici
644 1690 1047 1774 protestamuradloquio,
1075 1690 1121 1756 ita
1143 1691 1186 1756 ad
1209 1688 1411 1755 referendam
1433 1688 1706 1773 vicissitudinem,
1733 1689 1761 1755 si
1783 1688 1847 1755 fors

219 1790 345 1873 iuverit,
371 1811 468 1876 pares
491 1811 564 1857 esse
585 1791 734 1857 nitemur.

970 2052 1091 2117 XVIII.

858 2206 917 2271 AD
940 2206 1201 2272 PATRVINVM.

308 2378 345 2441 ln
368 2397 449 2461 agro
471 2397 523 2443 me
547 2397 620 2444 esse
643 2378 781 2442 miraris.
828 2385 863 2443 at
884 2398 945 2461 ego
966 2377 1083 2443 iustius
1107 2385 1220 2462 stupeo
1242 2377 1286 2442 ad
1308 2398 1505 2444 communem
1529 2385 1561 2442 te
1584 2377 1719 2462 patriam
1744 2383 1851 2461 spreto

222 2481 303 2545 ruris
327 2479 391 2545 otio
414 2480 603 2563 revertisse,
636 2481 700 2546 nisi
721 2482 806 2564 quod
829 2502 959 2547 oausam
987 2480 991 2563 Ι
1018 2480 1078 2546 tibi
1100 2481 1222 2546 reditus
1244 2481 1360 2547 iterata
1383 2481 1423 2546 lis
1446 2481 1572 2546 adtulit.
1620 2480 1780 2564 alioquin,
1814 2487 1847 2545 ut
1870 2485 1908 2546 Π

226 2588 275 2648 est
296 2602 387 2648 mens
411 2590 467 2648 tua
489 2584 607 2665 quietis
630 2566 764 2668 cupida,
791 2585 903 2650 mallet
923 2584 1061 2669 negotiis
1083 2584 1211 2649 rusticis
1232 2584 1395 2649 inmorari.
1441 2583 1520 2650 mibi
1543 2583 1768 2649 suburbanitas
1791 2603 1850 2667 pe-

175 2708 203 2749 cs
221 2686 296 2751 dum
329 2685 533 2768 aegritudine
567 2688 726 2753 laboranti
759 2689 864 2771 magis
898 2688 1018 2754 solacio
1048 2708 1145 2770 quam
1173 2688 1329 2772 voluptati
1357 2695 1417 2753 est.
1463 2688 1584 2753 nullam
1618 2684 1848 2751 iucunditatem

220 2789 318 2854 tristis
341 2789 452 2854 morbo
475 2809 590 2854 sensus
612 2790 762 2857 admittit.
811 2791 870 2857 sed
900 2812 1010 2877 spero,
1045 2792 1073 2856 si
1094 2790 1312 2857 innocentiam
1336 2791 1447 2856 divina
1469 2790 1659 2876 respiciunt,
1691 2796 1724 2854 et
1741 2796 1777 2853 te
1800 2788 1849 2853 lo-

220 2892 305 2957 rensi
335 2891 558 2957 observatione
585 2894 757 2959 cariturum
787 2902 820 2961 et
848 2915 899 2960 me
929 2894 1124 2960 valetudinis
1153 2894 1413 2960 reconciliatione
1444 2893 1636 2959 sanandum.
1682 2899 1794 2975 gratus
1817 2898 1850 2956 et

220 2993 326 3060 facilis
356 2995 417 3061 erit
445 3003 502 3061 aut
531 2997 605 3059 mibi
625 2998 758 3062 Romam
789 2998 927 3079 reditus,
962 3004 1018 3064 aut
1040 2998 1099 3064 tibi
1122 2999 1165 3063 ad
1188 3018 1320 3081 agrum,
1353 2997 1386 3061 in
1409 3018 1471 3080 quo
1493 3016 1577 3061 nuno
1599 2996 1758 3078 diversor,
1791 3014 1849 3105 111-

221 3117 342 3164 cursus.

964 3341 1102 3405 XVIIII.

859 3496 919 3560 AD
941 3497 1203 3562 PATRVINVM.
1866 3500 1900 3563 F

310 3667 421 3751 Ipsum
452 3673 484 3731 te
514 3669 718 3749 malequam
742 3667 959 3733 delenimenta
981 3670 1165 3747 verborum3
1196 3675 1230 3733 tu
1254 3676 1363 3734 contra
1385 3668 1532 3753 epistulis
1555 3668 1722 3733 absentiae
1744 3688 1850 3733 moras

225 3769 367 3835 redimis.
414 3769 492 3852 quid
516 3770 543 3835 si
567 3770 784 3855 respondisset
806 3771 955 3855 opimitas
979 3772 1100 3854 segetis
1122 3781 1178 3837 aut
1199 3770 1382 3837 vindemiae
1405 3771 1575 3837 adrisisset
1597 3771 1745 3836 ubertas?
1780 3791 1850 3835 om-

222 3872 308 3937 nium
338 3879 517 3956 temporum
546 3874 633 3938 vices
663 3874 696 3938 in
728 3875 790 3939 otio
819 3875 900 3940 ruris
930 3876 1093 3959 exigeres,
1128 3875 1183 3958 qui
1212 3875 1348 3959 patriam
1380 3875 1466 3940 fame
1494 3875 1525 3940 in
1555 3874 1643 3957 agris
1666 3873 1850 3939 dominante

176 3996 204 4037 as
222 3995 283 4039 non
306 3976 452 4058 respicis.
500 3998 544 4041 an
566 3978 636 4042 solo
657 3977 780 4042 iuvaris
803 3979 950 4062 aucupio,
977 3979 1068 4043 cuius
1091 3999 1142 4043 me
1165 3985 1257 4062 parte
1280 3978 1429 4043 donasti?
1451 3977 1510 4043 sed
1531 3977 1582 4042 his
1605 3996 1731 4059 qnoque
1753 3977 1850 4060 gulae

221 4077 391 4144 inlecebris
416 4080 536 4144 Romae
566 4079 689 4163 positus
717 4080 851 4163 largiter
881 4081 1027 4146 utereris.
1075 4102 1149 4145 uam
1174 4081 1271 4146 simul
1293 4081 1351 4147 tibi
1374 4087 1407 4145 et
1429 4086 1576 4165 coempta
1598 4100 1639 4145 ex
1662 4079 1729 4145 foro
1751 4075 1850 4166 cupe-

223 4179 344 4247 dinario
367 4189 400 4247 et
421 4203 462 4248 ex
486 4183 668 4247 suburbano
691 4188 743 4248 tuo
767 4185 893 4268 perlata
916 4191 1132 4269 suppeterent.
1181 4183 1368 4267 quidquod
1391 4184 1487 4248 etiam
1510 4183 1624 4248 iactari
1648 4183 1755 4248 morbo
1778 4204 1848 4248 ma·
1871 4188 1890 4248 2

222 4290 343 4349 nouam
366 4291 454 4350 tuam
478 4285 633 4350 simulas?
655 4287 746 4351 cuius
768 4287 957 4367 valetudini,
985 4287 1013 4351 si
1033 4307 1111 4352 vera
1126 4287 1305 4372 praedicas,
1333 4286 1470 4352 solitudo
1484 4307 1549 4352 non
1565 4286 1716 4370 conpetit.
1754 4288 1849 4372 plura

307 4562 323 4610 3
342 4560 416 4629 sacri]
433 4563 539 4625 prm,
560 4578 638 4611 sasas
658 4564 681 4610 P
693 4569 705 4611 1
719 4581 753 4614 m.
859 4562 1023 4631 cognitorem]
1044 4566 1148 4627 Iuratus,
1168 4568 1306 4624 genitorem
1326 4566 1349 4612 P
1451 4565 1467 4614 4
1486 4566 1629 4614 defensores
1647 4565 1670 4612 P
1683 4570 1694 4612 l
1708 4580 1742 4614 m.

309 4648 339 4703 13
359 4649 415 4696 inde
433 4666 449 4697 o
466 4664 523 4697 cose
541 4664 641 4697 causam
659 4664 712 4699 nou
730 4656 860 4711 supersunt
879 4654 906 4699 irs
924 4650 947 4697 P
962 4653 1011 4698 nist
1029 4651 1101 4697 bueo:
1123 4650 1154 4699 15
1172 4653 1202 4699 bo
1222 4688 1228 4699 .
1247 4687 1275 4698 ..
1296 4652 1316 4699 tl
1335 4665 1362 4699 es
1382 4686 1388 4698 .
1405 4686 1435 4699 ..
1457 4650 1487 4699 111
1505 4653 1536 4699 bo
1555 4665 1599 4699 seu
1620 4688 1670 4700 ...
1692 4652 1775 4699 centii
1793 4687 1799 4701 .
1816 4685 1846 4700 ..

198 4748 202 4751 ·
224 4734 253 4783 11
272 4737 394 4783 siobseru
414 4773 420 4784 .
437 4773 443 4785 .
460 4772 466 4785 .
486 4736 584 4783 tudinis
602 4750 614 4782 r
633 4771 639 4782 .
656 4772 686 4785 ..
706 4739 949 4795 3111111111...
974 4734 1562 4795 18111111311111111...(1111111111111...
1672 4733 1846 4802 14111](Γ1,

221 4826 277 4869 tuse
298 4822 351 4882 (Π)
460 4820 491 4871 16
509 4822 589 4870 morbi
611 4820 673 4883 (Π).
694 4818 761 4886 111111
779 4823 802 4869 P
885 4876 888 4881 ,
907 4821 937 4871 18
957 4818 1030 4887 1111111]
1050 4822 1156 4884 Lects'rss,
1178 4823 1204 4869 ln
1226 4822 1277 4883 (II)

306 4907 337 4957 21
358 4921 409 4957 om.
430 4909 452 4955 2
553 4907 626 4955 batus
644 4908 764 4966 epistotae
782 4922 833 4955 stoa
850 4913 980 4969 supersunt
999 4911 1025 4955 iu
1045 4907 1067 4954 P
1083 4910 1132 4957 uisi
1150 4908 1223 4956 buce:
1250 4905 1282 4956 22
1300 4910 1384 4970 ipsum
1403 4910 1649 4970 tumuloque...
1670 4909 1801 4957 uerborum
1819 4912 1848 4955 tu

220 5018 305 5060 contra
398 5013 449 5059 tiae
467 5025 546 5060 moras
571 4975 685 5074 rediniipu
786 5010 817 5059 23
837 5011 969 5059 disset-
988 5012 1067 5071 segite
1086 5047 1093 5060 .
1111 5046 1138 5061 ..
1162 5011 1263 5058 mie-
1281 5012 1369 5058 uberta
1389 5048 1394 5059 .
1411 5048 1439 5061 ..
1466 5011 1498 5060 21
1517 5015 1579 5074 porri
1596 5039 1632 5047 —
1649 5012 1714 5059 ruris
1731 5047 1738 5060 .
1754 5046 1761 5060 .
1778 5046 1784 5060 .
1804 5024 1849 5071 ps·

220 5099 410 5146 triam-dom
431 5098 536 5146 ..25
555 5099 726 5147 11-1111111
748 5098 993 5147 ...cuius-sed
1085 5098 1304 5159 gule—largiter
1323 5132 1330 5146 .
1347 5134 1374 5145 ..
1396 5113 1422 5158 ρ.
1443 5097 1502 5157 220,
1524 5097 1539 5148 2
1560 5135 1566 5147 .
1584 5134 1613 5146 ..
1634 5099 1672 5146 clo
1691 5134 1697 5146 .
1713 5132 1743 5147 ..
1764 5098 1847 5156 iugem

221 5182 236 5231 3
256 5220 307 5234 ...
329 5186 415 5232 stione
555 5183 587 5233 22
605 5186 688 5246 ipsum
707 5211 742 5220 -
760 5190 845 5232 contra
862 5197 909 5231 om.
933 5180 978 5245 23,
1000 5182 1034 5243 cs.
1053 5199 1081 5243 p.
1101 5182 1161 5241 218,
1183 5182 1215 5231 28
1342 5185 1426 5246 ipsum
1445 5181 1481 5250 te]
1502 5185 1530 5247 P,
1550 5187 1633 5247 ipsum
1652 5188 1735 5231 antem
1753 5192 1779 5230 te
1800 5180 1844 5243 23,

219 5271 302 5333 ipsum
322 5275 406 5317 sutem
425 5271 456 5317 de
476 5269 511 5316 21
627 5276 655 5319 tu
674 5268 768 5337 conns]
787 5270 816 5329 P,
837 5276 934 5317 tuorum
954 5269 977 5314 2
1098 5268 1130 5318 23
1149 5266 1288 5333 1111111111
1308 5268 1353 5317 Pl
1368 5286 1402 5318 m.
1520 5270 1608 5331 quodsi
1627 5266 1664 5317 23
1778 5281 1847 5331 opor-

219 5357 316 5403 tunitas
336 5351 372 5402 23
501 5354 633 5421 11111112
762 5357 859 5404 risisset
877 5352 914 5401 23
1045 5355 1078 5405 nt
1097 5351 1223 5419 exigeres]
1241 5355 1278 5415 Π,
1299 5366 1384 5415 ageres
1403 5353 1469 5416 F¹·³,
1491 5370 1567 5415 agens
1587 5353 1623 5402 23
1742 5356 1846 5415 patriam

220 5438 298 5507 lame]
317 5437 384 5500 223,
405 5444 501 5502 patriae
518 5443 610 5490 lamam
629 5443 651 5489 2
657 5439 689 5478 33
827 5441 997 5489 domiusutem
1016 5440 1049 5488 2ι
1189 5440 1222 5491 25
1241 5437 1284 5507 su]
1304 5439 1369 5502 223,
1391 5447 1435 5489 sut
1453 5438 1513 5488 F¹·²
1650 5441 1755 5489 laniaris
1774 5437 1813 5487 P²

220 5530 293 5575 culus
310 5552 347 5563 -
363 5526 396 5575 26
414 5530 521 5576 utereris
539 5542 588 5578 om.
604 5525 715 5577 231111.
839 5529 867 5575 iu
885 5531 943 5574 ants
961 5527 1001 5575 bis
1020 5530 1094 5576 111111.
1117 5525 1150 5573 23
1271 5524 1381 5593 qnoque]
1400 5540 1449 5589 quo
1469 5524 1502 5572 F³
1627 5525 1660 5576 26
1679 5526 1758 5573 uteris
1776 5524 1810 5570 23

221 5615 297 5662 simul
315 5609 376 5678 tibi]
394 5614 498 5662 simulac
517 5612 552 5661 23
667 5613 828 5674 cupidenario
847 5611 892 5674 21,
914 5626 977 5676 cupa
996 5613 1097 5661 denario
1116 5610 1153 5660 23
1266 5612 1299 5663 21
1318 5627 1350 5661 ex
1368 5626 1417 5662 om.
1433 5609 1469 5660 23
1581 5617 1625 5660 tua
1645 5608 1681 5659 23
1784 5612 1847 5672 quid

221 5700 284 5760 qnod
303 5700 381 5747 etlam
399 5701 485 5747 iactari
503 5698 598 5768 morbo]
617 5702 654 5762 Π,
681 5700 839 5763 quinetiam
858 5700 940 5747 morbo
959 5700 1045 5747 iactari
1064 5695 1111 5760 23,
1137 5714 1187 5761 qus
1205 5703 1231 5746 et
1249 5700 1332 5747 morbo
1350 5699 1436 5746 lactari
1454 5695 1499 5760 23,
1528 5713 1677 5760 quamquam
1697 5699 1779 5745 morbo
1796 5699 1846 5745 isc·

220 5787 269 5834 tari
289 5784 325 5832 23
430 5786 587 5838 2811111111
605 5783 642 5833 23

1585 5883 1639 5936 28*
