4744 6476
510 467 574 526 270
1110 461 1305 516 snuuucffl
1325 462 1537 517 EPISTVLAE

459 654 494 711 Π,
513 650 707 730 functiones,
740 656 859 731 quauta
889 648 1031 733 inpendii
1062 648 1280 714 mediocritate
1303 650 1378 713 anui
1402 649 1573 733 superioris
1597 657 1722 734 praetor
1744 650 1903 716 Aedesius
1926 652 2064 716 urbanos
2087 652 2135 717 fc-

511 753 591 817 cerit
612 752 715 831 ludos,
742 759 774 817 et
796 752 837 817 de
860 751 1009 836 exemplo
1033 752 1202 834 colligant,
1230 752 1305 834 quid
1330 752 1553 836 praesentibus
1577 753 1817 835 magistratibus
1840 752 1968 818 honoris
1991 761 2024 819 et
2046 755 2135 818 leva-

511 855 606 918 minis
629 853 803 919 deferatur.

1202 1162 1356 1227 cxxvu
1379 1163 1442 1245 (v).
1545 1122 1547 1127 ’

598 1336 757 1401 Interesse
788 1334 870 1399 votis
901 1333 964 1398 tuis
994 1333 1119 1398 animus
1149 1332 1307 1413 adfectat,
1341 1334 1399 1398 sed
1428 1333 1579 1399 valetudo
1607 1335 1747 1418 corporis
1777 1336 1906 1418 longum
1930 1341 2058 1401 recusat
2080 1356 2168 1400 ers-s

512 1459 651 1503 cursum.
698 1459 772 1502 narn
803 1447 837 1501 ut
865 1443 914 1501 est
941 1436 1119 1500 morborum
1149 1435 1240 1500 ferax
1269 1436 1388 1515 otium,
1427 1436 1532 1501 denuo
1561 1457 1611 1501 me
1641 1438 1759 1521 pedum
1790 1438 1894 1502 vinxit
1923 1437 2028 1519 dolor,
2061 1437 2135 1503 dum

512 1542 610 1622 qrrieti
632 1541 714 1605 ruris
735 1540 900 1621 indulgeo.
941 1539 983 1602 da
1005 1538 1113 1620 igitur,
1139 1558 1259 1621 quaeso
1281 1545 1323 1617 te,
1350 1538 1454 1602 officio
1476 1559 1547 1603 meo
1570 1539 1687 1605 iustam
1709 1540 1939 1621 remissionem,
1965 1547 1998 1604 et
2011 1541 2136 1605 interim

437 1663 453 1678 ··
512 1644 581 1708 siue
603 1643 801 1727 nuptialibus
825 1663 875 1706 ure
898 1642 1011 1704 domus
1034 1649 1160 1705 vestrae
1182 1645 1341 1723 puatr'sper
1364 1642 1479 1706 abesse
1503 1642 1705 1725 pignoribus,
1742 1650 1776 1707 ut
1799 1642 1983 1707 foederibus
2006 1651 2136 1708 sanatus

512 1746 700 1810 admiscear.

1189 2052 1459 2137 cxxvrurvu.
2156 2078 2183 2117 u

599 2227 670 2292 Nou
701 2228 783 2292 solet
805 2227 846 2290 ab
868 2226 982 2290 amicis
1004 2225 1100 2290 anxie
1123 2224 1218 2288 venia
1241 2225 1414 2307 postulari;
1448 2232 1642 2309 quapropter
1666 2230 1695 2288 iu
1719 2246 1822 2310 pauca
1845 2246 1925 2308 cogo
1947 2246 2135 2291 sermonem.

532 2331 624 2395 tianti
660 2329 738 2394 mibi
770 2330 805 2393 iu
838 2349 917 2411 agro
952 2329 1064 2392 solitus
1098 2328 1192 2419 unius
1222 2327 1315 2410 pedis
1346 2327 1475 2392 morbus
1504 2328 1651 2409 obrepsit.
1697 2329 1807 2411 itaque
1837 2329 1995 2394 obeundis
2025 2328 2137 2393 officiis

573 2433 862 2498 ..vacationem
887 2430 1062 2497 desiderati
1086 2431 1225 2495 muueris
1248 2437 1332 2514 peto.
1380 2429 1501 2495 dabunt
1524 2430 1568 2495 dii
1592 2431 1741 2516 auspices
1764 2431 1966 2513 facultatem,
1998 2438 2034 2495 nt
2055 2452 2137 2515 nup-

570 2537 645 2601 ibus
669 2535 812 2600 familiae
836 2541 963 2599 vestrae
986 2534 1067 2599 votis
1090 2554 1207 2619 conpos
1231 2533 1380 2598 sanitatis
1401 2532 1557 2599 intersim.

1054 2926 1063 2945 δ
1171 2842 1358 2907 cxxviiii
1381 2841 1477 2925 (vii).
1592 2889 1598 2903 .
2158 2867 2186 2906 rs

602 3018 713 3082 Frater
742 3035 832 3081 mens
863 3015 1054 3079 Rabilianus
1083 3033 1202 3097 genere
1231 3020 1264 3078 et
1291 3017 1406 3079 urrcore
1435 3014 1626 3099 conspicuus
1655 3013 1793 3080 iniuriae
1823 3034 1901 3079 suae
1931 3014 2138 3080 acerbitatem

514 3141 534 3204 p
606 3128 640 3185 ta
667 3118 754 3202 apud
783 3139 834 3183 me
865 3118 1089 3200 conquestione
1116 3116 1257 3182 deflevit.
1305 3116 1427 3182 adserit
1457 3116 1541 3181 euim
1565 3124 1801 3201 procuratorem
1824 3137 1917 3183 suum
1940 3117 2010 3183 sine
2033 3119 2140 3183 cuins-

468 3237 495 3295 Γ
515 3245 557 3306 qu
577 3296 588 3305 ,
640 3220 897 3287 denominatione
928 3227 1125 3303 correptum,
1159 3226 1284 3286 etcum
1308 3218 1481 3284 vindictam
1505 3220 1545 3284 de
1568 3227 1600 3285 te
1622 3220 1795 3304 impetrare
1818 3219 1983 3301 debuerit,
2015 3219 2020 3307 )
2044 3240 2138 3303 quanr

514 3308 588 3391 cuni
607 3324 727 3390 Romae
758 3323 913 3406 degeres,
945 3323 1135 3407 postulavit,
1168 3330 1294 3388 auctam
1325 3322 1436 3387 domus
1466 3343 1544 3388 suae
1567 3323 1717 3405 cognovit
1738 3324 1898 3388 iniuriam.
1945 3322 1979 3387 id
2002 3342 2063 3406 ego
2084 3324 2140 3388 ob

514 3428 633 3493 livione
655 3427 792 3491 arbitror
813 3425 989 3503 accidisse;
1023 3424 1150 3508 quaudo
1173 3425 1257 3489 enim
1281 3425 1497 3510 praeciperes,
1524 3425 1609 3507 quod
1631 3427 1772 3491 incoram
1794 3426 1919 3511 positus
1941 3425 2140 3511 inprobastii
2158 3446 2187 3486 ro

514 3551 614 3613 quare
637 3537 671 3594 ut
693 3549 810 3614 pareus
832 3548 957 3608 moneo,
983 3548 1025 3593 ne
1048 3548 1177 3609 augere,
1204 3548 1286 3610 quae
1309 3528 1419 3609 doluit,
1447 3547 1550 3611 genus
1573 3534 1665 3613 putes
1689 3547 1762 3594 esse
1785 3528 2010 3594 conscientiae.
2055 3536 2139 3595 certe

515 3635 542 3698 si
572 3633 665 3699 adest
694 3632 840 3713 aequitas
869 3630 1037 3713 iudicatis,
1070 3630 1272 3696 familiariter
1302 3630 1380 3695 mibi
1411 3630 1472 3696 ede
1495 3632 1649 3697 rationem
1672 3631 1745 3710 †ita
1767 3638 1802 3696 ut
1824 3632 1970 3713 noveris,
2004 3652 2060 3715 pro
2084 3633 2141 3696 ab·

515 3735 659 3802 sentibus
683 3735 821 3800 dominis
843 3740 997 3799 rectorem
1021 3732 1185 3817 suscipere
1209 3732 1326 3799 debere
1349 3741 1458 3819 partes
1481 3726 1689 3799 defensionis.

1197 4042 1318 4110 cxxx
1346 4042 1458 4127 rvur).

440 4227 494 4287 112
603 4215 749 4281 Iucunda
781 4215 860 4279 mibi
894 4214 955 4279 fuit
987 4214 1149 4299 perceptio
1183 4215 1370 4298 scriptorum
1405 4222 1547 4294 tuomm3
1585 4214 1727 4280 amicitia
1759 4216 1844 4281 enirn
1874 4216 1993 4281 mutuis
2022 4217 2144 4300 gaudet
2161 4235 2189 4277 ιι

517 4317 643 4383 officiis.
691 4318 750 4382 sed
780 4316 901 4382 utinam
932 4316 1094 4381 hominum
1124 4337 1266 4382 meorum
1298 4315 1466 4400 diligentia
1487 4316 1583 4382 fidem
1606 4325 1681 4383 tuae
1703 4318 1943 4402 pollicitationis
1964 4318 2137 4403 inplesseti

517 4442 591 4485 uam
615 4441 685 4486 cum
709 4420 887 4504 scripseris,
913 4438 968 4484 eos
991 4419 1034 4483 ad
1056 4419 1242 4484 solvendam
1266 4418 1453 4502 pensionem
1475 4419 1646 4504 profectos,
1672 4420 1823 4504 exiguam
1846 4428 1968 4506 partem
1984 4421 2142 4488 redituum

517 4524 733 4609 pertulerunt,
767 4542 827 4588 uec
856 4522 923 4587 illis
946 4521 1059 4605 pudori
1082 4520 1144 4588 fuit
1166 4522 1327 4586 cumulum
1352 4522 1530 4588 debitorum
1554 4523 1614 4588 sub
1636 4529 1727 4588 tanta
1748 4522 1824 4587 anui
1847 4523 2045 4590 fecunditate
2067 4545 2142 4590 con-

517 4627 656 4692 trahere.
703 4624 837 4707 dignare
867 4623 968 4706 igitur
993 4643 1101 4689 curam
1124 4629 1252 4688 nostrae
1275 4623 1422 4688 utilitatis
1444 4624 1591 4710 adripere
1614 4626 1710 4690 etad
1734 4625 1923 4692 solutionem
1947 4646 2063 4710 eogere
2085 4628 2142 4693 de-

517 4729 648 4794 bitores.
716 4727 772 4793 uid
795 4727 879 4792 euim
901 4727 1008 4807 iuvat,
1038 4725 1123 4808 quod
1146 4725 1250 4791 studio
1272 4733 1327 4791 tuo
1349 4733 1382 4792 et
1404 4726 1567 4792 beneficiis
1589 4726 1799 4811 adiuvantur,
1826 4748 1896 4794 cum
1919 4729 1980 4794 hoe
2002 4749 2141 4795 courmo—
2160 4750 2188 4789 ao

519 4829 603 4896 ditas
625 4837 696 4895 nost
754 4851 818 4894 nou
841 4829 981 4895 seutiatt
1024 4829 1108 4893 vale.

607 5140 621 5189 8
641 5142 768 5201 paulisper
783 5146 838 5201 post
856 5142 1004 5203 pignoribus
1023 5146 1051 5189 ut
1068 5142 1153 5190 codes.
1171 5140 1214 5203 (Π
1220 5142 1241 5204 ),
1269 5146 1426 5204 trumpcaai5
1454 5142 1536 5192 codem
1554 5144 1606 5191 ioco
1625 5145 1698 5206 paulo
1717 5151 1773 5207 post
1791 5146 1863 5193 macr.
1883 5142 1925 5207 (ἰ)
1946 5159 1975 5193 ca
1992 5149 2139 5203 contutum,

520 5232 549 5275 ut
566 5226 663 5275 uidetur

609 5311 637 5360 11
658 5315 685 5361 iu
699 5326 778 5374 pauca
790 5326 849 5373 cogo
861 5310 1011 5380 sermonem]
1030 5315 1134 5376 iurctru,
1156 5328 1233 5375 paura
1245 5328 1302 5375 cogo
1315 5328 1428 5363 sermone
1440 5313 1519 5377 (Π)Ι’
1618 5315 1650 5365 12
1668 5313 1789 5382 obrepsit]
1801 5315 1909 5377 herrm,
1928 5319 2052 5381 oppressit
2065 5318 2112 5379 (Π)

521 5400 612 5448 oficiis
630 5400 787 5447 uacationem
807 5399 872 5462 (11),
893 5401 995 5461 supple:
1014 5401 1087 5462 inpar
1104 5402 1143 5447 cel
1160 5401 1239 5448 simite
1257 5400 1317 5462 pald

610 5484 642 5534 16
659 5481 762 5551 honore]
779 5484 918 5547 Scioppius,
941 5500 1021 5534 amore
1042 5486 1096 5548 (Π)
1239 5484 1270 5535 18
1288 5488 1315 5535 iu
1332 5501 1389 5535 cccc
1406 5488 1524 5536 debuerit
1541 5487 1628 5536 desiuit
1647 5488 1691 5551 115
1711 5502 1773 5550 praue
1790 5493 1934 5550 sequuntur,
1954 5491 2052 5549 prunus
2069 5486 2143 5537 edidit

523 5570 620 5620 Lectius
638 5587 661 5618 a.
683 5573 747 5619 1601
767 5585 796 5619 cc
815 5572 841 5620 Γ
941 5571 974 5621 uu
992 5568 1159 5637 praeciperes]
1177 5570 1362 5631 artmannus,
1382 5575 1526 5635 praecipere
1546 5572 1591 5635 (Γ)
1698 5573 1726 5622 21
1749 5573 1807 5633 fort.
1828 5575 1984 5623 constantiae

608 5656 641 5705 25
659 5659 778 5718 epistulae
798 5659 933 5707 ruo-1³3
949 5662 1043 5718 primur
1061 5658 1136 5706 edidit
1155 5660 1252 5706 lauretus
1269 5662 1296 5707 iu
1315 5659 1419 5707 editione
1437 5658 1577 5721 Sguumucbi
1594 5659 1702 5707 secunda
1718 5676 1745 5720 p.
1766 5661 1825 5721 30³,
1846 5663 1909 5708 brus
1925 5674 1963 5721 cp.
1985 5663 2035 5710 129
2053 5666 2075 5709 et
2096 5663 2142 5710 1³⁴

522 5744 606 5791 cotton
628 5743 757 5804 Scioppius
861 5742 892 5791 27
912 5740 1068 5810 soluendam]
1090 5741 1144 5803 (Γ),
1164 5745 1312 5792 soluendum
1333 5742 1401 5807 (Π)2
