4722 6470
777 476 817 532 Vl
835 474 892 530 AD
910 473 1149 531 mcomacflos
1166 472 1297 530 FILIOS.
1736 473 1851 540 CLXV

228 708 287 768 cst.
334 721 407 766 cum
434 700 525 765 illius
547 700 669 766 reditus
691 720 732 766 11
755 699 934 786 Campania
956 706 1080 766 aestate
1102 719 1132 764 a.
1159 701 1221 764 398
1245 699 1367 764 Romae
1389 703 1578 783 expectatus
1600 696 1723 780 sitan,
1759 696 1855 782 Sym-

226 821 331 888 machi
360 820 590 906 proiectiouem
619 820 757 885 eandem
787 818 891 886 fuisse
920 819 1129 902 crediderim,
1161 839 1257 902 quam
1287 825 1360 903 post
1388 817 1623 902 aegritudinem
1653 838 1684 883 a.
1711 819 1772 881 397
1802 817 1855 882 in-

226 962 356 1025 gressus
387 948 447 1007 est.
497 944 537 1004 ts
560 939 774 1024 Symmachus
796 940 928 1006 Fundos
955 938 1118 1026 pervenit,
1153 939 1186 1003 d.
1213 941 1253 1003 28
1276 939 1353 1004 Iulii
1378 938 1515 1004 Formiis
1545 957 1581 1005 se
1609 937 1751 1004 futurum
1781 957 1855 1004 esse

226 1069 345 1147 sperat.
394 1060 479 1144 quod
508 1081 544 1128 se
573 1060 635 1126 iter
662 1060 835 1145 partivisse
865 1063 907 1125 od
928 1063 1125 1125 minuendam
1148 1061 1282 1124 toborem
1304 1058 1397 1143 dicit,
1430 1058 1473 1124 ad
1495 1059 1581 1125 vires
1603 1059 1714 1125 morbo
1736 1056 1855 1124 fractas

226 1181 431 1249 referendum
453 1189 512 1248 est.
561 1184 602 1245 76
625 1202 677 1264 eqo
707 1183 749 1244 od
779 1185 940 1245 sanitatem
969 1184 1047 1245 lento
1077 1183 1177 1245 oddae
1203 1181 1306 1265 prada
1333 1182 1499 1263 provehor,
1533 1189 1621 1263 atquae
1646 1181 1712 1242 ideo
1734 1182 1855 1242 itr'neris

226 1306 383 1366 ulterioris
406 1303 581 1385 ambiguum
603 1322 699 1385 asquia
721 1303 763 1365 od
783 1303 951 1384 profectam
966 1305 1108 1366 sanitatis
1123 1303 1337 1364 deliberatione
1351 1310 1516 1385 sequestro.
1562 1299 1624 1364 VII
1647 1302 1687 1364 73
1711 1298 1856 1364 Formias

227 1421 384 1508 pervenIt,
409 1420 466 1487 ubi
487 1424 591 1484 statim
610 1422 698 1503 pedis
720 1423 822 1484 dolore
844 1431 1002 1505 correptus
1024 1427 1084 1487 est.
1132 1420 1193 1485 VII
1216 1424 1256 1485 74
1277 1425 1377 1503 primo
1400 1423 1543 1511 adventu,
1570 1431 1609 1484 at
1631 1424 1770 1502 scripto
1792 1440 1857 1482 sa-

227 1547 373 1626 periore
400 1544 643 1627 siynovimas,
677 1544 819 1606 valetudo
846 1551 956 1606 nostro
980 1545 1125 1625 peractio
1154 1552 1210 1605 est.
1242 1579 1285 1588 —
1313 1563 1396 1606 nunc
1425 1551 1525 1605 statas
1547 1543 1653 1604 melior
1675 1543 1769 1623 coepit
1790 1541 1857 1601 od·
1987 1596 1991 1603 ,

230 1685 338 1727 verso
359 1673 523 1726 tenuare.
571 1662 615 1727 VI
639 1664 678 1724 77
702 1665 842 1746 preomvis
863 1665 946 1727 altro
968 1665 1156 1746 scripserim,
1182 1664 1297 1726 doloris
1319 1666 1379 1725 mei
1399 1665 1559 1726 adverse
1581 1664 1742 1724 tenuari.

318 1785 397 1850 Cum
422 1783 503 1849 haee
525 1781 639 1848 ultima
660 1781 800 1867 epistula
823 1781 874 1863 sit,
901 1803 998 1866 quam
1016 1782 1228 1867 Symmachus
1251 1781 1455 1848 eFormiano
1477 1783 1521 1848 ad
1542 1802 1698 1866 generum
1720 1779 1852 1860 miserit,

230 1923 356 1970 menses
385 1902 454 1968 fere
483 1902 578 1983 duos,
613 1902 668 1984 qui
697 1902 871 1967 adventum
900 1902 970 1968 eius
992 1902 1226 1986 sequebantur,
1258 1902 1407 1968 Flaviani
1430 1901 1661 1969 consuetudine
1683 1919 1762 1966 usus
1784 1919 1857 1966 esse

233 2024 369 2089 ridetur.
416 2023 475 2089 sed
497 2029 668 2108 postquam
692 2041 802 2087 mense
825 2021 956 2088 Octobri
978 2023 1112 2088 Romam
1133 2041 1281 2089 reversus
1303 2030 1369 2106 est,
1400 2022 1610 2107 epistularum
1634 2021 1857 2086 commercium

231 2152 303 2230 post
330 2145 430 2210 breve
459 2144 519 2209 hoc
547 2142 753 2209 intervallum
781 2142 889 2209 statim
919 2143 1023 2209 denuo
1051 2142 1166 2228 incipit
1193 2150 1227 2208 et
1256 2162 1358 2226 usque
1386 2141 1859 2208 1111111.39811111111111-

229 2266 396 2350 rumpitur.

315 2390 353 2449 51
378 2386 536 2469 prioribus
559 2386 668 2448 litteris
690 2388 878 2469 comperistis,
906 2406 983 2468 quoe
1004 2406 1086 2448 nnnc
1101 2388 1285 2468 respondere
1296 2389 1472 2469 potuissem.
1504 2386 1622 2449 redisse
1637 2404 1698 2446 non
1711 2387 1855 2467 paenitet,

227 2528 301 2570 nom
324 2508 485 2570 etaetatis
508 2515 654 2588 compotes
676 2526 783 2569 sumnus
806 2512 868 2570 etc.
912 2505 1169 2571 commemoratio
1192 2506 1340 2571 sanitatis
1362 2505 1530 2571 restitutae
1553 2524 1625 2570 eum
1649 2504 1787 2570 reditum
1810 2502 1861 2568 iu-

228 2627 329 2709 dicat,
355 2626 411 2709 qni
432 2626 493 2690 iter
514 2625 717 2690 Formianum
740 2626 817 2689 anni
841 2628 901 2688 397
926 2632 1057 2691 secutus
1079 2635 1139 2690 est.
1176 2625 1297 2711 priores
1319 2626 1397 2691 illae
1419 2625 1557 2709 litterae,
1583 2645 1717 2708 quorum
1742 2623 1860 2689 mentio

227 2747 276 2829 fit,
314 2747 454 2831 periisse
482 2745 646 2827 ridentum
679 2766 782 2830 neque
808 2746 892 2811 enim
917 2746 985 2811 ulla
1006 2746 1148 2830 epistula
1169 2722 1202 2810 in
1225 2745 1306 2811 libro
1328 2752 1420 2812 sexto
1441 2746 1613 2830 reperitur,
1647 2744 1740 2810 cuius
1762 2763 1862 2827 argu-

228 2875 373 2933 mentum
397 2866 504 2933 verbis
526 2865 620 2932 modo
642 2866 813 2952 propositis
835 2863 1039 2950 iespondeat.

318 2992 360 3051 59
384 2986 529 3053 Sibidius
554 2987 588 3052 in
610 2986 820 3071 Campaniam
843 2985 1066 3071 proficiscitur,
1102 2986 1143 3052 de
1166 2987 1256 3052 cuins
1279 2987 1384 3052 reditu
1406 2987 1476 3070 agit
1498 2986 1591 3072 epist.
1617 2988 1670 3049 58.
1718 2992 1858 3058 nostram

228 3109 328 3191 igitur
350 3108 523 3192 epistulam
545 3107 669 3190 aliquot
690 3108 856 3173 mensibus
877 3114 952 3173 ante
975 3108 1064 3172 illam
1088 3106 1237 3192 scriptam
1261 3126 1334 3172 esse
1357 3116 1443 3192 puto.

319 3233 336 3292 7
361 3227 403 3293 de
419 3227 604 3294 evocatione
616 3229 769 3312 loquitur,
795 3249 891 3311 quam
908 3226 1121 3313 Symmachus
1135 3229 1178 3293 ad
1193 3228 1324 3293 Honorii
1340 3229 1538 3293 consulatum
1554 3233 1701 3310 quartum
1722 3227 1764 3310 (a.
1784 3228 1856 3309 398]

230 3355 413 3434 acceperat.
462 3369 494 3413 1.
519 3368 550 3432 p.
578 3348 664 3413 LXI.
1780 3411 1782 3415 ,

320 3473 362 3533 47
386 3469 600 3553 Symmachus
629 3469 664 3534 in
693 3469 877 3535 suburbano
905 3489 1007 3553 agens
1036 3470 1130 3555 pedis
1153 3469 1263 3536 dolore
1285 3474 1494 3555 attemptatus
1517 3477 1576 3535 est.
1624 3491 1655 3534 1.
1681 3492 1713 3554 p.
1740 3468 1859 3533 LXIX.

230 3610 376 3655 mmores
406 3589 449 3655 de
478 3589 690 3656 seditionibus
719 3590 824 3673 plebis
853 3590 963 3675 inopia
993 3590 1160 3672 frumenti,
1193 3610 1277 3672 quae
1301 3591 1420 3656 bellum
1443 3589 1647 3655 Gildonicum
1670 3590 1858 3674 praecessit,
1888 3596 1900 3617 ⁶

231 3710 382 3777 excitatis
405 3729 463 3795 per
483 3710 611 3775 Italiam
635 3710 909 3777 circumferuntur.
957 3709 999 3775 cf.
1025 3710 1102 3775 adn.
1128 3713 1203 3775 259.

319 3834 362 3895 46
385 3832 461 3893 mibi
485 3834 641 3897 sitentium
669 3834 882 3894 unanimitatis
912 3840 1034 3894 vestroe
1055 3851 1247 3914 nequaqnam
1270 3834 1355 3895 licuit
1377 3833 1546 3912 aemulari,
1580 3834 1659 3914 qaod
1680 3835 1725 3895 ito
1747 3832 1863 3893 sollici-

232 3955 316 4030 tudo,
343 3971 434 4033 qrmm
457 3953 494 4014 de
515 3972 562 4014 me
583 3973 644 4014 non
664 3952 790 4033 [11111111
811 3955 928 4034 peritis,
951 3952 1138 4033 postulabat.
1178 3971 1261 4034 quae
1284 3970 1355 4016 cum
1378 3952 1421 4016 ad
1437 3951 1621 4034 Symmachi
1644 3949 1864 4016 valetudinem

232 4073 396 4137 turbatam
419 4070 589 4137 reserenda
612 4091 685 4136 esse
708 4070 888 4153 videantur,
915 4071 1087 4157 epistulam
1110 4072 1185 4137 huic
1207 4071 1275 4155 fere
1297 4072 1433 4156 tempori
1455 4070 1640 4155 adsignant.

322 4196 454 4256 5411111
484 4195 626 4256 valetudo
655 4201 740 4256 caret
769 4196 889 4255 interim
918 4194 1074 4256 doloribus
1103 4195 1157 4255 sert
1186 4195 1299 4276 incipet
1323 4196 1468 4275 firmitate
1497 4197 1632 4256 maxime
1655 4193 1864 4257 accedentibus

232 4318 331 4395 caris,
358 4334 435 4396 quos
455 4317 600 4396 promime
618 4315 706 4396 facto
729 4334 748 4375 o
771 4323 878 4376 senata
901 4317 994 4376 canit
1016 4314 1135 4376 oblatio.
1183 4311 1224 4377 de
1246 4312 1408 4378 oblatione
1430 4312 1490 4377 illa
1506 4312 1592 4378 faeta
1607 4332 1719 4377 mense
1733 4310 1864 4378 Octobri

234 4442 290 4499 aut
315 4433 491 4499 Novembri
513 4454 546 4498 a.
572 4436 645 4497 397.
694 4453 725 4497 1.
751 4454 784 4517 p.
809 4432 928 4498 LXIX.

323 4557 368 4617 29
391 4555 465 4616 mibi
485 4557 578 4617 etiam
601 4574 682 4617 nnnc
703 4574 828 4638 pressas
852 4558 991 4635 Infirmns
1014 4564 1074 4632 est,
1108 4556 1161 4616 sed
1184 4557 1213 4616 si
1233 4563 1338 4637 optata
1360 4556 1397 4617 de
1419 4556 1502 4619 vobis
1525 4564 1649 4618 mutans
1671 4575 1770 4618 samo
1792 4573 1865 4635 per-

234 4678 351 4755 tulerit,
373 4677 516 4757 protinas
538 4677 676 4756 corporis
699 4678 759 4737 mei
773 4677 910 4757 querella
925 4675 1092 4738 sedabitur.
1132 4674 1251 4759 pedum
1266 4674 1468 4758 aegritudine
1484 4675 1697 4758 Symmachus
1712 4681 1866 4739 autumno

235 4815 266 4859 a.
293 4798 357 4860 397
382 4793 414 4858 in
438 4793 517 4859 uilla
538 4794 692 4860 Laurenti
715 4800 851 4859 vexatus
873 4801 933 4860 est.
980 4815 1012 4859 1.
1036 4816 1070 4879 p.
1096 4793 1215 4859 LXIX.

323 4917 365 4977 57
389 4920 423 4979 11
445 4918 485 4979 64
509 4914 550 4979 de
572 4914 734 4980 oblatione
757 4914 944 4997 loquuntur3
970 4914 1074 4980 altera
1096 4913 1215 4999 scripta
1237 4922 1297 4997 est,
1323 4922 1492 5000 postquam
1516 4915 1712 5003 Lampadius
1731 4914 1866 4979 Floren-

236 5035 301 5100 tino
326 5034 360 5098 in
383 5034 586 5118 praefectura
609 5034 732 5099 urbana
754 5034 918 5116 successit,
944 5034 978 5100 id
1000 5041 1051 5100 est
1073 5040 1146 5117 post
1168 5035 1200 5101 d.
1227 5038 1265 5099 21
1290 5035 1371 5102 Deo.
1396 5056 1426 5101 a.
1454 5038 1527 5101 397.
1575 5059 1606 5103 1.
1631 5059 1663 5122 p.
1689 5034 1836 5101 CXLIII.

327 5154 512 5239 asscripta
541 5161 591 5220 est
621 5173 732 5220 meuse
753 5154 868 5220 Martio
889 5175 921 5219 a.
948 5157 1009 5219 398
1038 5154 1073 5220 in
1095 5175 1168 5221 rnre
1191 5155 1356 5221 Vaticano.
1404 5177 1435 5221 1.
1461 5179 1493 5243 p.
1520 5156 1617 5221 LXV.
1665 5157 1801 5222 dilectus
1823 5153 1866 5218 ad

236 5275 362 5341 bellum
384 5273 589 5339 Gildonicum
610 5274 788 5361 imperatus
811 5284 1084 5343 commemoratur.
1132 5296 1163 5340 v.
1189 5297 1221 5361 p.
1248 5276 1366 5342 LXIX.

326 5398 365 5457 or
391 5393 568 5459 Flavianus
590 5394 783 5479 Symmacho
806 5402 964 5482 suaserat,
989 5404 1025 5461 ut
1045 5397 1115 5464 irae
1137 5398 1242 5483 plebis
1264 5397 1404 5464 cederet.
1452 5417 1482 5461 1.
1508 5417 1540 5481 p.
1568 5397 1669 5462 LXX.

325 5517 368 5579 62
391 5514 492 5598 legati
513 5514 741 5581 MedIolaninm
764 5516 872 5597 missi,
903 5524 937 5582 ut
959 5524 1141 5584 senatorum
1164 5517 1307 5603 praediis
1330 5518 1531 5584 vacationem
1554 5516 1691 5581 dilectus
1713 5517 1866 5601 impetra-

327 5772 387 5836 839)
408 5773 519 5824 vl138.
539 5776 581 5826 49.
