4744 6476
836 489 1112 557 (EPISTVLARVM
1130 487 1201 547 LIB.
1221 488 1269 557 X).
1800 488 1862 553 295

241 683 384 750 rentibus
406 683 596 768 postulatur.
643 702 780 766 quaeso,
807 690 842 748 ut
863 683 963 767 digna
983 682 1179 768 temporibus
1201 700 1357 768 responsa
1378 680 1539 758 reddatis,
1564 699 1628 762 quo
1649 699 1681 744 v.
1706 699 1734 743 o.
1759 677 1864 743 etin·
1890 677 1987 739 ΤΜΓ

242 787 351 852 lustris
381 806 543 852 sacrarum
565 786 771 868 largitionum
794 805 902 851 comes
924 784 1160 851 refundendum
1182 805 1255 850 csse
1278 791 1453 868 cognoscat
1473 783 1611 867 publicis
1632 782 1734 848 titulis
1756 782 1866 867 priva-

241 889 346 971 tisque
369 889 527 974 personis,
552 887 639 971 quod
660 888 729 953 sine
751 889 868 953 lacuna
889 887 1066 973 imperialis
1088 887 1204 953 aerarii
1227 886 1425 972 deprompsit
1446 886 1554 952 aliena
1576 884 1725 951 conlatio.

742 1144 823 1210 XXI
848 1144 1031 1228 (XXXIIII.
1051 1144 1205 1229 xxxxi)
1239 1165 1269 1210 a.
1289 1146 1363 1209 384.

212 1337 225 1376 ⁵
329 1318 402 1383 Scio
431 1318 561 1400 quidem
591 1325 725 1383 naturae
755 1317 915 1382 humanae
944 1317 1022 1383 vitio
1052 1318 1242 1402 probitatem
1272 1316 1438 1382 subiacere
1466 1315 1577 1394 livori,
1614 1316 1673 1382 scd
1703 1316 1799 1380 miror
1828 1335 1867 1382 co

243 1440 432 1505 progressas
454 1420 589 1486 insidias
611 1420 818 1499 aemulorum,
846 1428 881 1484 ut
900 1419 998 1485 crudo
1013 1418 1180 1485 mendacio
1196 1419 1331 1484 insontis
1346 1418 1434 1484 fama
1448 1425 1619 1502 peteretur,
1645 1417 1724 1483 ddd.
1741 1418 1864 1502 imppp.

243 1522 321 1604 quid
349 1523 434 1586 enirn
463 1543 526 1587 non
557 1523 698 1587 audeant
725 1522 843 1604 quidve
872 1522 1096 1607 intemptatum
1126 1522 1328 1605 relinquant,
1361 1522 1416 1604 qui
1446 1522 1575 1587 inarce
1596 1528 1752 1587 terrarum
1775 1521 1869 1587 Obri-

244 1625 367 1691 stianae
390 1624 473 1709 legis
494 1625 620 1690 iniuriis
644 1624 806 1690 vindicata
827 1626 905 1690 fana
926 1625 1109 1690 finxerunt?
1140 1623 1245 1707 fierit,
1271 1624 1383 1704 credo,
1410 1644 1547 1690 scaenae
1568 1623 1661 1689 istius
1684 1624 1863 1705 fabricator,
1890 1622 1910 1681 2

245 1749 315 1794 cum
345 1728 386 1793 de
415 1728 572 1794 ecclesiae
601 1728 821 1813 penetralibus
851 1735 959 1813 raptos
989 1727 1032 1792 ad
1061 1734 1219 1793 tormenta
1248 1727 1431 1808 simularet,
1466 1748 1537 1792 cum
1561 1727 1602 1793 de
1624 1727 1808 1811 longinquis
1829 1747 1868 1791 ao

198 1850 225 1890 ro
244 1831 386 1896 finitimis
410 1830 542 1896 urbibus
565 1830 639 1897 duci
660 1831 820 1897 antistites
842 1832 876 1896 in
898 1832 1005 1897 vincla
1027 1830 1240 1911 describeret;
1274 1851 1379 1914 neque
1402 1831 1486 1896 enim
1509 1849 1657 1897 serenum
1679 1830 1868 1895 clementiae

199 1953 202 1967 ’
243 1943 318 2000 tuae
340 1934 482 1999 animum
505 1932 575 1999 sine
597 1934 648 1999 his
671 1934 806 2018 argutiis
830 1934 1026 2020 eonpulisset
1048 1954 1139 2000 sacro
1163 1935 1268 2000 edicto
1290 1935 1444 2019 populum
1467 1930 1649 2015 convenire,
1675 1941 1711 1999 ut
1725 1933 1869 2018 asperio-

244 2037 347 2119 ribus,
373 2057 470 2119 quam
492 2035 605 2121 pietati
626 2043 701 2103 tuae
723 2057 792 2102 mos
815 2044 880 2119 est,
907 2037 1024 2103 litteris
1047 2032 1263 2122 praefectum,
1290 2057 1385 2121 quern
1408 2036 1479 2102 sine
1500 2036 1623 2102 ambitu
1645 2035 1789 2118 legistis,
1816 2056 1869 2100 ar-

244 2158 371 2222 gueres.
417 2139 533 2205 reddat
554 2161 656 2223 nunc,
690 2140 835 2223 quisquis
856 2141 913 2206 ille
936 2147 999 2223 est,
1032 2160 1147 2206 causas
1169 2139 1322 2206 fallaciae
1345 2159 1442 2221 suae,
1467 2139 1523 2223 qui
1546 2140 1606 2205 sub
1628 2137 1796 2203 occasione
1818 2137 1912 2203 iar-3

245 2251 314 2308 stae
343 2241 573 2325 inquisitionis,
606 2264 670 2327 qua
691 2263 742 2308 me
765 2244 886 2309 cultum
909 2244 1116 2329 spoliatorum
1138 2243 1299 2309 moenium
1321 2242 1518 2326 investigare
1539 2241 1696 2323 iussistis,
1728 2239 1870 2324 tragicas

198 2364 226 2403 ιθ
245 2345 449 2429 quaestiones
479 2346 520 2411 de
549 2345 702 2411 ministris
731 2347 909 2411 catholicae
935 2345 1068 2412 iactavit
1089 2345 1248 2429 agitatas3
1282 2344 1476 2430 respondeat
1497 2345 1613 2410 litteris
1635 2342 1780 2429 episcopi
1802 2343 1871 2408 Da-

245 2449 342 2531 masi,
380 2448 496 2530 quibus
524 2449 742 2515 adsectatores
772 2448 917 2515 eiusdem
946 2449 1111 2533 religionis
1140 2448 1273 2532 negavit
1302 2449 1402 2513 ullam
1431 2446 1654 2513 contumeliam
1685 2444 1867 2531 pertulisse.

245 2572 307 2617 non
336 2571 531 2636 magnopere
560 2551 657 2617 oflicii
688 2553 751 2619 mei
782 2552 956 2637 praetendo
979 2571 1151 2637 responsa,
1184 2572 1288 2636 aquo
1309 2551 1384 2617 ideo
1406 2552 1554 2633 quaesita
1576 2557 1626 2616 est
1646 2570 1751 2615 rerum
1774 2548 1867 2632 fides,

245 2675 286 2720 ne
320 2654 440 2719 factum
474 2654 605 2736 aliquod
638 2655 889 2720 recordationem
924 2655 1096 2738 cognitoris
1125 2656 1295 2738 effugeret:
1334 2654 1482 2720 credatur
1510 2653 1580 2719 eius
1609 2653 1694 2736 legis
1716 2650 1867 2743 antistiti,

246 2778 328 2840 quae
358 2758 450 2822 laesa
479 2757 663 2839 simulatur,
697 2757 846 2823 credatur
873 2758 993 2842 populo
1015 2758 1175 2839 Romano,
1208 2757 1263 2838 qui
1293 2756 1503 2841 perennitatis
1531 2763 1659 2822 vestrae
1689 2755 1872 2821 admonitus

198 2875 228 2917 2⁰
247 2860 350 2926 edicto
383 2859 516 2925 miratur
548 2860 582 2924 in
614 2861 778 2945 procinctu
811 2859 985 2943 creditum,
1023 2859 1109 2942 quod
1141 2861 1243 2925 Roma
1275 2860 1378 2925 nescit
1410 2860 1597 2925 admissum.
1644 2859 1753 2924 omitto
1786 2857 1912 2921 inin-4

246 2963 326 3028 riam
358 2963 580 3046 praefecturae
613 2970 645 3028 et
677 2963 893 3029 conscientiae
925 2983 1036 3045 meae,
1073 2962 1202 3045 quando
1235 2982 1274 3028 eo
1309 2962 1466 3047 processit
1498 2959 1710 3043 insimulatio,
1748 2967 1782 3026 ut
1814 2979 1872 3025 vos

246 3086 370 3149 quoque
408 3065 496 3149 ipsos
532 3073 678 3132 auctores
713 3066 842 3133 honoris
878 3067 943 3132 mei
979 3065 1118 3150 quadarn
1154 3066 1403 3150 reprehensione
1436 3064 1662 3150 praestringat.
1710 3083 1784 3128 nam
1817 3062 1872 3146 qui

247 3169 361 3234 summi
390 3169 453 3233 loci
482 3167 606 3234 iudices
635 3169 836 3251 decolorant,
869 3170 953 3234 sacri
982 3168 1156 3235 testimonii
1183 3167 1374 3234 facilitatem
1404 3169 1554 3235 videntur
1581 3169 1755 3233 incessere.
1807 3165 1872 3229 iam

248 3271 367 3336 dudum
400 3291 452 3336 me
485 3271 579 3336 divus
612 3272 737 3354 genitor
769 3273 908 3337 numinis
941 3272 989 3337 tui
1022 3272 1196 3357 praecipuo
1233 3272 1350 3337 honore
1387 3271 1540 3355 dignatus
1577 3277 1642 3349 cst,
1683 3269 1740 3335 illc
1776 3268 1874 3333 meri-

198 3390 229 3433 ra
247 3383 350 3439 torum
386 3374 504 3440 arbiter
540 3374 730 3457 singularis,
770 3375 861 3440 cuius
903 3374 1072 3460 imperium
1110 3395 1182 3440 cum
1220 3375 1359 3441 moribus
1396 3374 1556 3459 recepisti.
1614 3381 1782 3457 paternum
1820 3390 1873 3436 se-

248 3496 363 3560 quere,
399 3483 489 3541 tuum
519 3485 610 3542 tuere
639 3477 811 3543 iudicium:
849 3479 905 3560 qui
933 3479 1168 3563 praefecturam
1198 3479 1268 3544 sine
1298 3478 1420 3544 ambitu
1447 3476 1640 3559 meruimus,
1674 3474 1745 3541 sine
1773 3474 1874 3539 offen-

247 3582 336 3646 sione
366 3599 535 3664 ponamus.
581 3572 842 3664 suggestionibus
873 3582 933 3647 viri
962 3582 1152 3648 excellentis
1180 3590 1213 3647 et
1241 3582 1282 3647 de
1311 3602 1346 3647 re
1376 3581 1507 3666 publica
1536 3582 1618 3647 bene
1648 3578 1754 3645 meriti
1775 3578 1874 3642 Prae·
1897 3583 1915 3640 5

247 3683 361 3749 tentati
391 3682 547 3768 praefecti
574 3685 732 3767 praetorio
761 3685 883 3750 abusus
913 3685 1086 3751 existimor.
1134 3685 1228 3768 quid,
1263 3684 1291 3749 si
1321 3705 1363 3750 ex
1384 3684 1442 3750 illo
1465 3683 1609 3764 decreto,
1642 3682 1729 3766 quod
1757 3681 1874 3765 proba·
1925 3706 1952 3723 ν

248 3785 355 3851 bilitcr
381 3785 580 3870 impetravit,
616 3786 752 3852 necdum
782 3808 802 3852 a
830 3809 882 3853 me
911 3789 1057 3871 quaestio
1087 3789 1155 3853 ulla
1183 3794 1339 3873 temptata
1367 3792 1440 3853 est‘l
1483 3786 1630 3871 praevidi
1659 3785 1760 3866 enim,
1797 3782 1874 3866 quid

199 3906 229 3947 ao
249 3888 372 3973 possint
400 3888 521 3954 aemuli
548 3889 722 3973 suspicari,
755 3898 853 3972 atque
882 3891 955 3955 ideo
985 3892 1155 3975 obsignata
1184 3890 1291 3956 officio
1317 3889 1539 3975 praefecturas
1562 3909 1655 3954 sacra
1675 3888 1766 3952 iussa
1788 3905 1875 3950 corn·

249 3991 410 4057 miseram.
457 4011 517 4056 nec
545 4012 596 4057 me
618 3991 802 4057 huiusmodi
823 3992 1005 4058 coniectura
1027 3993 1171 4079 decepit:
1204 3992 1363 4076 siquidem
1386 4012 1498 4058 severe
1521 3998 1674 4058 executus
1696 3989 1872 4069 insimulor,
1955 4072 1963 4083 υ

249 4092 334 4175 quod
363 4113 427 4161 non
450 4093 620 4159 convincor
641 4094 827 4178 adgressus.
874 4095 956 4161 hacc
979 4096 1087 4161 omnia
1109 4095 1173 4161 fide
1196 4103 1337 4162 actorum
1360 4096 1583 4181 conprehensa
1604 4092 1745 4174 subieci,
1778 4111 1875 4157 unum
1899 4097 1918 4156 o

248 4195 331 4262 illud
352 4195 515 4279 adiciens,
548 4203 583 4262 ut
604 4218 656 4263 me
679 4199 862 4282 perennitas
884 4206 992 4264 vestra
1014 4199 1207 4265 necessitate
1229 4198 1445 4281 inquisitionis
1468 4199 1565 4265 huius
1587 4199 1752 4280 absolvat,
1785 4195 1876 4260 ouius

249 4300 469 4367 auctoritatem
499 4299 610 4366 referri
640 4302 683 4366 ad
711 4301 829 4366 scrinia
858 4302 1005 4386 palatina
1032 4302 1184 4369 iussistis.
1232 4323 1305 4367 nam
1336 4303 1365 4368 si
1386 4308 1510 4369 tantum
1533 4302 1575 4368 de
1596 4321 1649 4367 me
1669 4299 1814 4385 inprobis
1836 4296 1877 4361 li-

202 4423 232 4464 ra
251 4403 316 4469 cuit
344 4411 473 4469 extante
503 4412 692 4489 praecepto,
726 4405 804 4488 quid
832 4406 1013 4471 retractatis
1043 4405 1158 4472 litteris
1181 4426 1245 4470 non
1267 4405 1400 4471 licebit?
1436 4424 1515 4471 sane
1537 4404 1694 4470 laudabili
1716 4402 1783 4466 viro
1806 4400 1878 4484 epi-

250 4526 346 4592 scopo
376 4506 555 4589 denegante
584 4508 686 4573 ullum
717 4529 736 4573 e
766 4508 832 4574 suis
854 4517 911 4573 aut
933 4528 1060 4574 carcere
1082 4516 1139 4575 aut
1161 4508 1299 4575 vinculis
1320 4509 1458 4574 adtineri
1481 4517 1514 4575 et
1535 4507 1640 4574 offrcio
1662 4505 1775 4572 eadem
1799 4522 1878 4585 sug-

337 4664 370 4713 23
389 4660 459 4716 cod.
479 4661 589 4716 'Phsorb
610 4661 665 4727 16,
686 4664 711 4715 9.

340 4925 348 4973 l
370 4937 478 4985 repensa
496 4920 524 4968 M
626 4919 686 4990 quo]
704 4920 735 4983 Γ,
755 4924 823 4985 quod
844 4922 894 4970 ΤΜ
997 4927 1037 4973 uir
1055 4926 1192 4974 consularis
1212 4921 1238 4972 Γ
1338 4924 1354 4974 3
1372 4925 1527 4988 deprompsls
1547 4923 1575 4970 M

336 5008 429 5058 4DD.
445 5008 539 5057 Theod.
554 5014 580 5057 ct
591 5009 699 5057 Archad.
715 5023 812 5071 semper
824 5012 906 5072 Augg.
920 5010 1082 5068 Symmachus
1094 5012 1172 5071 praef.
1189 5014 1243 5059 urb.
1266 5009 1292 5057 Γ
1393 5007 1546 5058 blaboriM
1649 5001 1742 5057 sunu
1758 5006 1824 5068 impr
1841 5002 1876 5060 M.

252 5095 305 5145 DD.
327 5096 492 5156 Imperatores
511 5093 543 5155 Γ,
561 5093 596 5154 cs.
614 5109 641 5155 p.
662 5093 758 5156 tras
872 5095 1047 5157 'lqucdusT
1157 5096 1267 5146 Statius
1285 5111 1374 5145 scenae
1395 5097 1417 5142 Τ
1520 5091 1594 5162 9ac]
1614 5093 1648 5154 M,
1669 5107 1696 5141 ac
1713 5094 1744 5141 ds
1763 5090 1793 5153 Γ,
1815 5090 1882 5139 etT

254 5181 285 5230 10
304 5181 407 5229 uincula
423 5179 449 5227 Γ
551 5179 578 5227 11
594 5185 617 5227 et
631 5179 662 5228 12
681 5186 780 5229 rrestrae
799 5179 825 5227 Γ
928 5179 959 5229 la
977 5188 1092 5241 argueret
1109 5179 1137 5229 Γ
1238 5181 1270 5232 14
1288 5182 1406 5244 quamT
1509 5182 1667 5242 spoliatorem
1688 5179 1737 5227 ΓΜ
1840 5178 1880 5224 ln·

253 5266 416 5327 castigandas
435 5264 464 5312 M
567 5265 597 5313 15
616 5265 731 5314 iactatl'
831 5267 924 5315 damasi
942 5268 1055 5329 episcopi
1070 5266 1098 5314 M
1201 5267 1233 5316 11
1252 5264 1313 5333 nou]
1331 5282 1387 5316 nam
1402 5265 1429 5314 M
1531 5274 1572 5316 est
1588 5281 1636 5316 om.
1652 5265 1681 5313 M
1781 5265 1839 5313 fluis
1852 5262 1881 5310 M

256 5352 286 5401 ts
304 5353 451 5415 quaesitoris
470 5351 496 5400 Γ
617 5351 647 5400 19
664 5354 756 5415 populo
774 5349 895 5418 Romano]
913 5351 1003 5414 Meyer,
1023 5367 1060 5415 pr.
1085 5351 1143 5411 ΤΜ,
1164 5354 1288 5415 praetacto
1307 5351 1333 5401 Γ
1445 5367 1508 5415 quae
1528 5352 1556 5400 M
1669 5351 1703 5401 20
1721 5352 1835 5400 credatur
1853 5349 1881 5397 M

253 5438 286 5487 22
306 5440 460 5501 perstringat
475 5435 501 5485 Γ
602 5436 634 5486 23
653 5439 774 5487 facilitate
796 5438 845 5485 ΓΜ
947 5436 981 5486 24
999 5440 1088 5486 merito
1108 5438 1136 5485 M
1237 5439 1270 5489 25
1289 5444 1345 5500 post
1357 5440 1474 5501 recepisti
1489 5442 1515 5487 ln
1528 5439 1718 5500 1ηι1πιαρα91ηα
1730 5437 1789 5486 cdd.
1804 5452 1843 5485 ms
1860 5437 1880 5483 Τ

253 5524 285 5573 27
304 5525 431 5586 suggestio
450 5523 478 5570 M
589 5538 626 5585 rp.
650 5522 699 5570 i'M
812 5522 844 5573 28
863 5525 1059 5585 improbabiliter
1078 5522 1107 5570 M
1221 5524 1253 5574 29
1272 5516 1383 5587 quodi'
1492 5524 1525 5573 30
1543 5530 1645 5586 possent
1664 5523 1690 5571 Γ
1798 5525 1880 5583 obsig-

253 5606 454 5676 nata]1aretar,
483 5610 613 5669 obsignato
633 5608 706 5657 ΤΜΓ
840 5609 871 5658 31
893 5605 944 5674 mc]
967 5607 1001 5671 Γ,
1030 5624 1078 5658 om.
1103 5609 1166 5669 ΤΜ,
1194 5610 1236 5657 sed
1256 5611 1292 5672 es.
1311 5610 1371 5661 adn.
1392 5611 1425 5659 cci
1443 5612 1460 5661 l.
1482 5612 1515 5659 93
1655 5610 1687 5660 32
1706 5617 1834 5659 auctorum
1853 5608 1882 5656 M

253 5694 286 5743 33
304 5691 393 5761 huius]
411 5697 468 5744 cius
487 5694 513 5742 Γ
631 5696 663 5744 31
681 5698 829 5745 auctoritate
851 5695 871 5741 Τ
991 5696 1130 5757 palatinum
1150 5693 1177 5742 M
1297 5694 1330 5744 35
1349 5698 1416 5758 quod
1437 5698 1458 5744 T
1578 5696 1612 5748 ³6
1630 5699 1710 5745 ullum
1728 5711 1743 5744 e
1761 5692 1827 5762 suis]
1846 5695 1877 5753 I,

213 5834 218 5843 ι
254 5783 378 5830 ullumuis
398 5780 449 5827 'l'M
551 5777 883 5847 earcere]1’,arcererru
