4716 6476
920 477 1035 532 LIBER
1052 477 1145 533 VlllI.

785 837 1021 904 nxxuvm
1041 839 1280 923 (Lxxxxrm.

308 1012 389 1077 Amo
417 1011 540 1077 litteras
568 1016 658 1094 tuas,
692 1010 751 1076 sed
780 1018 913 1094 expecto
942 1011 1173 1095 praesentiam;
1206 1032 1280 1077 nam
1311 1012 1390 1077 mihi
1411 1012 1535 1079 diemm
1557 1014 1638 1079 ratio
1665 1064 1843 1077 .......
1870 1018 1907 1077 Π

224 1112 402 1199 pollicetur.
449 1114 545 1199 plura
574 1134 625 1179 me
653 1113 793 1180 scribere
823 1133 898 1199 spes
928 1113 1087 1180 adventus
1108 1114 1156 1180 tui
1178 1135 1242 1180 non
1265 1114 1359 1198 sinit,
1393 1116 1451 1182 sed
1473 1116 1560 1199 quod
1582 1137 1666 1182 nune
1688 1116 1847 1201 epistulae

228 1219 321 1300 [tuae]
348 1216 555 1297 detrahimus,
582 1236 688 1281 coram
712 1216 831 1281 fabulis
853 1216 1078 1301 rependemus.

194 1482 206 1519 ι
768 1455 1300 1542 cxxxxvnnpnxxxrm).

310 1629 443 1696 Gratum
466 1628 545 1694 mibi
567 1636 632 1710 est,
668 1628 755 1711 quod
777 1628 1046 1714 promptissimum
1070 1628 1211 1695 studium
1235 1630 1282 1696 rei
1303 1636 1430 1696 noemae
1453 1630 1596 1714 dignaris
1618 1631 1794 1716 inpendere
1817 1640 1849 1699 et

225 1733 310 1817 quod
331 1740 364 1800 te
386 1732 485 1799 nostri
507 1752 679 1799 memorem
703 1732 888 1816 scriptomm
911 1731 1108 1798 adsiduitate
1130 1733 1269 1799 testaris.
1310 1733 1385 1798 hine
1406 1733 1452 1815 fit,
1477 1740 1512 1799 ut
1535 1733 1649 1799 officiis
1670 1735 1735 1801 tuis
1750 1735 1848 1801 etiam

225 1856 301 1901 cura
329 1843 438 1902 nostra
466 1836 669 1920 respondeat.
716 1835 853 1902 libenter
879 1835 979 1919 igitur
1006 1835 1063 1901 tibi
1093 1835 1235 1920 rependo
1266 1856 1460 1917 sermonem,
1494 1844 1526 1903 et
1547 1839 1693 1920 quamvis
1716 1845 1849 1922 sponta-

224 1959 316 2004 neam
347 1938 497 2005 iovandis
526 1938 708 2004 hominibus
737 1939 818 2004 meis
848 1937 1005 2004 adhibeas
1034 1940 1247 2016 voluntatem,
1286 1939 1519 2006 hortamentum
1549 1947 1656 2007 tamen
1686 1941 1848 2025 petitionis

180 2064 206 2105 ro
224 2041 338 2123 adicio,
366 2049 400 2108 ut
421 2040 538 2123 officia,
565 2062 648 2124 quae
672 2044 753 2108 ultro
775 2041 907 2120 tribues,
934 2043 1078 2108 cumules
1100 2048 1301 2127 provocatus.

872 2282 898 2349 c
927 2282 1196 2365 (nmmum),

309 2456 444 2540 Sumpto
473 2454 632 2521 adventus
662 2454 725 2520 mei
751 2455 879 2535 nuntio,
909 2455 950 2521 de
972 2475 1035 2539 quo
1058 2475 1121 2520 non
1142 2454 1245 2540 potuit
1267 2453 1354 2539 apud
1375 2460 1407 2521 te
1430 2454 1518 2520 fama
1543 2455 1697 2537 reticere,
1731 2477 1849 2541 expec-
1875 2463 1902 2522 Γ

225 2557 307 2639 tavi,
341 2565 376 2625 ut
405 2558 492 2643 prior
520 2558 693 2640 scriberes,
727 2559 779 2624 vel
809 2558 893 2642 quod
923 2565 972 2624 est
994 2558 1185 2641 amabilius,
1218 2565 1254 2625 ut
1274 2558 1346 2643 ipse
1370 2558 1516 2624 Formias
1539 2578 1744 2626 commeares.
1791 2560 1849 2627 sed

226 2661 300 2745 quia
330 2668 498 2746 utrumque
528 2662 606 2728 mihi
636 2662 687 2727 vel
718 2661 931 2728 dissimulatio
962 2667 1018 2726 tua
1039 2662 1091 2727 vel
1114 2662 1281 2747 occupatio
1304 2660 1495 2744 denegavit,
1528 2661 1562 2726 in
1584 2668 1692 2746 partes
1714 2669 1786 2728 tuas
1808 2663 1849 2728 li-

183 2787 210 2826 re
226 2765 337 2830 beuter
359 2765 428 2849 ipse
451 2764 585 2831 succedo
608 2772 703 2848 teque
726 2789 797 2848 oro,
823 2778 858 2834 ut
879 2768 958 2833 mihi
981 2776 1037 2835 eut
1059 2787 1228 2835 excursum
1251 2775 1340 2835 tuum
1362 2777 1527 2854 praestare
1550 2768 1708 2852 digneris,
1742 2778 1799 2836 aut
1821 2771 1849 2835 si

227 2867 331 2934 obstat
352 2867 486 2952 aliquid,
512 2869 627 2937 saltem
650 2870 807 2938 litteraria
830 2871 1024 2938 salutatione
1045 2871 1253 2958 respondeas.

1009 3113 1062 3180 01.

311 3283 504 3365 Conquestio
531 3290 587 3349 tua
617 3285 658 3351 de
687 3286 816 3352 raritate
846 3285 1054 3371 epistularum
1085 3304 1227 3351 mearum
1258 3285 1362 3369 magis
1385 3284 1538 3369 religiosa
1559 3308 1657 3368 quam
1678 3287 1764 3352 insta
1786 3293 1845 3353 est.
1872 3306 1927 3367 11²

228 3406 300 3451 nam
322 3406 393 3452 cum
417 3407 457 3453 ex
479 3407 587 3453 amore
609 3387 795 3471 descendat,
822 3410 886 3453 non
909 3389 1005 3455 habet
1027 3396 1135 3455 tamen
1160 3438 1686 3454 ...................
1714 3388 1847 3472 quievit.

183 3508 210 3549 ro
228 3509 309 3556 nunc
337 3496 444 3555 tamen
474 3510 603 3557 emenso
625 3489 739 3557 itinere
762 3491 910 3576 promitto
932 3491 1107 3577 praeterita
1129 3491 1305 3558 officiorum
1328 3490 1500 3577 dispendia
1522 3492 1641 3557 crebris
1664 3514 1685 3557 a
1707 3513 1758 3558 me
1781 3491 1851 3576 epi-

228 3593 318 3659 stulis
340 3592 520 3659 sarcienda.

887 3817 946 3883 on
966 3817 1186 3903 (mxxv).

312 3989 396 4055 Dum
419 3989 503 4075 petis
525 3990 733 4071 beneficium,
762 3990 966 4075 praestitisti:
1002 3991 1076 4075 plus
1098 3990 1183 4056 enim
1206 3990 1285 4056 mihi
1307 4011 1347 4056 er
1371 3989 1511 4056 amicitia
1533 3995 1707 4074 tuaquom
1730 3991 1788 4057 tibi
1810 4011 1851 4057 ex
1875 4012 1913 4072 Π

228 4100 334 4159 nostra
356 4092 545 4159 defensione
567 4093 747 4175 quaesitum
770 4101 831 4159 est.
878 4093 957 4159 nihil
981 4092 1079 4177 igitur
1099 4094 1269 4159 adsumam
1291 4092 1414 4176 gratiam
1439 4112 1547 4174 meae,
1579 4113 1650 4158 cum
1678 4093 1851 4179 plurimum

182 4210 211 4253 ιι
228 4202 302 4261 tuae
331 4195 479 4262 debeam.
526 4202 632 4280 potest
653 4203 762 4262 tamen
784 4197 890 4262 adhuc
912 4196 1093 4263 istiusmodi
1115 4216 1231 4262 munus
1252 4196 1365 4279 augeri
1388 4195 1548 4261 scribendi
1570 4196 1784 4279 adsiduitate,
1818 4203 1852 4262 ut

228 4300 367 4365 cumulet
388 4299 537 4366 voluntas
559 4299 812 4367 familiaritatem
836 4306 986 4383 noemam,
1013 4321 1109 4385 quam
1132 4320 1217 4366 nunc
1238 4298 1366 4366 videtur
1388 4297 1567 4365 necessitas
1588 4299 1769 4366 inchoasse.

994 4539 1079 4606 0111.
1160 4557 1164 4561 ·

311 4711 401 4778 Totis
423 4711 546 4777 viribus
568 4711 745 4778 adiuvandi
768 4719 842 4778 sunt
864 4711 1040 4778 communis
1062 4712 1187 4798 patriae
1210 4712 1384 4797 corporati,
1417 4711 1589 4797 praecipue
1612 4713 1775 4798 mancipes
1797 4733 1851 4778 sa·
1875 4734 1929 4794 11²

229 4816 375 4897 linamm,
402 4814 456 4897 qui
479 4821 630 4881 exercent
651 4815 783 4882 lavacra
804 4815 965 4899 lignorum
988 4813 1199 4899 praebitione.
1240 4814 1290 4881 his
1311 4815 1457 4902 plerique
1480 4821 1555 4881 sunt
1575 4814 1746 4899 debitores,
1771 4837 1851 4900 quos

313 5093 328 5142 2
347 5108 405 5142 narn
423 5089 498 5160 mibi]
517 5091 549 5155 Γ,
568 5107 626 5142 nsm
643 5094 691 5142 etsi
712 5093 775 5156 (11),
796 5107 872 5156 quam
890 5093 951 5142 mlbl
970 5092 1100 5155 Scioppius
1203 5095 1267 5142 ratio
1284 5094 1416 5156 pollicetur
1436 5093 1502 5155 (11),
1521 5095 1624 5155 supple:
1643 5108 1700 5143 nam
1719 5094 1781 5142 mihi
1798 5095 1852 5142 dle·

228 5193 282 5228 rum
293 5181 356 5228 ratio
368 5180 528 5229 sohemntum
541 5185 567 5228 te
580 5181 711 5228 confestim
723 5180 870 5229 adiuturum
882 5181 1016 5241 pollicetur
1033 5180 1072 5227 oei
1083 5180 1161 5228 simile
1173 5179 1248 5242 puid,·
1267 5179 1300 5239 cs.
1314 5195 1340 5241 p.
1358 5178 1415 5241 lib,
1431 5178 1463 5227 20
1580 5179 1595 5229 l
1615 5186 1673 5228 tuse
1691 5180 1740 5228 det.
1756 5181 1852 5228 luretrss

316 5265 347 5316 10
366 5266 432 5315 ultro
450 5262 557 5333 uibnes]
577 5264 633 5327 (Γ),
654 5271 742 5328 sponte
760 5266 852 5314 tribuis
872 5266 926 5328 (Π)
1278 5330 1279 5333 ¹

315 5352 346 5402 tt
364 5353 494 5414 spumam
510 5365 559 5401 osu.
582 5352 646 5413 (Π),
666 5355 762 5413 primus
779 5351 858 5401 edidit
875 5352 1006 5412 Scioppius
1027 5350 1136 5400 Verisim.
1157 5352 1175 5400 l.
1196 5351 1257 5398 1111
1276 5354 1308 5398 17

315 5438 346 5488 lS
364 5439 494 5500 mutulam
512 5452 559 5489 otu.
578 5438 620 5499 (Π
624 5440 642 5499 l,
664 5442 760 5499 primm
782 5438 858 5486 edidit
876 5439 972 5486 Iuratus
995 5442 1023 5486 iu
1046 5437 1152 5487 editione
1170 5437 1310 5500 Sprmuoobi
1327 5437 1434 5486 secundo
1449 5452 1476 5498 p.
1497 5441 1565 5498 305,
1591 5437 1635 5485 loe
1653 5438 1705 5485 loeo
1723 5437 1853 5484 collocavit

229 5523 356 5586 Scioppius
462 5523 493 5574 te
511 5529 595 5574 tsmen
613 5526 710 5586 quieuit
732 5521 807 5585 (llll,
828 5525 946 5573 mussans
963 5523 1072 5572 indicavi

313 5608 346 5658 2³
365 5607 439 5677 dnm]
458 5608 517 5673 (Γ),
536 5623 593 5658 eum
614 5610 664 5673 (Π)
771 5608 804 5658 25
823 5623 913 5670 sugere
935 5608 978 5671 (Γ)
1095 5640 1098 5651 ·

312 5693 347 5744 ts
364 5698 496 5757 epistulam
513 5710 562 5745 oro.
580 5696 648 5759 (Π),
674 5698 768 5756 primus
791 5696 867 5744 edidit
886 5697 984 5744 lunius
1008 5700 1034 5744 io
1053 5696 1193 5759 Symmachi
1210 5694 1315 5744 editione
1333 5694 1440 5743 seeundo
1456 5709 1481 5755 p.
1503 5694 1570 5752 305,
1596 5692 1639 5740 boe
1657 5695 1709 5741 loeo
1727 5693 1853 5741 collocavit

229 5781 357 5845 Scioppius
