4744 6476
866 491 1145 558 (EPlss'l'VLARVM
1162 493 1234 551 LlB.
1255 495 1302 559 Χ).
1832 496 1894 557 285

270 683 438 767 dignitatis
460 682 602 768 praemio
625 702 836 749 muneremur.
884 688 959 749 sunt
980 682 1076 749 huius
1099 684 1146 750 rei
1168 685 1318 770 exempla
1338 684 1478 766 nobilia,
1513 703 1597 765 quae
1619 683 1761 768 prudens
1783 703 1895 748 aemu-
1921 683 2018 746 TMs

270 787 354 852 letur
382 785 529 852 imitatio.
576 806 650 850 nam
681 791 714 852 et
741 785 931 852 Carneaden
959 787 1162 871 Cyrenaeum
1191 795 1224 854 et
1253 789 1395 853 Poenum
1426 786 1659 853 Clitomachum
1689 785 1896 852 Atheniensis

271 889 358 955 curia
387 888 540 955 societate
570 888 705 973 dignata
726 896 793 971 est,
825 889 938 956 itidem
961 897 995 955 ut
1016 891 1115 956 nostri
1140 891 1315 957 Zaleucum
1338 892 1447 974 legum
1470 889 1675 956 Locrensium
1700 888 1895 954 conditorem

270 992 401 1059 civitate
423 992 591 1057 donarunt.
639 991 773 1076 dignum
801 1000 852 1059 est
878 993 979 1076 igitur
1004 994 1195 1060 aeternitate
1217 994 1358 1060 numinis
1380 993 1494 1077 vestri,
1528 993 1658 1059 Celsum
1681 1012 1800 1076 genere
1822 1012 1897 1057 eru·
1920 994 1938 1056 3

237 1094 390 1163 editione
412 1097 577 1162 voluntate
599 1095 795 1162 laudabilem
818 1095 1006 1163 adiudicare
1028 1097 1191 1163 nobilibus
1213 1098 1347 1183 pignore
1370 1096 1547 1182 dignitatis,
1578 1116 1650 1161 cnm
1672 1093 1897 1180 praerogativa

269 1198 393 1265 seilicet
413 1197 594 1280 consulari,
620 1219 662 1264 ne
684 1206 844 1285 sumptum
868 1200 939 1265 eius
961 1201 1066 1284 magis
1088 1221 1184 1284 quam
1209 1201 1431 1286 magisterium
1454 1200 1622 1285 quaesisse
1644 1198 1812 1265 videamur
1833 1217 1897 1263 non

269 1303 338 1368 sine
361 1302 517 1368 avaritiae
538 1308 625 1385 nota,
653 1301 681 1367 si
703 1303 743 1367 ab
767 1322 805 1367 eo
820 1302 930 1369 munia
945 1304 1077 1389 publiea
1091 1306 1303 1389 postulemus,
1329 1305 1384 1386 qni
1399 1304 1537 1390 spondet
1551 1303 1694 1387 gratuita
1709 1308 1891 1387 praecepta.

770 1614 814 1680 VI
843 1613 990 1696 [XVIIII.
1008 1613 1126 1695 XXVI)
1161 1635 1192 1679 a.
1211 1615 1393 1680 ssi-385.

546 1768 618 1833 DD.
643 1768 717 1833 NN.
744 1768 989 1836 THEODOSIO
1012 1771 1068 1836 ΕΤ
1091 1769 1280 1836 AROADIO
1303 1768 1471 1837 senisii
1493 1767 1623 1833 Aves.

224 1962 250 2000 m
356 1939 534 2025 Praecipua
567 1939 696 2023 quidem
731 1940 887 2008 beneficia
913 1941 1054 2007 numinis
1084 1940 1183 2008 vestri
1213 1941 1352 2026 populus
1383 1941 1546 2006 Romanus
1575 1947 1740 2025 expectat,
1778 1940 1897 2004 domini

271 2043 496 2129 imperatores,
523 2043 582 2110 sed
605 2064 645 2110 ea
666 2044 731 2109 iam
754 2044 846 2127 qnasi
870 2044 980 2111 debita
1002 2045 1137 2130 repetit,
1162 2064 1247 2129 quae
1269 2044 1443 2110 aeternitas
1465 2051 1574 2109 restra
1588 2047 1710 2127 'sponte
1733 2042 1893 2127 promisit3

270 2167 334 2213 nou
357 2147 442 2229 quod
465 2147 527 2212 sibi
549 2147 719 2214 tribuenda
741 2148 869 2215 diffidat
889 2186 932 2196 -
954 2170 1112 2231 nusquam
1135 2148 1220 2214 enim
1243 2148 1346 2212 maior
1363 2199 1422 2244 ,ἕ
1438 2198 1444 2211 .
1463 2198 1469 2211 .
1490 2196 1497 2211 .
1515 2154 1565 2213 est
1579 2168 1676 2231 qnam
1693 2147 1726 2211 in
1745 2148 1898 2212 honorum

272 2248 451 2334 principum
475 2250 647 2335 sponsione
670 2289 721 2332 —,
749 2271 859 2316 rernm
883 2273 923 2318 ne
947 2251 1147 2317 existimetur
1169 2251 1278 2317 oblata
1300 2250 1467 2316 fastidiose
1490 2269 1632 2335 sperare,
1659 2249 1721 2314 nisi
1743 2250 1899 2315 instanter

270 2352 425 2435 exegerit.
472 2359 541 2418 orat
566 2352 665 2436 igitur
692 2354 894 2420 clementiam
925 2361 1082 2436 vestram,
1117 2363 1151 2420 nt
1181 2360 1253 2439 post
1282 2353 1340 2419 illa
1369 2352 1530 2434 subsidia,
1564 2374 1647 2435 quae
1670 2353 1768 2418 victui
1790 2360 1940 2422 nostro‘i

222 2484 251 2524 ir
270 2455 405 2538 largitas
435 2464 543 2521 vestra
569 2458 765 2542 praestavit,
799 2458 897 2523 etiam
919 2458 1047 2524 curules
1069 2477 1108 2524 ac
1130 2457 1296 2523 scaenicas
1318 2457 1500 2541 voluptates
1523 2456 1605 2521 circo
1628 2463 1661 2522 et
1682 2456 1898 2542 Pompeianae

270 2578 389 2624 caveae
412 2559 603 2644 suggeratis.
652 2560 703 2625 his
734 2561 818 2627 enim
849 2560 971 2644 gaudet
1002 2562 1125 2626 urbana
1155 2560 1297 2637 laetitia,
1331 2559 1422 2624 cuius
1445 2558 1640 2625 desiderium
1663 2559 1898 2644 pollicitatione

270 2660 425 2726 movistis.
474 2670 683 2747 expectantur
712 2662 827 2730 cotidie
857 2663 977 2745 nundi,
1011 2663 1067 2748 qni
1097 2662 1310 2749 propinquare
1340 2662 1410 2727 urbi
1440 2682 1573 2726 munera
1601 2661 1760 2747 promissa
1781 2662 1897 2727 contir-
1921 2671 1940 2733 3

270 2771 371 2853 ment3
404 2764 589 2847 aurigarum
619 2772 652 2832 et
682 2787 835 2851 equorum
858 2767 944 2832 tama
967 2766 1146 2851 colligitur3
1180 2786 1274 2831 omne
1297 2766 1480 2830 vehiculum
1503 2785 1595 2830 omne
1617 2765 1781 2849 navigium
1805 2784 1897 2831 scae-

269 2868 358 2932 nicos
387 2867 524 2934 artifices
554 2869 726 2936 advexisse
754 2869 901 2935 iactatur.
949 2877 1111 2936 ettamen
1133 2889 1223 2934 amor
1244 2868 1455 2954 perennitatis
1477 2876 1605 2933 vestrae
1627 2868 1714 2934 acuit
1735 2867 1897 2934 desideria

222 2969 386 3054 replebis,
415 2990 478 3035 non
501 2970 663 3056 cupiditas
685 2973 891 3038 ludicrorum.
938 2973 1014 3040 date
1035 2972 1134 3057 igitur
1154 2972 1292 3053 interim,
1319 2991 1403 3055 qnae
1425 2978 1586 3057 petuntur,
1613 2978 1648 3038 ut
1670 2970 1711 3037 sit
1732 2972 1821 3037 locus
1844 2991 1897 3037 ce-

270 3073 359 3153 teris,
385 3094 468 3157 quae
491 3073 561 3141 sine
583 3075 646 3143 fine
668 3075 825 3142 tribuetis.

842 3385 902 3452 vii
922 3386 1007 3471 (XX.
1026 3384 1162 3467 XXVII)
1196 3406 1227 3452 a.
1247 3388 1321 3451 384.

331 3538 402 3603 DD.
428 3540 500 3606 NN.
528 3540 774 3608 THEODOSIO
797 3542 854 3606 ΕΤ
875 3541 1066 3608 AROADIO
1089 3542 1256 3607 SEMPER
1279 3540 1409 3607 AVGG.
1436 3541 1696 3607 SYMMACHVS
1728 3546 1767 3607 V.
1796 3548 1831 3607 0.

863 3644 1141 3711 pannusculis
1165 3645 1301 3711 VRBIS.

221 3838 250 3879 ns.
355 3818 524 3883 Kalendas
551 3816 628 3882 anni
658 3817 824 3902 auspices,
855 3815 972 3899 quibus
1000 3816 1159 3882 mensium
1185 3836 1334 3883 recursus
1355 3817 1512 3901 aperitur,
1545 3816 1757 3901 inpertiendis
1780 3819 1897 3883 strenis

269 3921 389 3988 dicavit
410 3920 603 4002 antiquitas,
630 3919 751 3985 domini
773 3920 983 4003 imperatores
1005 3919 1169 3985 Theodosi
1192 3926 1224 3985 et
1245 3919 1364 3985 Arcadi
1386 3918 1499 4003 inclyti
1520 3918 1657 3984 victores
1681 3938 1808 4004 semper
1829 3922 1898 3985 Αιι-

269 4024 366 4108 gusti.
414 4024 510 4089 huius
543 4022 680 4090 instituti
713 4042 806 4088 usum
840 4022 1078 4090 munificentiae
1111 4022 1317 4089 festinatione
1350 4022 1570 4107 praevertitis,
1608 4041 1711 4087 seram
1745 4029 1897 4108 putantes

269 4127 513 4206 liberalitatem,
547 4146 630 4209 qnae
660 4125 789 4192 statutis
816 4126 1013 4211 temporibus
1041 4126 1241 4191 admovetur.
1289 4124 1369 4192 ielix
1391 4146 1443 4190 me
1465 4125 1596 4191 hercule
1618 4126 1800 4209 saeculum,
1834 4147 1897 4208 quo

269 4229 429 4317 principes
451 4229 601 4295 cohibere
622 4227 677 4294 diu
700 4228 848 4295 nesciunt
869 4227 1039 4295 tribuenda
1061 4228 1196 4309 devotis,
1227 4249 1299 4295 cum
1322 4227 1385 4294 sibi
1408 4227 1517 4294 debita
1538 4235 1725 4295 cunctentur
1746 4229 1892 4313 exigere!

220 4354 249 4395 ao
268 4334 346 4418 qnid
375 4353 451 4419 ergo
475 4333 630 4419 primum,
662 4332 962 4418 quidpotissimum
985 4331 1192 4418 praedicemi
1229 4337 1449 4418 promptamne
1472 4330 1612 4397 numinis
1635 4332 1733 4397 vestri
1755 4339 1788 4398 et
1809 4333 1896 4398 ceie—
1921 4339 1938 4394 2

253 4456 337 4530 ¹rem
367 4435 550 4519 largitatem
576 4456 617 4500 an
641 4436 725 4501 circe
746 4437 897 4502 absentes
920 4455 1093 4502 memorem
1116 4434 1319 4519 diligentiam
1342 4456 1385 4500 an
1407 4433 1495 4516 qnod
1516 4452 1642 4500 sacrum
1665 4454 1782 4500 munus
1803 4436 1896 4502 anxi-

354 4764 369 4813 2
388 4764 544 4814 carneaden
565 4764 593 4825 Γ,
619 4763 758 4813 cerneande
777 4763 813 4823 M,
834 4766 980 4813 carneadem
999 4761 1025 4811 Γ
1161 4777 1295 4823 cyreneum
1317 4763 1344 4823 T,
1372 4765 1479 4823 cyreuer'r
1498 4761 1526 4810 M
1663 4762 1845 4821 clytomachum
1865 4762 1894 4824 Γ,

268 4850 454 4911 clytomachum
474 4850 495 4897 Τ
599 4851 734 4912 3longnm
753 4849 782 4897 M
885 4851 1006 4900 'imanis
1023 4850 1124 4912 publica
1142 4849 1269 4899 mnniai·

355 4937 385 4985 de
405 4936 537 4985 mittendis
555 4938 662 4985 scenicis
680 4937 710 4986 ad
729 4938 817 4986 urbem
839 4935 889 4984 i'M
1025 4935 1042 4985 9
1060 4937 1174 4985 archadio
1194 4934 1271 4984 TMI'
1402 4938 1451 4996 aug
1472 4932 1499 4981 M
1636 4934 1797 4994 Symmachus
1815 4937 1893 4997 praet.

268 5025 322 5074 urb.
343 5022 401 5073 cdd.
424 5021 451 5071 Γ
574 5022 604 5072 10
621 5023 796 5084 masadam.-
816 5028 937 5085 parpetua
954 5022 1057 5085 quidem
1074 5024 1204 5084 beneficia,
1225 5021 1261 5082 ef.
1283 5020 1315 5071 29
1334 5023 1390 5071 date
1408 5023 1485 5083 igitur
1502 5021 1613 5079 interim,
1634 5033 1698 5082 qnae
1716 5026 1847 5084 petuntur,
1870 5030 1898 5070 ut

268 5112 302 5159 sit
319 5111 389 5159 iocus
407 5111 505 5172 ceteris,
526 5122 590 5170 qnae
610 5111 665 5158 sine
683 5110 734 5157 dne
751 5110 874 5158 tribuetis
990 5108 1062 5171 pupis
1080 5108 1123 5156 eii·
1145 5107 1174 5154 M
1288 5109 1342 5157 bi).
1365 5105 1392 5156 Γ
1508 5106 1536 5156 11
1557 5089 1665 5169 imperat
1684 5105 1719 5170 M,
1738 5105 1862 5169 impeiT

267 5197 358 5245 scriba.-
380 5196 477 5245 domini
499 5196 660 5257 imperatores
678 5195 799 5244 Theodosi
824 5202 850 5243 et
869 5196 957 5244 Arcadi
981 5196 1068 5254 inclyti
1091 5196 1199 5244 uictores
1222 5209 1252 5244 ac
1269 5194 1463 5256 triumphatores
1480 5207 1579 5255 semper
1597 5193 1678 5253 hugg.
1698 5192 1733 5252 cf.
1752 5206 1779 5252 p.
1800 5190 1858 5251 219,
1881 5193 1894 5239 'l

270 5282 301 5332 12
320 5284 397 5331 ιιιιίοι
415 5288 454 5331 est
474 5280 532 5345 ΓΜ,
553 5262 630 5331 maior
648 5296 705 5344 spes
724 5289 762 5330 est
775 5280 807 5343 Γ,
827 5283 904 5330 molor
921 5282 986 5330 tides
1004 5279 1088 5344 Meyer
1195 5280 1224 5329 13
1243 5282 1397 5344 principium
1412 5280 1440 5327 Μ
1545 5278 1576 5327 15
1594 5275 1743 5345 praestruit]
1762 5277 1893 5340 Merserat,

268 5369 406 5432 praestabit
420 5366 497 5416 TMF
586 5369 703 5417 seemicas
716 5368 744 5415 M
852 5367 879 5417 ii
900 5364 997 5434 nuntii]
1015 5366 1269 5417 bamasmnehem
1283 5366 1311 5413 M
1414 5365 1445 5413 19
1465 5364 1646 5427 perhennitatis
1660 5362 1710 5411 PM
1811 5362 1895 5413 2911-

267 5455 392 5505 dicrornm
412 5452 440 5499 M
542 5455 620 5515 igitur
638 5468 688 5504 om.
709 5453 737 5500 M

353 5541 384 5589 de
403 5541 495 5590 ahenis
513 5541 598 5589 missis
612 5539 665 5588 'PM
765 5538 798 5589 23
817 5540 931 5588 archadio
945 5537 1022 5588 TMI'
1119 5538 1168 5600 aug
1184 5539 1212 5586 M
1314 5538 1471 5599 symmachus
1489 5537 1631 5601 praelectus
1649 5538 1719 5585 urbis
1738 5542 1764 5585 et
1782 5550 1844 5613 u.-c.
1864 5536 1894 5595 Γ,

268 5629 435 5687 symmachns.
449 5641 474 5688 p.
489 5640 515 5676 n.
530 5632 557 5675 et
569 5641 608 5675 nc.
625 5625 660 5689 M,
676 5641 701 5675 n.
716 5642 738 5676 e.
752 5640 802 5676 orn.
817 5624 843 5674 Γ
942 5624 975 5675 25
994 5638 1128 5675 mensuum
1145 5626 1165 5672 Γ
1265 5624 1297 5675 26
1315 5626 1407 5673 dicabit
1421 5622 1471 5681 ΓΜ
1567 5623 1623 5671 bo.
1639 5620 1665 5670 Γ
1756 5621 1863 5691 tmptM

267 5714 367 5763 archadi
389 5711 464 5761 TMI'
562 5712 654 5763 sartbs:
673 5714 782 5762 uictoras
800 5728 827 5761 ac
845 5712 1040 5774 triumphatores
1143 5710 1193 5771 anfi
1213 5710 1248 5774 M,
1268 5726 1341 5772 augg.
1362 5708 1389 5758 Γ
1488 5707 1611 5757 28stst1s
1629 5709 1784 5771 temporibus
1802 5721 1895 5756 ammo·

268 5806 342 5849 netur
359 5797 386 5847 Γ
398 5799 578 5861 fortnsscrccts
682 5797 715 5847 29
732 5800 819 5848 <lenita
841 5796 891 5845 TM
994 5798 1026 5846 30
1044 5797 1110 5860 quod
1127 5799 1287 5861 potissimum
1310 5797 1332 5845 Τ
1433 5791 1617 5864 promptamne]
1636 5792 1666 5859 Γ,
1686 5801 1824 5857 promptam
1845 5792 1896 5841 TM
