4722 6470
467 456 527 531 xo
998 435 1579 524 osaouonoomsruusculttbr.

556 690 597 751 53
619 709 651 753 r.
677 688 720 754 ad
742 708 761 755 e
787 740 794 754 .
821 694 872 754 45.

555 813 596 872 54
619 810 717 894 paulo
746 710 820 895 past
846 809 969 876 celsini
991 810 1113 877 libani
1139 820 1276 879 mortem
1307 812 1428 897 scripta
1456 816 1523 896 est,
1557 812 1613 894 qni
1640 832 1725 877 anno
1754 815 1817 877 380
1846 819 1984 879 excunte
2015 811 2102 878 diem

352 970 361 982 ,
469 927 558 994 omn.
607 950 638 994 v.
664 951 696 1014 p.
722 929 804 995 cvr.

557 1053 597 1112 55
620 1050 677 1113 tibi
694 1071 753 1132 pro
775 1059 883 1114 costra
906 1054 1043 1116 amicitia
1070 1057 1146 1116 octob
1174 1056 1333 1137 promtior,
1367 1058 1455 1117 catur
1485 1053 1573 1115 labor
1600 1055 1696 1116 amati
1721 1055 1860 1135 publicae
1889 1054 2098 1118 commodabit.

469 1168 550 1234 haec
571 1169 745 1253 gratulatio
767 1169 810 1235 ad
824 1170 1022 1237 Praetextati
1044 1172 1278 1256 praefecturam
1302 1173 1460 1258 praetorio
1482 1171 1654 1239 referenda
1675 1178 1735 1255 est,
1761 1192 1858 1255 quam
1879 1173 1971 1238 initio
1985 1192 2017 1237 a.
2038 1174 2099 1236 384

468 1288 603 1374 accepit.
650 1311 725 1356 nam
755 1312 796 1358 ne
827 1291 869 1358 de
891 1291 1095 1377 praefectura
1116 1294 1240 1359 urbana
1265 1294 1307 1377 (a.
1334 1296 1406 1377 367)
1433 1293 1627 1376 cogitemus,
1659 1293 1845 1376 Symmachi
1867 1300 1958 1360 aetas
1980 1293 2095 1372 obstat,

468 1411 523 1494 qui
553 1409 586 1476 in
617 1411 678 1476 hac
700 1412 842 1496 epistula
862 1432 926 1479 non
949 1419 985 1479 ut
1005 1412 1132 1479 iuvenis
1155 1433 1227 1480 cum
1250 1413 1379 1478 homino
1401 1414 1528 1479 seniore
1551 1414 1685 1480 summis
1706 1413 1772 1478 iam
1795 1414 1968 1481 honoribus
1991 1414 2100 1479 functo

467 1530 617 1613 loquitur,
644 1531 703 1597 sed
725 1539 760 1598 nt
782 1518 832 1597 'vir
853 1553 926 1599 cum
948 1533 1017 1598 uiuo
1037 1532 1151 1598 amico.

1030 1964 1048 2047 Ι
1075 1962 1213 2047 56-61
1244 1963 1308 2046 Ab
1334 1963 1532 2047 PROBVM.

554 2149 672 2216 Nullus
694 2171 846 2233 umquam
868 2151 918 2217 vir
940 2152 1079 2237 partium
1102 2151 1244 2219 civilium
1267 2153 1327 2218 suh
1349 2152 1596 2238 imperatoribus
1619 2153 1771 2218 Romanis
1794 2158 1840 2218 tot
1869 2159 1902 2219 et
1929 2160 1994 2219 tam
2024 2153 2097 2219 din-

467 2268 551 2335 tinos
573 2269 781 2354 magistratus
802 2271 920 2354 gessit,
946 2273 1057 2337 nullus
1079 2278 1169 2338 tanta
1190 2272 1334 2357 potentia
1355 2292 1433 2339 usus
1457 2279 1523 2355 est,
1550 2293 1646 2356 quam
1668 2272 1744 2339 Sex.
1770 2274 1938 2339 Petronius
1961 2273 2092 2355 Probus,

467 2387 503 2453 id
524 2388 612 2472 quod
633 2378 820 2457 Marcellino
841 2395 925 2458 teste
947 2393 1001 2459 vel
1023 2392 1197 2479 praecipue
1219 2392 1379 2460 nobilitati
1401 2392 1529 2478 generis
1552 2393 1703 2459 debebat.
1750 2394 1872 2460 multae
1894 2393 1979 2459 enim
1999 2396 2097 2477 sami-

467 2512 527 2573 tiae
549 2513 682 2595 ingentes
706 2531 779 2578 eum
803 2517 838 2577 ut
859 2511 1022 2578 dominum
1045 2533 1138 2580 suum
1161 2514 1320 2596 colebant,
1348 2521 1380 2580 et
1401 2520 1437 2580 ut
1459 2513 1696 2580 necessitudine
1719 2514 1834 2579 summi
1849 2513 1966 2581 iudicis
1981 2514 2015 2580 in
2030 2514 2097 2580 liti-

466 2630 527 2697 bus
549 2630 789 2715 adiuvarentur,
815 2632 918 2716 omni,
945 2633 1064 2715 quain
1086 2635 1163 2700 aula
1184 2634 1354 2716 valebant,
1380 2633 1486 2718 gratia
1508 2634 1552 2700 ad
1573 2633 1792 2720 praefecturas
1814 2635 1846 2702 ei
1868 2636 2096 2719 suffragaban-

466 2754 593 2833 tur⁴¹⁵).
641 2751 682 2818 de
697 2753 800 2818 Pr0b0
823 2751 922 2835 igitur
943 2752 1063 2818 acturis
1085 2753 1247 2820 aiamilia
1262 2754 1332 2820 eius
1347 2754 1537 2840 principium
1554 2754 1744 2821 sumendum
1759 2762 1818 2837 est,
1844 2776 1945 2840 quare
1959 2762 2096 2822 stemma

466 2871 703 2957 composuimus
724 2872 930 2956 rationesque
952 2873 1096 2957 edemus,
1121 2874 1238 2958 quibus
1260 2874 1467 2958 cognationes
1491 2875 1525 2940 in
1547 2895 1585 2941 eo
1608 2875 1790 2961 propositae
1812 2875 1965 2942 nituntur.

554 2991 570 3056 I
600 2991 637 3059 (l.
655 2992 682 3057 Ι.
701 2993 738 3057 L.
755 2992 833 3057 VIII
851 2995 931 3057 1437
948 2993 1131 3060 Thibursici
1146 2994 1243 3060 Bure.
1276 2997 1352 3058 Sem.
1374 2997 1491 3058 Cocceio
1506 2994 1610 3060 Anteio
1627 2999 1737 3059 Fausto
1754 2998 1881 3060 Paulino
1892 2998 2090 3080 promtuaria]

465 3116 641 3197 procinctae
663 3112 816 3198 titulique
837 3116 1034 3196 respublica
1060 3114 1215 3198 [odinatae
1241 3115 1367 3199 (nomen
1391 3116 1529 3198 erasum)
1557 3115 1722 3200 Aoqartae.
1768 3123 1897 3202 propter
1919 3118 2097 3184 litterarum

466 3234 601 3299 formam
629 3253 808 3317 nomenque
838 3232 983 3299 coloniae
1016 3234 1219 3318 (Valerianus
1249 3233 1420 3301 Gallienae
1450 3236 1647 3320 Augustani)
1682 3255 1810 3301 erasum
1841 3236 1925 3303 hunc
1955 3238 2096 3324 lapidem

467 3353 611 3420 Gallmni
631 3354 829 3439 temporibus
850 3352 961 3419 tribuit
982 3354 1174 3421 Wilmanns.
1221 3354 1393 3421 Paulinum
1416 3362 1541 3441 patrem
1564 3355 1765 3439 sequentium
1787 3356 1905 3440 luisse,
1932 3379 1973 3424 ex
1994 3358 2099 3424 nomi-

464 3475 561 3540 nibus
587 3473 655 3540 veri
677 3473 783 3541 simile
805 3472 966 3557 redditur,
998 3476 1170 3560 praecipue
1193 3495 1233 3540 ex
1255 3476 1463 3561 praenomine
1485 3475 1621 3562 nepotis.
1668 3475 1898 3543 Nicomachum
1921 3478 2093 3562 Iulianum,

466 3615 562 3679 quem
584 3612 729 3661 socerum
751 3594 820 3660 eins
843 3594 945 3660 tuisse
967 3593 1105 3680 produnt
1126 3595 1256 3661 nomina
1278 3595 1336 3662 filii
1358 3596 1585 3679 Nicomachus,
1611 3596 1738 3681 nepotis
1760 3596 1923 3680 Iulianus,
1948 3599 2096 3665 norimus

465 3737 506 3782 ex
535 3714 637 3781 titulis
667 3715 808 3798 duobus,
842 3716 944 3782 altero
973 3715 1133 3801 Drepani,
1166 3716 1268 3782 altero
1296 3716 1437 3783 Blaundi
1461 3717 1496 3783 in
1517 3717 1663 3802 Phrygia
1684 3724 1827 3802 reperto:
1862 3717 1906 3802 [Γ.
1931 3714 2095 3803 ‘Aniculae

467 3833 686 3924 Νεικόμαχο[ν]
718 3831 906 3918 Ἰουλιανόν,
942 3833 1151 3923 λαμπρότατον
1183 3828 1313 3918 όπατον,
1351 3833 1522 3903 ἀνθύπατον
1551 3834 1662 3911 Ἀσίας
1696 3833 1911 3920 δικαιότατον,
1943 3836 2095 3914 Ἀσίννιος

462 3952 614 4043 Ἀμίαντος
643 3958 799 4044 ἐπίτροπος
826 3954 877 4023 τὸν
907 3953 1092 4042 δεοπότηίνί.
1140 3956 1314 4042 Borghesi,
1347 3977 1445 4043 opera
1467 3959 1495 4024 V
1517 3979 1551 4043 p.
1576 3961 1650 4022 447.
1698 3956 1881 4024 Βλαονδέοιν
1910 3957 2096 4026 Μακεδόνων

463 4073 484 4163 ἡ
509 4074 604 4165 βουλὴ
628 4077 679 4144 καί
701 4074 718 4142 ὁ
741 4081 836 4164 δῆμος
858 4075 907 4143 τὸν
931 4074 1093 4165 ἁγνότατον
1117 4077 1151 4141 Γ.
1165 4073 1325 4163 Ἀσίνίιον)
1348 4074 1528 4160 Ἰουλιανόν,
1554 4075 1603 4143 τὸν
1627 4074 1783 4165 κράτιστον
1808 4075 1859 4144 btv
1879 4079 1913 4144 Γ.
1929 4077 2090 4165 'Aetoliam

465 4196 634 4285 Προτείμου
649 4195 850 4286 Κουαδράτοο
873 4203 1030 4280 υπατικοῦ,
1054 4194 1104 4263 τόν
1128 4200 1159 4264 ἐν
1181 4200 1272 4263 πᾶσιν
1295 4194 1453 4285 εὐεργέτην
1476 4197 1528 4265 καί
1548 4200 1668 4284 κτίστην
1683 4204 1736 4285 τῆς
1750 4197 1883 4274 πόλεως·
1910 4203 2095 4288 ἐπιμελησο-

466 4319 555 4405 μένοο
578 4315 786 4406 Αόίρίηλίοοη
819 4314 975 4393 Γλύκωνος
999 4322 1017 4406 β
1038 4322 1091 4384 τοῦ
1115 4317 1225 4383 Ninon.
1272 4317 1309 4385 (l.
1334 4319 1361 4384 I.
1387 4319 1427 4386 G.
1455 4323 1539 4385 5498
1550 4322 1617 4404 ⁴¹⁶).

550 4440 583 4505 Π
612 4440 649 4507 ί).
675 4438 702 4505 Ι.
727 4441 765 4505 L.
790 4440 844 4506 VI.
858 4442 921 4505 315
943 4441 1075 4506 Romae.
1115 4444 1176 4503 Deo
1192 4443 1320 4506 Heracli
1340 4442 1474 4525 invitato)
1496 4445 1538 4505 M.
1558 4441 1691 4526 Iuctius)
1714 4444 1881 4506 Caesonius
1896 4446 2095 4508 Nr'oomuobur

462 4559 588 4626 Animus
605 4564 736 4626 Faustus
755 4563 902 4625 Paulinus
924 4562 1141 4646 adornamus)
1167 4562 1242 4645 ultr)
1266 4562 1466 4647 p(roesectuo)
1494 4562 1588 4646 utrbr]
1616 4563 1716 4646 dimo)
1737 4562 1842 4647 diedit)
1853 4566 1920 4647 ⁴¹⁷).
1961 4564 2093 4630 Anicius

548 4838 607 4901 115)
628 4842 710 4889 Amm.
731 4838 833 4888 xxvn
853 4838 892 4899 11,
916 4837 927 4887 1
945 4852 990 4900 per
1007 4839 1065 4888 baec
1082 4844 1192 4900 tenpore
1213 4839 1324 4889 Vulcatio
1343 4838 1434 4903 Ituflno
1452 4840 1563 4888 absoluto
1580 4842 1643 4902 otta,
1662 4838 1724 4890 dum
1741 4839 1936 4905 aanonaaarar,
1955 4841 1990 4889 ad
2006 4856 2093 4903 repen-

461 4924 520 4975 dam
540 4925 726 4988 praefecturam
747 4928 934 4988 praetorianam
957 4927 987 4975 ab
1009 4926 1069 4975 urbe
1087 4926 1181 4975 Pmbur
1205 4929 1315 4989 mettas,
1340 4927 1491 4976 claritudine
1513 4929 1608 4988 pencris
1628 4931 1651 4974 ct
1667 4929 1780 4987 potentia
1797 4933 1821 4975 et
1838 4941 1912 4989 opum
1930 4928 2093 4988 amplitudine

462 5016 577 5074 cognitas
594 5013 647 5062 orbi
664 5013 794 5075 Romano,
812 5026 857 5074 per
875 5026 947 5075 quem
964 5015 1108 5062 univercum
1124 5027 1202 5075 pocae
1219 5015 1371 5073 patrimonio
1389 5027 1475 5075 operm
1490 5010 1613 5075 possedit,
1637 5016 1701 5061 iuste
1719 5028 1754 5062 an
1771 5028 1839 5062 secus
1856 5028 1909 5063 non
1927 5013 2040 5063 tudictoti
2057 5019 2092 5063 ert

461 5102 548 5148 nostri
567 5126 603 5137 -
619 5104 691 5162 atquc
709 5104 738 5147 ut
755 5101 898 5148 natantium
915 5113 993 5159 penus
1010 5101 1126 5148 etememo
1145 5112 1189 5147 ruo
1206 5100 1337 5161 eeputsrm
1354 5099 1413 5149 baut
1431 5105 1482 5148 turn
1499 5098 1544 5147 diu
1562 5102 1639 5161 rptrat
1657 5103 1684 5149 in
1703 5103 1782 5163 terrie,
1802 5103 1838 5149 ito
1851 5101 1892 5149 itte
1903 5099 2027 5149 marcebat
2039 5101 2093 5150 abr-

461 5200 506 5248 que
521 5183 693 5246 praelectoris,
714 5198 775 5247 quas
792 5184 822 5234 ob
840 5187 921 5247 iurpta
937 5186 1096 5248 [amitterem
1115 5187 1253 5245 tnpcntium
1270 5199 1393 5247 capecscm
1405 5185 1543 5247 cogebatur,
1563 5198 1701 5246 numquam
1713 5188 1880 5234 innocentium
1890 5199 1935 5247 pce
1948 5185 2093 5247 trepidantes

462 5273 596 5335 inmemor,
616 5276 691 5334 utque
707 5273 790 5322 mutto
805 5276 973 5334 perpetrarent
991 5274 1099 5334 inpune,
1119 5272 1247 5320 dominum
1265 5286 1338 5320 suum
1355 5273 1519 5332 mergentium
1537 5274 1564 5319 in
1581 5285 1633 5319 rem
1649 5272 1783 5332 patticam.
1821 5271 1898 5320 XXX
1916 5272 1942 5335 5,
1961 5270 1978 5319 4
1995 5286 2047 5321 non
2063 5277 2093 5320 ut

458 5360 589 5419 promptae
606 5371 666 5406 suae
682 5357 806 5407 ctorttudo
822 5358 943 5408 monebat.
981 5346 1080 5408 Aucouss
1098 5372 1138 5422 ep.
1160 5357 1222 5407 XVI
1241 5356 1268 5420 2,
1289 5357 1320 5408 19
1338 5360 1418 5406 cenati
1433 5358 1583 5419 praesulem,
1612 5372 1638 5421 p.
1658 5356 1742 5405 xclx
1760 5358 1828 5408 titul.
1849 5357 1866 5405 4
1883 5358 2019 5407 nobilitatis
2037 5360 2091 5406 eut·

460 5446 531 5492 mint.
570 5443 584 5492 t
603 5443 671 5493 diver
688 5458 763 5505 opum
780 5446 910 5508 clarusque
927 5459 1013 5507 oenus.

547 5529 606 5593 416)
627 5530 770 5593 Vtrumque
788 5532 891 5580 titulum
909 5530 940 5579 ad
958 5531 1066 5581 eundem
1083 5530 1210 5580 hominem
1228 5532 1367 5594 pertinere,
1385 5532 1517 5595 perspexit
1535 5531 1781 5593 communicentque
1799 5544 1896 5580 mecum
1914 5529 2011 5580 Krlbcl.

548 5614 608 5679 tlt)
628 5617 713 5666 Lateri
737 5617 851 5667 eiusdem
873 5618 963 5679 lepidis
986 5618 1135 5680 inscriptum
1159 5618 1254 5667 luisse:
1280 5618 1306 5667 d.
1327 5616 1350 5666 d.
1373 5618 1429 5665 111
1444 5618 1493 5667 tcal.
1516 5618 1598 5667 Octob.
1623 5617 1709 5677 Crispo
1732 5621 1756 5664 ct
1775 5615 1939 5666 Oorrrtantino
1959 5616 2040 5666 Caere.
2061 5617 2092 5664 ΙΙ

462 5716 545 5763 σανα,
572 5716 656 5765 usque
679 5705 829 5752 auctoritate
853 5703 916 5753 satis
940 5704 1010 5750 firma
1031 5704 1122 5750 nititur
1140 5707 1165 5750 et
1183 5707 1285 5766 propter
1304 5704 1423 5765 temporis
1440 5703 1562 5751 rationem
1581 5702 1680 5750 admitti
1699 5715 1748 5749 uon
1767 5708 1857 5763 potest.
1895 5702 2030 5764 Borghesi,
2050 5717 2091 5765 op.

459 5787 523 5835 VIII
541 5802 567 5849 p.
587 5787 647 5837 588.
