4722 6470
410 465 541 531 CXLVI
694 500 698 505 «
938 463 1203 520 cusonotoats
1222 463 1508 520 SYMMAGHIANA.

406 708 481 754 nem
509 688 615 753 bieme
644 709 675 753 a.
702 688 800 771 titillo
829 687 865 751 in
893 688 1075 754 comitatum
1104 689 1250 769 venisse,
1284 709 1324 753 ex
1353 689 1426 771 lege
1457 687 1535 752 data
1566 686 1598 753 d.
1626 690 1666 750 24
1690 686 1783 752 Mart.
1815 707 1846 751 a.
1873 687 1935 750 395
1966 687 2034 753 veri

409 809 606 874 simillimum
636 809 688 891 fit,
721 829 784 893 qna
809 808 883 891 agri
904 808 1103 893 Campaniae
1126 808 1244 875 deserti
1268 816 1300 874 et
1322 809 1496 875 cultoribus
1519 806 1614 873 vacui
1636 807 1753 873 tributo
1775 807 2033 891 liberantur⁷³⁸);

410 950 483 993 narn
507 929 729 1013 indulgentiae
751 929 822 994 sine
844 929 1086 1015 provincialium
1109 928 1259 1013 precibus
1282 929 1369 994 haud
1392 928 1488 994 facilc
1512 927 1642 993 concedi
1667 927 1824 992 solebant.
1872 928 1957 994 banc
1978 949 2039 993 au·

407 1054 472 1114 tem
495 1049 690 1133 legationem
712 1049 848 1115 eandem
872 1069 962 1127 esse,
989 1050 1095 1133 quade
1117 1050 1330 1133 Symmachus
1353 1049 1452 1115 verba
1474 1048 1565 1127 feeit,
1592 1068 1657 1113 nou
1679 1048 1749 1114 sine
1772 1036 1899 1113 sumnia
1920 1049 2038 1134 proba-

408 1170 532 1237 bilitate
554 1170 731 1236 coniecisse
752 1169 832 1234 mihi
854 1169 977 1236 videor.

496 1295 548 1354 47.
575 1296 615 1357 48
639 1312 670 1356 0.
695 1290 813 1375 adep.
840 1296 893 1356 41.

494 1415 536 1475 49
559 1411 770 1496 Symmachus
800 1411 898 1495 paulo
926 1419 1001 1476 aute
1023 1411 1209 1477 Mediolanii
1238 1412 1361 1491 fuerat,
1394 1411 1450 1477 abi
1480 1432 1511 1475 a.
1538 1415 1600 1475 400
1629 1410 1785 1495 auspiciis
1814 1412 2038 1476 consularibus

408 1531 596 1597 Stilichonis
618 1531 774 1597 interfuit.
822 1551 853 1596 0.
879 1553 912 1615 p.
937 1532 1040 1596 LXII.

494 1656 535 1716 50
558 1673 591 1716 0.
616 1651 660 1717 ad
682 1671 734 1737 ep.
761 1655 813 1717 20.

492 1777 530 1836 51
557 1793 588 1838 0.
614 1772 732 1858 adep.
760 1775 810 1837 19.

494 1896 534 1957 52
557 1915 589 1959 0.
615 1893 657 1958 ad
680 1914 732 1980 ep.
760 1896 813 1957 34.

492 2015 533 2077 53
557 2014 598 2078 de
621 2014 735 2079 eudem
758 2034 792 2079 re
815 2014 944 2099 scripta,
972 2012 1013 2078 de
1035 2032 1101 2096 qua
1121 2013 1170 2077 IX
1196 2017 1209 2075 1
1235 2012 1312 2095 agit,
1340 2013 1395 2078 nbi
1416 2011 1500 2077 vide.

492 2137 532 2196 54
555 2137 609 2196 sed
632 2136 705 2217 quid
726 2135 801 2197 uribr'
822 2137 1006 2197 insusurras
1026 2135 1129 2217 [rupis
1151 2132 1318 2216 Africanae
1341 2143 1444 2195 tcuuer
1466 2137 1671 2196 contueatur?
1704 2134 1799 2213 abrit,
1833 2143 1868 2196 ut
1888 2154 2035 2216 praescus

405 2274 506 2316 nauus
535 2257 670 2318 imitetur
696 2256 857 2338 sortuuaur
886 2257 1099 2336 superiorum!
1128 2290 1171 2300 -
1201 2256 1304 2317 laudis
1334 2263 1404 2316 tuae
1429 2254 1553 2336 fructur
1584 2255 1705 2335 efficiet,
1736 2264 1771 2317 ut
1796 2257 1835 2317 rit
1857 2256 1912 2316 tibr'
1930 2264 2036 2337 postea

405 2376 492 2438 dulce
518 2378 664 2438 timuisse.
711 2374 797 2459 quod
825 2393 876 2439 res
907 2374 1084 2439 annonaria
1113 2380 1205 2439 caute
1235 2373 1364 2458 provisa
1392 2373 1577 2439 Florentino
1607 2373 1697 2438 laudi
1727 2392 1800 2438 esse
1829 2375 1944 2460 potnit,
1978 2374 2036 2440 de-

404 2502 575 2578 monstrat,
609 2516 682 2562 eum
710 2502 778 2561 turn
800 2495 999 2580 praefectum
1022 2494 1093 2559 urbi
1116 2494 1217 2560 fuisse
1245 2497 1285 2578 (a.
1312 2496 1508 2578 395-397).
1555 2514 1597 2558 en
1619 2493 1739 2579 plurali
1761 2499 1955 2577 superiorum
1977 2515 2036 2577 ag-

403 2617 561 2697 noscitur,
592 2618 742 2699 Romam,
777 2635 849 2680 cum
871 2615 952 2681 baec
975 2616 1207 2697 scriberentur,
1232 2615 1296 2679 iam
1319 2635 1422 2680 annos
1443 2634 1507 2679 non
1530 2613 1635 2678 minus
1659 2614 1722 2679 duo
1746 2614 1831 2680 farne
1853 2616 2033 2681 laborasse.

403 2736 529 2819 itaque,
566 2757 637 2802 cam
668 2735 871 2822 praefectura
891 2735 1041 2800 Flaviani
1071 2735 1203 2800 minoris
1229 2738 1270 2816 (a.
1297 2736 1369 2817 394)
1399 2736 1522 2800 nullam
1546 2734 1649 2817 frugis
1672 2734 1813 2818 inopiam
1837 2743 1971 2822 experta
1993 2736 2036 2800 sit

408 2858 447 2939 (0.
474 2856 551 2921 adn.
578 2857 673 2939 291),
700 2857 781 2922 baec
804 2856 943 2941 epistula
965 2856 998 2921 in
1021 2876 1141 2920 anuum
1165 2857 1225 2918 397
1249 2854 1363 2920 incidit
1384 2855 1471 2920 etin
1494 2854 1609 2919 ultima
1630 2853 1762 2938 quidem
1786 2856 1931 2921 autumni
1954 2865 2036 2922 tern-

403 2997 494 3062 0000.
542 2977 584 3042 cf.
608 2979 743 3041 noudum
766 2981 798 3040 fa
820 2979 945 3039 lrr‘craem
964 2979 1151 3060 praecipitat
1172 2985 1349 3039 autumnus.

491 3103 531 3162 55
563 3097 684 3184 scripta
715 3103 882 3184 postquam
913 3096 1117 3162 Florentinns
1150 3095 1352 3181 praefectura
1384 3095 1531 3180 deposita
1560 3096 1594 3161 in
1624 3095 1750 3162 Gallias
1778 3097 1925 3179 revertit,
1962 3106 2035 3183 post

406 3238 549 3284 mensem
572 3219 784 3285 Decembrem
805 3239 837 3283 a.
864 3221 937 3283 397.

492 3343 532 3403 56
556 3359 628 3404 cum
652 3338 747 3405 trium
771 3338 903 3404 fratrum
926 3338 1056 3404 nomina
1077 3337 1248 3422 praeferat,
1275 3343 1349 3402 unte
1372 3357 1402 3400 a.
1422 3338 1495 3418 395,
1522 3356 1585 3419 quo
1603 3336 1793 3403 litterarium
1809 3338 2032 3403 commercium

404 3479 476 3524 cum
498 3458 654 3525 Minervio
684 3459 806 3543 incepit
831 3460 872 3541 (0.
898 3459 941 3524 ad
964 3479 1016 3543 ep.
1043 3460 1114 3542 34),
1149 3458 1270 3542 scripta
1297 3476 1453 3523 essenon
1476 3462 1582 3540 potest
1603 3477 1708 3539 neque
1730 3457 1824 3522 annis
1848 3461 2029 3536 395-397,

404 3579 522 3662 quibus
549 3579 733 3645 Florentino
761 3580 899 3661 Romae,
933 3578 1088 3644 Minervio
1117 3584 1149 3644 et
1176 3578 1325 3643 Protadio
1355 3577 1470 3663 partim
1500 3576 1535 3641 in
1558 3576 1675 3643 Galliis
1704 3578 1821 3663 partim
1844 3579 2030 3644 Mediolanii

405 3700 592 3784 agentibus,
628 3720 693 3765 una
721 3700 863 3785 epistula
892 3699 935 3765 ad
964 3719 1076 3765 omnes
1099 3699 1194 3783 dirigi
1215 3698 1370 3781 nequivit.
1416 3699 1547 3764 morbus
1569 3698 1667 3782 igitur
1690 3699 1894 3784 Symmachi,
1927 3700 2031 3784 quode

404 3820 558 3903 loquitur,
592 3821 635 3885 ad
664 3827 851 3886 autumnum
875 3824 937 3885 397
960 3819 1072 3886 referri
1093 3840 1157 3885 non
1179 3825 1285 3905 potest
1310 3821 1352 3899 (v.
1377 3839 1409 3903 p.
1435 3820 1542 3903 LXI),
1576 3820 1784 3902 sequentibus
1806 3826 1915 3885 autern
1937 3821 2031 3886 annis

401 3941 522 4006 nullam
546 3940 587 4006 de
609 3941 795 4007 valetudine
817 3943 982 4025 querelam
1004 3940 1038 4006 in
1061 3940 1208 4026 epistulis
1230 3940 1299 4005 cius
1322 3939 1468 4005 invenies
1491 3960 1592 4023 usque
1614 3941 1657 4005 ad
1679 3962 1710 4006 0.
1729 3944 1804 4005 402.
1843 3941 1952 4024 itaque
1970 3941 2031 4006 bas

402 4060 528 4128 litteras
550 4060 640 4127 brevi
662 4069 806 4146 tempore
827 4067 902 4126 ante
925 4066 1057 4127 mortem
1080 4060 1216 4126 oratoris
1239 4067 1424 4145 conceptam
1448 4079 1521 4125 esse
1544 4060 1746 4126 crediderim,
1793 4083 1824 4125 v.
1850 4061 1926 4126 adn.
1954 4065 2027 4125 336.

490 4187 529 4246 57
552 4182 637 4247 inter
659 4202 760 4248 annos
784 4185 845 4247 398
869 4184 987 4246 01402
1011 4181 1146 4266 scripta;
1173 4203 1203 4247 0.
1230 4182 1273 4246 ad
1296 4202 1349 4267 ep.
1376 4184 1428 4248 56.

1062 4410 1370 4417 m

698 4647 747 4730 lv
776 4648 915 4730 58-65
944 4647 1006 4729 AD
1033 4647 1335 4732 nuflunslvn
1362 4648 1418 4730 El
1445 4646 1732 4731 subsuitur.

488 4837 538 4902 Ex
565 4836 622 4919 iis,
656 4836 710 4919 qui
740 4837 801 4902 boc
829 4838 899 4903 loco
926 4859 946 4902 a
968 4838 1118 4904 Memmio
1142 4837 1336 4924 Symmacho
1357 4837 1391 4903 in
1414 4838 1623 4923 epistularum
1645 4837 1785 4903 editione
1808 4836 1932 4902 confusi
1955 4846 2029 4902 sunt

407 4960 448 5040 lv.
474 4957 549 5022 adn.
575 4958 648 5042 48),
675 4958 716 5023 de
738 4959 840 5023 altero
862 4957 941 5023 nibil
964 4959 1118 5041 innotuit,
1151 4959 1214 5026 nisi
1236 4960 1321 5042 quod
1343 4979 1479 5043 magnos
1502 4979 1654 5043 equorum
1677 4978 1794 5042 greges
1815 4958 1849 5023 in
1872 4957 2030 5040 Hispania

403 5078 563 5164 possedit,
594 5079 677 5143 alter
698 5085 804 5144 autem
828 5078 871 5144 ad
893 5099 1034 5145 summos
1055 5080 1089 5145 in
1111 5080 1329 5146 Valentiniani
1352 5080 1428 5145 aula
1450 5080 1586 5145 bonores
1609 5079 1774 5164 processit.
1822 5097 1937 5143 nomen
1960 5077 2029 5142 eius

401 5200 561 5284 integrum
584 5199 718 5264 Flavius
739 5199 923 5284 Eupraxius
946 5200 1146 5266 conservavit
1167 5201 1280 5267 titulus
1302 5201 1363 5266 fori
1385 5199 1526 5265 Palatini
1549 5200 1585 5265 0.
1605 5200 1631 5263 Ι.
1651 5201 1689 5264 L.
1714 5199 1758 5264 Vl
1785 5200 1878 5262 1177.
1918 5203 2028 5261 Ferunt

398 5324 511 5406 populo
533 5326 666 5384 Romano
695 5342 749 5384 ruo
782 5321 869 5404 [douo
892 5322 1050 5404 dederuut]
1083 5324 1199 5384 domiai
1220 5331 1247 5385 et
1265 5325 1422 5404 principes
1444 5324 1544 5385 uestri
1568 5320 1807 5405 [Imp(eratores)
1837 5322 2023 5404 Oacrlarch]

489 5600 549 5662 738)
570 5602 630 5649 Cod.
651 5602 746 5650 Theod.
766 5600 864 5662 Χ128,
885 5600 900 5650 2
926 5599 1067 5661 emmena
1091 5604 1182 5662 alylatl
1199 5606 1253 5649 octo
1270 5601 1340 5649 muta
1358 5600 1524 5665 quadruplata
1541 5601 1592 5649 duo
1609 5604 1706 5660 supera,
1734 5614 1799 5661 quae
1818 5600 1956 5660 Campania
1972 5614 2030 5662 pre-

403 5691 485 5735 alacla
509 5690 577 5734 iuxta
604 5690 768 5749 inspectorum
790 5689 933 5736 relabortem
957 5692 980 5735 et
1003 5694 1112 5738 aetenum
1134 5693 1293 5737 monumenta
1312 5688 1455 5736 abacturum
1473 5691 1500 5737 ta
1518 5689 1617 5737 deustis
1635 5695 1658 5736 ct
1676 5687 1795 5750 00001100
1812 5688 1872 5735 laets
1889 5687 1974 5736 babere
1991 5688 2030 5737 ‹u-

401 5776 536 5835 puerellus,
556 5774 641 5821 tractem
656 5773 850 5833 provincialibus
868 5777 1030 5822 0000000000
1048 5780 1071 5822 et
1088 5775 1183 5823 01000100
1201 5775 1341 5838 superfluae
1360 5775 1530 5834 desatptiontr
1547 5778 1651 5823 monast
1668 5787 1803 5823 censemus.
