4736 6478
944 452 1059 508 LIBER
1078 454 1144 508 1111.
1799 461 1855 521 111

233 636 288 702 sed
310 636 387 702 dum
410 657 461 703 me
484 657 594 703 rursus
615 638 768 724 inspicio,
802 640 939 707 labascit
967 643 1049 710 tides
1080 650 1112 709 et
1140 643 1321 728 refragatur
1349 644 1531 710 testimonio
1561 644 1765 711 conscientia.
1813 645 1861 710 ita
1885 645 1994 708 PVM

232 740 317 823 quod
339 740 493 807 credibile
516 761 655 826 persona
675 741 792 809 iudicis
814 743 906 824 facit,
934 744 1117 813 diffidentia
1139 747 1262 832 respuit
1283 747 1456 813 audientis.
1504 755 1538 815 tu
1560 748 1660 832 igitur
1681 749 1770 814 solus
1792 770 1862 814 am-

232 843 331 927 bigua
358 844 590 926 summovebis,
625 845 652 910 si
675 866 816 912 amorem
839 854 927 913 tuum
950 850 1086 934 posthac
1108 850 1236 934 parcius
1257 851 1347 934 loqui
1369 851 1411 916 de
1433 852 1586 919 laudibus
1608 853 1690 918 meis
1713 852 1858 919 iusseris.

838 1141 910 1215 AD
940 1142 1251 1219 MINERVIVM.

858 1296 985 1362 XXXV
1014 1304 1088 1363 ante
1103 1320 1134 1363 a.
1155 1301 1228 1362 397.

315 1464 496 1551 Obrepsisti
525 1464 739 1531 verecundiae
768 1486 876 1548 meae,
910 1475 946 1533 ut
973 1469 1060 1554 prior
1089 1470 1255 1536 scriberes.
1304 1469 1457 1536 vadatum
1486 1492 1538 1537 me
1565 1472 1624 1537 tibi
1645 1472 1705 1537 hoc
1727 1493 1858 1538 munere

228 1569 326 1634 velim
350 1568 476 1634 eredas.
520 1570 665 1635 sednon
687 1568 771 1651 fero,
805 1576 841 1634 ut
862 1569 962 1636 aedes
985 1571 1219 1654 quodammodo
1242 1572 1403 1638 amicitiae
1425 1581 1554 1640 nostrae
1578 1595 1682 1640 novus
1704 1576 1862 1641 salutator

228 1671 337 1738 adisse
368 1671 520 1737 videaris.
565 1670 754 1736 iamdudum
777 1672 910 1739 vimntes
932 1680 1005 1739 tuas
1028 1694 1123 1759 pares
1145 1675 1298 1741 fratribus
1322 1676 1356 1740 in
1377 1679 1514 1761 pectoris
1537 1678 1601 1743 mei
1623 1674 1859 1763 possessionem

229 1775 345 1861 recepi.
395 1774 524 1841 crevisti
546 1775 643 1841 etiam
665 1795 722 1860 pro
744 1782 837 1861 parte
860 1777 1006 1858 legitima
1028 1784 1181 1863 paternae
1210 1779 1245 1844 in
1274 1801 1326 1847 me
1356 1780 1586 1846 familiaritatis
1610 1782 1855 1863 successionem,

187 1894 212 1935 ιο
230 1879 306 1945 licet
334 1878 474 1962 singulis
503 1877 594 1943 vobis
624 1877 770 1943 soliditas
799 1879 863 1946 mei
892 1880 1010 1946 amoris
1033 1882 1222 1962 accesserit;
1256 1904 1339 1967 quae
1362 1884 1447 1949 bona
1467 1884 1584 1967 animi,
1611 1886 1672 1951 etsi
1694 1886 1804 1971 spargi
1825 1886 1859 1951 in

228 1983 337 2067 plures
360 1987 521 2068 putantur,
547 1981 720 2063 unicuique
742 1987 849 2047 tamen
871 1982 968 2068 plena
990 1991 1023 2049 et
1043 1985 1186 2051 indivisa
1208 1986 1385 2071 proficiunt.
1426 1996 1593 2073 praeterea
1607 2009 1678 2055 cnm
1694 1989 1858 2074 palatinae

229 2085 431 2169 eloquentiae
453 2085 618 2165 militares,
646 2085 775 2169 porrexi
798 2085 958 2151 amicitiae
980 2094 1056 2154 tuae
1081 2088 1258 2155 dexteram.
1298 2111 1396 2174 quare
1418 2099 1464 2156 tot
1485 2093 1647 2175 tantisque
1670 2091 1857 2176 pignoribus

228 2189 363 2271 adnexi,
393 2210 458 2254 non
486 2188 694 2255 aestimemus
723 2189 765 2255 de
791 2189 1001 2274 epistularum
1033 2192 1177 2257 tirocinio
1208 2193 1351 2259 earimtis
1378 2201 1527 2261 aetatem.
1576 2216 1651 2261 narn
1674 2203 1709 2261 ut
1731 2196 1857 2262 animus

226 2292 359 2360 celerior
380 2300 431 2359 est
452 2292 577 2374 litteris,
602 2292 650 2357 ita
671 2292 760 2378 prius
783 2292 844 2358 fuit
866 2314 976 2360 amare
997 2316 1094 2379 qnam
1117 2296 1266 2362 scribere.

888 2552 1030 2619 XXXVI
1063 2574 1093 2620 a.
1114 2557 1189 2620 396.

867 2690 926 2754 AD
952 2690 1208 2759 MINERVIVM.
1877 2694 1989 2759 PVM

309 2865 482 2944 Postquam
505 2868 536 2929 te
560 2860 790 2928 Mediolanium
814 2864 941 2929 venisse
964 2862 1168 2930 adseveratio
1190 2866 1436 2932 commeantium
1466 2867 1574 2951 palam
1598 2867 1690 2947 iecit,
1726 2870 1853 2954 speravi

223 2967 263 3032 de
286 2966 431 3051 proximo
452 2965 579 3031 litteras
601 2972 690 3045 tuas;
723 2966 782 3032 sed
805 2965 859 3030 ubi
884 2967 978 3032 elusa
1008 2973 1057 3033 est
1079 2969 1259 3053 expectatio
1288 2989 1361 3035 mea
1389 2990 1449 3036 nec
1478 2971 1632 3037 successit
1660 2972 1762 3037 ullum
1785 2973 1854 3058 spei

224 3070 378 3155 pretium,
412 3076 653 3153 praesumptum
676 3067 717 3134 de
741 3076 772 3134 te
795 3069 935 3134 officium
959 3089 1029 3135 meo
1051 3071 1140 3155 operi
1169 3071 1341 3137 vindicavi.
1389 3073 1480 3139 auxit
1502 3081 1670 3160 praeterea
1692 3075 1853 3140 scribendi

177 3189 205 3231 ro
224 3192 354 3238 causam
377 3171 428 3236 vir
449 3171 634 3256 spectabilis
657 3172 756 3238 frater
777 3192 868 3239 meus
890 3173 1031 3257 Bassus,
1065 3174 1120 3259 qui
1143 3176 1308 3263 paulisper
1329 3177 1462 3243 avulsus
1485 3200 1506 3244 a
1528 3178 1620 3244 nobis
1642 3178 1810 3264 transponi
1832 3201 1852 3244 a

222 3297 273 3342 me
294 3276 328 3342 in
351 3283 462 3361 pectus
485 3282 574 3341 tuum
597 3275 718 3342 debuit.
758 3276 863 3343 adieci
886 3277 1022 3343 alteram
1045 3279 1198 3363 paginam
1215 3279 1413 3346 reddendam
1429 3301 1582 3366 germano
1605 3287 1669 3362 tue,
1696 3303 1767 3348 cum
1791 3282 1850 3348 tibi
1874 3281 1893 3340 1

222 3377 288 3444 iors
316 3379 350 3445 in
379 3379 516 3463 patriam
546 3378 683 3445 reditum
711 3380 947 3446 secundaverit.
995 3390 1178 3467 asperserat
1205 3403 1264 3449 nos
1286 3383 1344 3450 ille
1367 3384 1552 3451 iamdudum
1575 3385 1749 3451 facundiae
1771 3405 1849 3452 suae

221 3481 370 3565 floribus,
403 3490 436 3549 et
464 3482 528 3548 sibi
550 3482 730 3549 Galliarum
761 3482 867 3569 prisca
895 3493 1102 3552 monumenta
1128 3485 1269 3552 iuvando
1298 3488 1363 3553 otio
1393 3487 1605 3556 exscribenda
1626 3489 1845 3555 mandaverat.

221 3593 332 3672 optato
360 3585 495 3666 accidit,
529 3593 563 3652 ut
590 3585 621 3652 ei
650 3607 709 3671 per
736 3594 768 3652 tc
798 3593 966 3670 utrumque
995 3588 1164 3671 reddatur,
1199 3590 1298 3656 bonor
1325 3592 1484 3677 epistulae
1514 3612 1605 3658 meae
1635 3599 1666 3658 et
1688 3594 1849 3677 expetitae

175 3690 343 3756 estractus
366 3689 527 3755 historiae.

819 3948 978 4015 XXXVII
1007 3971 1038 4016 a,
1059 3953 1243 4017 ess-399.
1311 3896 1319 3905 Ι

859 4087 919 4152 ΑΙ)
945 4088 1200 4155 MINERVIVM.

303 4259 425 4325 Paulus
455 4258 578 4324 amicus
606 4278 698 4325 meos
727 4259 849 4325 iamdiu
879 4260 1004 4326 aerario
1035 4280 1125 4327 sacro
1153 4260 1286 4344 militat,
1320 4263 1379 4328 sed
1408 4283 1471 4328 non
1500 4284 1557 4349 pro
1584 4262 1688 4347 gradu
1710 4265 1844 4332 militiae

221 4363 414 4447 spectandus
437 4362 510 4442 tibi3
544 4382 618 4427 nam
645 4362 803 4447 probitate
833 4382 954 4427 morum
978 4382 1107 4429 suorum
1138 4363 1389 4430 mediocritatem
1420 4365 1519 4432 vincit
1548 4366 1657 4432 officii.
1704 4388 1764 4434 nec
1787 4368 1845 4435 de-

174 4488 202 4529 as
220 4465 364 4551 spexeris
391 4465 568 4547 bominem,
601 4464 627 4530 si
650 4485 816 4530 numerum
840 4464 1070 4550 stipendiorum
1093 4466 1162 4532 eius
1185 4467 1368 4545 examinem
1403 4468 1461 4534 sed
1489 4469 1646 4536 tardiores
1676 4491 1845 4555 processus

219 4568 316 4636 babet
338 4568 541 4644 verecundia,
567 4588 650 4652 quae
673 4568 761 4647 facit,
788 4576 822 4634 ut
842 4569 926 4634 intra
948 4570 1062 4635 merita
1084 4570 1213 4636 honoris
1236 4571 1286 4636 sui
1308 4571 1451 4638 baereat.
1491 4593 1552 4639 nec
1573 4579 1679 4639 tamen
1702 4576 1844 4659 paenitet

219 4671 348 4756 longum
373 4671 517 4751 stetisse;
550 4678 605 4737 tuo
627 4670 712 4737 enim
734 4671 853 4737 iudicio
875 4679 1057 4738 reservatus
1080 4681 1145 4754 est,
1178 4674 1238 4739 sub
1265 4694 1328 4759 quo
1351 4681 1516 4760 emergere
1538 4677 1713 4743 maximum
1736 4699 1843 4745 morae

218 4776 354 4860 pretium
376 4782 436 4842 est.
483 4794 555 4841 cum
578 4773 676 4856 igitur
696 4774 748 4840 illi
769 4775 855 4840 vitae
876 4774 1063 4859 integritas,
1096 4776 1231 4844 militiae
1253 4784 1344 4844 aetas
1367 4779 1555 4862 suffragium
1579 4778 1679 4863 ierat,
1708 4781 1842 4865 dignum

218 4887 276 4963 est,
303 4885 338 4946 nt
358 4879 402 4944 ad
424 4878 550 4945 debitos
572 4877 694 4944 fruetus
716 4899 768 4946 me
789 4885 966 4964 precatore,
991 4888 1023 4947 te
1046 4887 1175 4946 auctore
1198 4882 1374 4966 perveniat.

303 5158 314 5208 1
335 5158 424 5208 sedum
442 5157 487 5206 Pl
502 5172 536 5207 m.
643 5156 658 5206 3
677 5159 821 5207 sumousbis
839 5157 886 5206 Pl
900 5174 934 5208 m.
1040 5160 1143 5222 posthac
1160 5175 1209 5209 om.
1229 5160 1250 5207 V

300 5246 317 5295 4
336 5246 443 5308 explicit
460 5245 491 5294 ad
510 5244 651 5308 protadium
668 5246 761 5307 incipit
777 5246 807 5293 ad
826 5245 980 5294 mineruinm
1000 5245 1028 5308 P,
1049 5259 1097 5295 om.
1121 5246 1161 5294 Vr
1290 5248 1306 5296 e
1324 5251 1470 5311 oppressisti
1492 5249 1513 5295 V
1637 5254 1724 5298 natum
1742 5249 1788 5298 Pl
1803 5266 1837 5299 m.

217 5331 231 5382 8
249 5346 321 5396 pares
333 5333 451 5381 irstsrnis
464 5332 573 5392 Iuratus,
594 5344 683 5393 parens
696 5331 815 5380 iratribus
827 5346 870 5392 epo
957 5333 1113 5393 possessione
1126 5336 1229 5393 cognoul
1243 5335 1265 5381 P
1350 5333 1366 5383 a
1384 5336 1514 5397 recepi-
1527 5337 1708 5385 successionem
1721 5350 1768 5384 om.
1785 5337 1808 5384 F

217 5415 409 5485 soccesstonam]
428 5417 527 5477 Merces,
547 5418 704 5466 successione
725 5416 818 5467 Pulso
950 5418 978 5467 li
999 5420 1127 5468 indiaersa
1149 5421 1169 5467 V
1302 5420 1333 5469 11
1352 5423 1486 5475 militarem
1504 5423 1528 5470 P
1652 5423 1797 5484 pigneribus
1821 5422 1840 5469 V

220 5505 247 5554 13
265 5506 385 5566 tyronioic
407 5504 428 5553 V
532 5503 562 5553 14
579 5505 616 5551 ita
633 5504 684 5552 iult
701 5505 772 5567 prius
789 5506 840 5554 init
864 5504 883 5551 V

302 5592 332 5642 16
350 5606 398 5640 om.
418 5591 468 5639 VM
588 5589 617 5639 17
637 5592 699 5640 iacit
715 5591 796 5653 palam
820 5592 841 5639 V
960 5590 990 5639 11
1011 5606 1118 5653 pugnam
1136 5592 1182 5642 Pl
1197 5610 1230 5643 m.
1355 5593 1500 5643 1110111>
1617 5595 1726 5643 secunda
1743 5598 1837 5645 ueritas

215 5683 358 5742 perseuerat
377 5678 407 5740 P,
427 5678 536 5727 secunda
554 5679 649 5741 uerius
667 5684 814 5740 perseuerat
837 5678 862 5738 V,
883 5678 1021 5727 secundum
1039 5680 1192 5741 persuaserit
1211 5678 1240 5726 M
1342 5679 1374 5730 13
1393 5687 1518 5731 momenta
1542 5682 1591 5729 VM
1893 5678 1898 5685 “

298 5764 330 5815 at
349 5779 398 5813 οιη.
417 5763 466 5812 VM
567 5762 601 5812 19
620 5764 762 5826 dispexeris
780 5764 826 5812 Pl
841 5779 874 5812 m.
980 5763 1009 5813 31
1032 5772 1115 5815 aerest
1132 5765 1178 5814 Pl
1193 5782 1226 5816 m,
1333 5771 1447 5829 paenitet
1464 5782 1512 5819 om.
1531 5769 1551 5816 V
