<?xml version="1.0" encoding="UTF-8"?>
<!DOCTYPE html PUBLIC "-//W3C//DTD XHTML 1.0 Transitional//EN"
    "http://www.w3.org/TR/xhtml1/DTD/xhtml1-transitional.dtd">
<html xmlns="http://www.w3.org/1999/xhtml" xml:lang="en" lang="en">
 <head>
  <title>
</title>
<meta http-equiv="Content-Type" content="text/html;charset=utf-8" />
  <meta name='ocr-system' content='tesseract 3.04.00' />
  <meta name='ocr-capabilities' content='ocr_page ocr_carea ocr_par ocr_line ocrx_word'/>
</head>
<body>
  <div class='ocr_page' id='page_1' title='image "./qaureliisymmach00seecgoog_0455.png"; bbox 0 0 4716 6476; ppageno 0'>
   <div class='ocr_carea' id='block_1_1' title="bbox 515 503 1539 571">
    <p class='ocr_par' dir='ltr' id='par_1_1' title="bbox 515 503 1539 571">
     <span class='ocr_line' id='line_1_1' title="bbox 515 503 1539 571; baseline -0.015 0"><span class='ocrx_word' id='word_1_1' title='bbox 515 509 578 571; x_wconf 74' lang='lat'>236</span> <span class='ocrx_word' id='word_1_2' title='bbox 1114 503 1310 559; x_wconf 79' lang='lat' dir='ltr'>sYnnacrlr</span> <span class='ocrx_word' id='word_1_3' title='bbox 1329 503 1539 559; x_wconf 82' lang='lat' dir='ltr'>EPISTVLAE</span> 
     </span>
    </p>
   </div>
   <div class='ocr_carea' id='block_1_2' title="bbox 460 686 2347 1087">
    <p class='ocr_par' dir='ltr' id='par_1_2' title="bbox 460 686 2139 777">
     <span class='ocr_line' id='line_1_2' title="bbox 460 686 2139 777; baseline -0.003 -17"><span class='ocrx_word' id='word_1_4' title='bbox 460 699 498 760; x_wconf 86' lang='grc' dir='ltr'>Π</span> <span class='ocrx_word' id='word_1_5' title='bbox 517 695 630 762; x_wconf 86' lang='lat' dir='ltr'>dentes</span> <span class='ocrx_word' id='word_1_6' title='bbox 654 695 787 760; x_wconf 90' lang='lat' dir='ltr'>laudare</span> <span class='ocrx_word' id='word_1_7' title='bbox 810 694 934 774; x_wconf 82' lang='lat' dir='ltr'>didicit,</span> <span class='ocrx_word' id='word_1_8' title='bbox 959 693 1026 759; x_wconf 87' lang='lat' dir='ltr'>illis</span> <span class='ocrx_word' id='word_1_9' title='bbox 1048 693 1244 759; x_wconf 89' lang='lat' dir='ltr'>desiderium</span> <span class='ocrx_word' id='word_1_10' title='bbox 1269 694 1433 759; x_wconf 86' lang='lat' dir='ltr'>doctrinae</span> <span class='ocrx_word' id='word_1_11' title='bbox 1455 693 1605 775; x_wconf 69' lang='lat' dir='ltr'>vitacqm</span> <span class='ocrx_word' id='word_1_12' title='bbox 1627 692 1789 771; x_wconf 88' lang='lat' dir='ltr'>tribuens,</span> <span class='ocrx_word' id='word_1_13' title='bbox 1815 686 1874 757; x_wconf 90' lang='lat' dir='ltr'>tibi</span> <span class='ocrx_word' id='word_1_14' title='bbox 1898 691 2139 777; x_wconf 84' lang='lat' dir='ltr'>perfectionem.</span> 
     </span>
    </p>

    <p class='ocr_par' dir='ltr' id='par_1_3' title="bbox 464 786 2347 1087">
     <span class='ocr_line' id='line_1_3' title="bbox 464 786 2347 884; baseline -0.004 -20"><span class='ocrx_word' id='word_1_15' title='bbox 464 801 498 863; x_wconf 88' lang='lat' dir='ltr'><em>F</em></span> <span class='ocrx_word' id='word_1_16' title='bbox 513 798 667 864; x_wconf 88' lang='lat' dir='ltr'>invitatus</span> <span class='ocrx_word' id='word_1_17' title='bbox 693 797 699 884; x_wconf 91' lang='grc' dir='ltr'>Ι</span> <span class='ocrx_word' id='word_1_18' title='bbox 726 798 823 880; x_wconf 84' lang='lat' dir='ltr'>igitar</span> <span class='ocrx_word' id='word_1_19' title='bbox 852 817 1009 864; x_wconf 86' lang='lat' dir='ltr'>consensu</span> <span class='ocrx_word' id='word_1_20' title='bbox 1040 798 1146 862; x_wconf 84' lang='lat' dir='ltr'>lamae</span> <span class='ocrx_word' id='word_1_21' title='bbox 1177 804 1209 861; x_wconf 91' lang='lat' dir='ltr'>et</span> <span class='ocrx_word' id='word_1_22' title='bbox 1239 798 1428 881; x_wconf 91' lang='lat' dir='ltr'>optimorum</span> <span class='ocrx_word' id='word_1_23' title='bbox 1455 796 1583 862; x_wconf 92' lang='lat' dir='ltr'>testium</span> <span class='ocrx_word' id='word_1_24' title='bbox 1607 795 1672 861; x_wconf 85' lang='lat' dir='ltr'>lide</span> <span class='ocrx_word' id='word_1_25' title='bbox 1694 794 1854 860; x_wconf 79' lang='lat' dir='ltr'>amicitiae</span> <span class='ocrx_word' id='word_1_26' title='bbox 1877 801 1952 861; x_wconf 88' lang='lat' dir='ltr'>tuae</span> <span class='ocrx_word' id='word_1_27' title='bbox 1975 795 2142 861; x_wconf 84' lang='lat' dir='ltr'>dexteram</span> <span class='ocrx_word' id='word_1_28' title='bbox 2346 786 2347 877; x_wconf 76' lang='lat' dir='ltr'>l</span> 
     </span>
     <span class='ocr_line' id='line_1_4' title="bbox 515 890 2347 986; baseline -0.004 -19"><span class='ocrx_word' id='word_1_29' title='bbox 515 902 641 986; x_wconf 90' lang='lat' dir='ltr'>porrigo</span> <span class='ocrx_word' id='word_1_30' title='bbox 671 900 830 982; x_wconf 78' lang='lat' dir='ltr'>simulque</span> <span class='ocrx_word' id='word_1_31' title='bbox 860 908 952 985; x_wconf 89' lang='lat' dir='ltr'>opto,</span> <span class='ocrx_word' id='word_1_32' title='bbox 985 909 1020 965; x_wconf 92' lang='lat' dir='ltr'>ut</span> <span class='ocrx_word' id='word_1_33' title='bbox 1048 899 1126 965; x_wconf 89' lang='lat' dir='ltr'>mihi</span> <span class='ocrx_word' id='word_1_34' title='bbox 1156 900 1295 984; x_wconf 81' lang='lat' dir='ltr'>epistula</span> <span class='ocrx_word' id='word_1_35' title='bbox 1324 921 1345 964; x_wconf 92' lang='lat' dir='ltr'>a</span> <span class='ocrx_word' id='word_1_36' title='bbox 1373 907 1405 964; x_wconf 92' lang='lat' dir='ltr'>te</span> <span class='ocrx_word' id='word_1_37' title='bbox 1435 900 1538 964; x_wconf 87' lang='lat' dir='ltr'>relata</span> <span class='ocrx_word' id='word_1_38' title='bbox 1567 898 1710 964; x_wconf 73' lang='lat' dir='ltr'>declaret</span> <span class='ocrx_word' id='word_1_39' title='bbox 1740 897 1940 963; x_wconf 83' lang='lat' dir='ltr'>concordiam</span> <span class='ocrx_word' id='word_1_40' title='bbox 1968 898 2144 962; x_wconf 87' lang='lat' dir='ltr'>voluntatis</span> <span class='ocrx_word' id='word_1_41' title='bbox 2346 890 2347 909; x_wconf 63' lang='lat'>¹</span> 
     </span>
     <span class='ocr_line' id='line_1_5' title="bbox 516 1003 1570 1087; baseline -0.004 -18"><span class='ocrx_word' id='word_1_42' title='bbox 516 1012 590 1070; x_wconf 88' lang='lat' dir='ltr'>tuae</span> <span class='ocrx_word' id='word_1_43' title='bbox 613 1012 645 1069; x_wconf 90' lang='lat' dir='ltr'>et</span> <span class='ocrx_word' id='word_1_44' title='bbox 667 1010 796 1069; x_wconf 91' lang='lat' dir='ltr'>mutuae</span> <span class='ocrx_word' id='word_1_45' title='bbox 820 1004 854 1068; x_wconf 92' lang='lat' dir='ltr'>in</span> <span class='ocrx_word' id='word_1_46' title='bbox 877 1024 936 1068; x_wconf 89' lang='lat' dir='ltr'>nos</span> <span class='ocrx_word' id='word_1_47' title='bbox 959 1003 1147 1086; x_wconf 84' lang='lat' dir='ltr'>diligentiae</span> <span class='ocrx_word' id='word_1_48' title='bbox 1170 1003 1438 1087; x_wconf 85' lang='lat' dir='ltr'>impetrationem.</span> <span class='ocrx_word' id='word_1_49' title='bbox 1486 1003 1570 1066; x_wconf 87' lang='lat' dir='ltr'>vale.</span> 
     </span>
    </p>
   </div>
   <div class='ocr_carea' id='block_1_3' title="bbox 1149 1260 1506 1480">
    <p class='ocr_par' dir='ltr' id='par_1_4' title="bbox 1149 1260 1506 1480">
     <span class='ocr_line' id='line_1_6' title="bbox 1168 1260 1491 1324; baseline 0 -1"><span class='ocrx_word' id='word_1_50' title='bbox 1168 1260 1217 1323; x_wconf 89' lang='lat'>111</span> <span class='ocrx_word' id='word_1_51' title='bbox 1246 1280 1277 1324; x_wconf 91' lang='lat' dir='ltr'>a.</span> <span class='ocrx_word' id='word_1_52' title='bbox 1297 1262 1491 1324; x_wconf 73' lang='lat' dir='ltr'>ses-tots</span> 
     </span>
     <span class='ocr_line' id='line_1_7' title="bbox 1149 1413 1506 1480; baseline -0.003 -1"><span class='ocrx_word' id='word_1_53' title='bbox 1149 1415 1207 1479; x_wconf 88' lang='grc' dir='ltr'>ΑΙ)</span> <span class='ocrx_word' id='word_1_54' title='bbox 1230 1413 1506 1480; x_wconf 81' lang='lat' dir='ltr'>ZENODORVM.</span> 
     </span>
    </p>
   </div>
   <div class='ocr_carea' id='block_1_4' title="bbox 516 1584 2194 1977">
    <p class='ocr_par' dir='ltr' id='par_1_5' title="bbox 516 1584 2349 1977">
     <span class='ocr_line' id='line_1_8' title="bbox 603 1584 2145 1670; baseline -0.001 -19"><span class='ocrx_word' id='word_1_55' title='bbox 603 1587 789 1670; x_wconf 85' lang='lat' dir='ltr'>Repetenda</span> <span class='ocrx_word' id='word_1_56' title='bbox 814 1586 894 1651; x_wconf 89' lang='lat' dir='ltr'>mihi</span> <span class='ocrx_word' id='word_1_57' title='bbox 916 1585 1004 1670; x_wconf 93' lang='lat' dir='ltr'>apud</span> <span class='ocrx_word' id='word_1_58' title='bbox 1026 1592 1075 1665; x_wconf 91' lang='lat' dir='ltr'>te,</span> <span class='ocrx_word' id='word_1_59' title='bbox 1108 1605 1172 1649; x_wconf 93' lang='lat' dir='ltr'>non</span> <span class='ocrx_word' id='word_1_60' title='bbox 1193 1586 1375 1652; x_wconf 90' lang='lat' dir='ltr'>inchoanda</span> <span class='ocrx_word' id='word_1_61' title='bbox 1397 1593 1446 1650; x_wconf 90' lang='lat' dir='ltr'>est</span> <span class='ocrx_word' id='word_1_62' title='bbox 1469 1585 1577 1651; x_wconf 82' lang='lat' dir='ltr'>Euscii</span> <span class='ocrx_word' id='word_1_63' title='bbox 1601 1584 1852 1660; x_wconf 85' lang='lat' dir='ltr'>commendatio;</span> <span class='ocrx_word' id='word_1_64' title='bbox 1885 1605 1960 1649; x_wconf 93' lang='lat' dir='ltr'>nam</span> <span class='ocrx_word' id='word_1_65' title='bbox 1984 1605 2056 1649; x_wconf 92' lang='lat' dir='ltr'>cum</span> <span class='ocrx_word' id='word_1_66' title='bbox 2079 1585 2145 1649; x_wconf 87' lang='lat' dir='ltr'>Ro-</span> 
     </span>
     <span class='ocr_line' id='line_1_9' title="bbox 516 1687 2144 1774; baseline -0.001 -22"><span class='ocrx_word' id='word_1_67' title='bbox 516 1710 588 1755; x_wconf 92' lang='lat' dir='ltr'>mae</span> <span class='ocrx_word' id='word_1_68' title='bbox 618 1708 750 1772; x_wconf 86' lang='lat' dir='ltr'>ageres,</span> <span class='ocrx_word' id='word_1_69' title='bbox 785 1709 856 1753; x_wconf 89' lang='lat' dir='ltr'>meo</span> <span class='ocrx_word' id='word_1_70' title='bbox 879 1698 1010 1774; x_wconf 89' lang='lat' dir='ltr'>precatu</span> <span class='ocrx_word' id='word_1_71' title='bbox 1032 1689 1067 1753; x_wconf 94' lang='lat' dir='ltr'>in</span> <span class='ocrx_word' id='word_1_72' title='bbox 1090 1689 1160 1753; x_wconf 90' lang='lat' dir='ltr'>cius</span> <span class='ocrx_word' id='word_1_73' title='bbox 1183 1689 1373 1771; x_wconf 85' lang='lat' dir='ltr'>suffragium</span> <span class='ocrx_word' id='word_1_74' title='bbox 1397 1696 1588 1772; x_wconf 89' lang='lat' dir='ltr'>provocatus</span> <span class='ocrx_word' id='word_1_75' title='bbox 1610 1687 1747 1753; x_wconf 89' lang='lat' dir='ltr'>libenter</span> <span class='ocrx_word' id='word_1_76' title='bbox 1768 1695 1876 1772; x_wconf 86' lang='lat' dir='ltr'>partes</span> <span class='ocrx_word' id='word_1_77' title='bbox 1899 1687 2144 1752; x_wconf 87' lang='lat' dir='ltr'>benevolentiae</span> 
     </span>
     <span class='ocr_line' id='line_1_10' title="bbox 516 1789 2146 1877; baseline -0.002 -21"><span class='ocrx_word' id='word_1_78' title='bbox 516 1791 677 1876; x_wconf 87' lang='lat' dir='ltr'>recepisti.</span> <span class='ocrx_word' id='word_1_79' title='bbox 724 1798 850 1877; x_wconf 90' lang='lat' dir='ltr'>tempus</span> <span class='ocrx_word' id='word_1_80' title='bbox 880 1799 929 1857; x_wconf 86' lang='lat' dir='ltr'>est</span> <span class='ocrx_word' id='word_1_81' title='bbox 959 1791 1072 1875; x_wconf 88' lang='lat' dir='ltr'>igitur,</span> <span class='ocrx_word' id='word_1_82' title='bbox 1105 1800 1141 1856; x_wconf 90' lang='lat' dir='ltr'>ut</span> <span class='ocrx_word' id='word_1_83' title='bbox 1170 1812 1259 1856; x_wconf 88' lang='lat' dir='ltr'>meas</span> <span class='ocrx_word' id='word_1_84' title='bbox 1290 1791 1445 1857; x_wconf 84' lang='lat' dir='ltr'>utilitates</span> <span class='ocrx_word' id='word_1_85' title='bbox 1467 1790 1501 1855; x_wconf 94' lang='lat' dir='ltr'>in</span> <span class='ocrx_word' id='word_1_86' title='bbox 1523 1791 1640 1856; x_wconf 82' lang='lat' dir='ltr'>Euscio</span> <span class='ocrx_word' id='word_1_87' title='bbox 1662 1790 1770 1871; x_wconf 88' lang='lat' dir='ltr'>iuves,</span> <span class='ocrx_word' id='word_1_88' title='bbox 1805 1790 1896 1855; x_wconf 89' lang='lat' dir='ltr'>cuius</span> <span class='ocrx_word' id='word_1_89' title='bbox 1917 1789 2077 1854; x_wconf 88' lang='lat' dir='ltr'>modestia</span> <span class='ocrx_word' id='word_1_90' title='bbox 2100 1790 2146 1854; x_wconf 90' lang='lat' dir='ltr'>ita</span> 
     </span>
     <span class='ocr_line' id='line_1_11' title="bbox 516 1894 2194 1977; baseline -0.001 -18"><span class='ocrx_word' id='word_1_91' title='bbox 516 1894 653 1977; x_wconf 87' lang='lat' dir='ltr'>negotiis</span> <span class='ocrx_word' id='word_1_92' title='bbox 676 1896 795 1960; x_wconf 90' lang='lat' dir='ltr'>nostris</span> <span class='ocrx_word' id='word_1_93' title='bbox 817 1895 932 1975; x_wconf 89' lang='lat' dir='ltr'>aderit,</span> <span class='ocrx_word' id='word_1_94' title='bbox 959 1905 994 1961; x_wconf 92' lang='lat' dir='ltr'>ut</span> <span class='ocrx_word' id='word_1_95' title='bbox 1016 1894 1121 1959; x_wconf 84' lang='lat' dir='ltr'>famae</span> <span class='ocrx_word' id='word_1_96' title='bbox 1144 1894 1260 1959; x_wconf 86' lang='lat' dir='ltr'>iudicis</span> <span class='ocrx_word' id='word_1_97' title='bbox 1283 1894 1363 1959; x_wconf 90' lang='lat' dir='ltr'>nihil</span> <span class='ocrx_word' id='word_1_98' title='bbox 1387 1895 1530 1977; x_wconf 86' lang='lat' dir='ltr'>deroget.</span> <span class='ocrx_word' id='word_1_99' title='bbox 1579 1894 1663 1958; x_wconf 88' lang='lat' dir='ltr'>vale.</span> <span class='ocrx_word' id='word_1_100' title='bbox 2168 1921 2194 1959; x_wconf 82' lang='grc' dir='ltr'>ιι</span> 
     </span>
    </p>
   </div>
   <div class='ocr_carea' id='block_1_5' title="bbox 1159 2152 1499 2372">
    <p class='ocr_par' dir='ltr' id='par_1_6' title="bbox 1159 2152 1499 2372">
     <span class='ocr_line' id='line_1_12' title="bbox 1159 2152 1499 2217; baseline -0.003 -1"><span class='ocrx_word' id='word_1_101' title='bbox 1159 2152 1225 2216; x_wconf 89' lang='grc' dir='ltr'>ΙΙΙΙ</span> <span class='ocrx_word' id='word_1_102' title='bbox 1253 2173 1284 2217; x_wconf 92' lang='lat' dir='ltr'>a.</span> <span class='ocrx_word' id='word_1_103' title='bbox 1305 2154 1499 2215; x_wconf 77' lang='lat' dir='ltr'>ses-‹rorr</span> 
     </span>
     <span class='ocr_line' id='line_1_13' title="bbox 1160 2305 1493 2372; baseline -0.003 -1"><span class='ocrx_word' id='word_1_104' title='bbox 1160 2307 1219 2371; x_wconf 80' lang='lat' dir='ltr'>Ab</span> <span class='ocrx_word' id='word_1_105' title='bbox 1243 2305 1493 2372; x_wconf 85' lang='lat' dir='ltr'>DIONYSIVM.</span> 
     </span>
    </p>
   </div>
   <div class='ocr_carea' id='block_1_6' title="bbox 515 2477 2194 3062">
    <p class='ocr_par' dir='ltr' id='par_1_7' title="bbox 515 2477 2194 3062">
     <span class='ocr_line' id='line_1_14' title="bbox 603 2477 2144 2564; baseline 0.001 -20"><span class='ocrx_word' id='word_1_106' title='bbox 603 2479 793 2545; x_wconf 85' lang='lat' dir='ltr'>Iamdudum</span> <span class='ocrx_word' id='word_1_107' title='bbox 816 2487 848 2545; x_wconf 88' lang='lat' dir='ltr'>te</span> <span class='ocrx_word' id='word_1_108' title='bbox 870 2477 948 2543; x_wconf 90' lang='lat' dir='ltr'>mibi</span> <span class='ocrx_word' id='word_1_109' title='bbox 972 2483 1004 2542; x_wconf 90' lang='lat' dir='ltr'>et</span> <span class='ocrx_word' id='word_1_110' title='bbox 1027 2498 1148 2544; x_wconf 90' lang='lat' dir='ltr'>morum</span> <span class='ocrx_word' id='word_1_111' title='bbox 1172 2484 1205 2542; x_wconf 91' lang='lat' dir='ltr'>et</span> <span class='ocrx_word' id='word_1_112' title='bbox 1226 2478 1405 2544; x_wconf 87' lang='lat' dir='ltr'>medicinae</span> <span class='ocrx_word' id='word_1_113' title='bbox 1429 2478 1517 2543; x_wconf 87' lang='lat' dir='ltr'>fama</span> <span class='ocrx_word' id='word_1_114' title='bbox 1539 2480 1753 2545; x_wconf 87' lang='lat' dir='ltr'>commendat.</span> <span class='ocrx_word' id='word_1_115' title='bbox 1801 2478 1927 2545; x_wconf 88' lang='lat' dir='ltr'>hortatu</span> <span class='ocrx_word' id='word_1_116' title='bbox 1950 2480 2050 2564; x_wconf 89' lang='lat' dir='ltr'>igitur</span> <span class='ocrx_word' id='word_1_117' title='bbox 2071 2481 2144 2546; x_wconf 88' lang='lat' dir='ltr'>lau-</span> 
     </span>
     <span class='ocr_line' id='line_1_15' title="bbox 517 2581 2146 2666; baseline 0 -19"><span class='ocrx_word' id='word_1_118' title='bbox 517 2582 568 2647; x_wconf 89' lang='lat' dir='ltr'>dis</span> <span class='ocrx_word' id='word_1_119' title='bbox 597 2582 763 2664; x_wconf 88' lang='lat' dir='ltr'>utriusque</span> <span class='ocrx_word' id='word_1_120' title='bbox 792 2582 953 2647; x_wconf 90' lang='lat' dir='ltr'>amicitiae</span> <span class='ocrx_word' id='word_1_121' title='bbox 983 2587 1058 2645; x_wconf 89' lang='lat' dir='ltr'>tuae</span> <span class='ocrx_word' id='word_1_122' title='bbox 1089 2602 1218 2646; x_wconf 92' lang='lat' dir='ltr'>manum</span> <span class='ocrx_word' id='word_1_123' title='bbox 1242 2582 1369 2664; x_wconf 91' lang='lat' dir='ltr'>porrigo</span> <span class='ocrx_word' id='word_1_124' title='bbox 1394 2589 1426 2646; x_wconf 90' lang='lat' dir='ltr'>et</span> <span class='ocrx_word' id='word_1_125' title='bbox 1447 2588 1479 2647; x_wconf 84' lang='lat' dir='ltr'>te</span> <span class='ocrx_word' id='word_1_126' title='bbox 1504 2588 1616 2666; x_wconf 90' lang='lat' dir='ltr'>sponte</span> <span class='ocrx_word' id='word_1_127' title='bbox 1638 2581 1681 2647; x_wconf 91' lang='lat' dir='ltr'>ad</span> <span class='ocrx_word' id='word_1_128' title='bbox 1703 2581 1799 2647; x_wconf 92' lang='lat' dir='ltr'>fidem</span> <span class='ocrx_word' id='word_1_129' title='bbox 1822 2587 1952 2648; x_wconf 87' lang='lat' dir='ltr'>nostrae</span> <span class='ocrx_word' id='word_1_130' title='bbox 1975 2582 2146 2648; x_wconf 85' lang='lat' dir='ltr'>familiari-</span> 
     </span>
     <span class='ocr_line' id='line_1_16' title="bbox 515 2684 2194 2771; baseline 0.001 -20"><span class='ocrx_word' id='word_1_131' title='bbox 515 2686 591 2752; x_wconf 88' lang='lat' dir='ltr'>tatis</span> <span class='ocrx_word' id='word_1_132' title='bbox 612 2686 724 2750; x_wconf 87' lang='lat' dir='ltr'>invito.</span> <span class='ocrx_word' id='word_1_133' title='bbox 772 2685 862 2750; x_wconf 89' lang='lat' dir='ltr'>dabit</span> <span class='ocrx_word' id='word_1_134' title='bbox 884 2693 990 2749; x_wconf 89' lang='lat' dir='ltr'>autem</span> <span class='ocrx_word' id='word_1_135' title='bbox 1014 2684 1072 2749; x_wconf 85' lang='lat' dir='ltr'>tibi</span> <span class='ocrx_word' id='word_1_136' title='bbox 1094 2684 1204 2749; x_wconf 90' lang='lat' dir='ltr'>iudicii</span> <span class='ocrx_word' id='word_1_137' title='bbox 1226 2686 1289 2749; x_wconf 90' lang='lat' dir='ltr'>mei</span> <span class='ocrx_word' id='word_1_138' title='bbox 1312 2705 1375 2749; x_wconf 90' lang='lat' dir='ltr'>non</span> <span class='ocrx_word' id='word_1_139' title='bbox 1398 2685 1559 2750; x_wconf 91' lang='lat' dir='ltr'>mediocre</span> <span class='ocrx_word' id='word_1_140' title='bbox 1583 2685 1824 2767; x_wconf 85' lang='lat' dir='ltr'>documentum,</span> <span class='ocrx_word' id='word_1_141' title='bbox 1855 2686 1940 2768; x_wconf 84' lang='lat' dir='ltr'>quod</span> <span class='ocrx_word' id='word_1_142' title='bbox 1963 2686 2031 2769; x_wconf 89' lang='lat' dir='ltr'>bis,</span> <span class='ocrx_word' id='word_1_143' title='bbox 2065 2707 2145 2771; x_wconf 85' lang='lat' dir='ltr'>quos</span> <span class='ocrx_word' id='word_1_144' title='bbox 2166 2714 2194 2753; x_wconf 81' lang='grc' dir='ltr'>ιι</span> 
     </span>
     <span class='ocr_line' id='line_1_17' title="bbox 516 2786 2145 2874; baseline 0 -19"><span class='ocrx_word' id='word_1_145' title='bbox 516 2789 709 2855; x_wconf 89' lang='lat' dir='ltr'>erudiendos</span> <span class='ocrx_word' id='word_1_146' title='bbox 732 2787 879 2853; x_wconf 87' lang='lat' dir='ltr'>misimus</span> <span class='ocrx_word' id='word_1_147' title='bbox 902 2796 967 2852; x_wconf 75' lang='lat' dir='ltr'>aru</span> <span class='ocrx_word' id='word_1_148' title='bbox 989 2786 1180 2861; x_wconf 83' lang='lat' dir='ltr'>medicinae,</span> <span class='ocrx_word' id='word_1_149' title='bbox 1207 2795 1395 2872; x_wconf 88' lang='lat' dir='ltr'>praeceptor</span> <span class='ocrx_word' id='word_1_150' title='bbox 1417 2788 1594 2853; x_wconf 89' lang='lat' dir='ltr'>adhiberis.</span> <span class='ocrx_word' id='word_1_151' title='bbox 1642 2788 1783 2874; x_wconf 85' lang='lat' dir='ltr'>repende</span> <span class='ocrx_word' id='word_1_152' title='bbox 1806 2789 1905 2872; x_wconf 90' lang='lat' dir='ltr'>igitur</span> <span class='ocrx_word' id='word_1_153' title='bbox 1925 2788 2005 2853; x_wconf 90' lang='lat' dir='ltr'>mibi</span> <span class='ocrx_word' id='word_1_154' title='bbox 2028 2790 2145 2874; x_wconf 86' lang='lat' dir='ltr'>pignus</span> 
     </span>
     <span class='ocr_line' id='line_1_18' title="bbox 516 2891 2144 2975; baseline 0.002 -19"><span class='ocrx_word' id='word_1_155' title='bbox 516 2900 646 2957; x_wconf 91' lang='lat' dir='ltr'>mutuae</span> <span class='ocrx_word' id='word_1_156' title='bbox 674 2892 848 2956; x_wconf 89' lang='lat' dir='ltr'>voluntatis</span> <span class='ocrx_word' id='word_1_157' title='bbox 877 2898 909 2955; x_wconf 89' lang='lat' dir='ltr'>ct</span> <span class='ocrx_word' id='word_1_158' title='bbox 938 2892 1064 2974; x_wconf 87' lang='lat' dir='ltr'>suscipe</span> <span class='ocrx_word' id='word_1_159' title='bbox 1094 2891 1126 2954; x_wconf 94' lang='lat' dir='ltr'>in</span> <span class='ocrx_word' id='word_1_160' title='bbox 1153 2891 1355 2975; x_wconf 85' lang='lat' dir='ltr'>disciplinam</span> <span class='ocrx_word' id='word_1_161' title='bbox 1379 2891 1545 2971; x_wconf 92' lang='lat' dir='ltr'>medendi,</span> <span class='ocrx_word' id='word_1_162' title='bbox 1578 2910 1658 2974; x_wconf 87' lang='lat' dir='ltr'>quos</span> <span class='ocrx_word' id='word_1_163' title='bbox 1680 2898 1712 2957; x_wconf 91' lang='lat' dir='ltr'>et</span> <span class='ocrx_word' id='word_1_164' title='bbox 1734 2892 1809 2958; x_wconf 80' lang='lat' dir='ltr'>toci</span> <span class='ocrx_word' id='word_1_165' title='bbox 1832 2898 1907 2958; x_wconf 89' lang='lat' dir='ltr'>tuae</span> <span class='ocrx_word' id='word_1_166' title='bbox 1930 2899 1963 2958; x_wconf 90' lang='lat' dir='ltr'>et</span> <span class='ocrx_word' id='word_1_167' title='bbox 1984 2892 2144 2959; x_wconf 87' lang='lat' dir='ltr'>honestati</span> 
     </span>
     <span class='ocr_line' id='line_1_19' title="bbox 519 2993 1196 3062; baseline -0.003 -2"><span class='ocrx_word' id='word_1_168' title='bbox 519 2996 633 3062; x_wconf 77' lang='lat' dir='ltr'>blaseio</span> <span class='ocrx_word' id='word_1_169' title='bbox 656 2996 803 3062; x_wconf 86' lang='lat' dir='ltr'>tradente</span> <span class='ocrx_word' id='word_1_170' title='bbox 827 2993 1063 3059; x_wconf 86' lang='lat' dir='ltr'>committimus.</span> <span class='ocrx_word' id='word_1_171' title='bbox 1112 2996 1196 3060; x_wconf 86' lang='lat' dir='ltr'>vale.</span> 
     </span>
    </p>
   </div>
   <div class='ocr_carea' id='block_1_7' title="bbox 1151 3253 2193 3476">
    <p class='ocr_par' dir='ltr' id='par_1_8' title="bbox 1151 3253 2193 3476">
     <span class='ocr_line' id='line_1_20' title="bbox 1178 3253 1481 3320; baseline 0 -4"><span class='ocrx_word' id='word_1_172' title='bbox 1178 3253 1206 3316; x_wconf 93' lang='lat' dir='ltr'>V</span> <span class='ocrx_word' id='word_1_173' title='bbox 1235 3275 1266 3318; x_wconf 90' lang='lat' dir='ltr'>a.</span> <span class='ocrx_word' id='word_1_174' title='bbox 1287 3255 1481 3320; x_wconf 74' lang='lat' dir='ltr'>ass-tort</span> 
     </span>
     <span class='ocr_line' id='line_1_21' title="bbox 1151 3398 2193 3476; baseline 0.005 -5"><span class='ocrx_word' id='word_1_175' title='bbox 1151 3408 1211 3472; x_wconf 88' lang='lat' dir='ltr'>AD</span> <span class='ocrx_word' id='word_1_176' title='bbox 1233 3406 1503 3473; x_wconf 84' lang='lat' dir='ltr'>AVXENTIVM.</span> <span class='ocrx_word' id='word_1_177' title='bbox 1538 3398 1540 3403; x_wconf 40' lang='lat'>⁵</span> <span class='ocrx_word' id='word_1_178' title='bbox 1778 3453 1782 3461; x_wconf 88' lang='lat'><em>-</em></span> <span class='ocrx_word' id='word_1_179' title='bbox 2163 3433 2193 3476; x_wconf 80' lang='grc' dir='ltr'>ιι</span> 
     </span>
    </p>
   </div>
   <div class='ocr_carea' id='block_1_8' title="bbox 518 3578 2145 3953">
    <p class='ocr_par' dir='ltr' id='par_1_9' title="bbox 518 3578 2145 3953">
     <span class='ocr_line' id='line_1_22' title="bbox 604 3578 2140 3666; baseline 0.001 -22"><span class='ocrx_word' id='word_1_180' title='bbox 604 3579 771 3644; x_wconf 81' lang='lat' dir='ltr'>Amicitias</span> <span class='ocrx_word' id='word_1_181' title='bbox 792 3580 972 3660; x_wconf 85' lang='lat' dir='ltr'>internos,</span> <span class='ocrx_word' id='word_1_182' title='bbox 1005 3599 1077 3644; x_wconf 90' lang='lat' dir='ltr'>oum</span> <span class='ocrx_word' id='word_1_183' title='bbox 1099 3578 1219 3644; x_wconf 89' lang='lat' dir='ltr'>Romae</span> <span class='ocrx_word' id='word_1_184' title='bbox 1241 3599 1374 3661; x_wconf 80' lang='lat' dir='ltr'>ageres,</span> <span class='ocrx_word' id='word_1_185' title='bbox 1407 3580 1575 3647; x_wconf 87' lang='lat' dir='ltr'>inchoatas</span> <span class='ocrx_word' id='word_1_186' title='bbox 1597 3601 1730 3646; x_wconf 90' lang='lat' dir='ltr'>munere</span> <span class='ocrx_word' id='word_1_187' title='bbox 1753 3581 1934 3666; x_wconf 88' lang='lat' dir='ltr'>scriptionis</span> <span class='ocrx_word' id='word_1_188' title='bbox 1957 3582 2140 3661; x_wconf 89' lang='lat' dir='ltr'>adcumulo,</span> 
     </span>
     <span class='ocr_line' id='line_1_23' title="bbox 519 3680 2145 3768; baseline 0.001 -20"><span class='ocrx_word' id='word_1_189' title='bbox 519 3690 553 3748; x_wconf 90' lang='lat' dir='ltr'>ut</span> <span class='ocrx_word' id='word_1_190' title='bbox 578 3682 673 3748; x_wconf 88' lang='lat' dir='ltr'>fidem</span> <span class='ocrx_word' id='word_1_191' title='bbox 705 3682 762 3747; x_wconf 92' lang='lat' dir='ltr'>tibi</span> <span class='ocrx_word' id='word_1_192' title='bbox 786 3680 885 3747; x_wconf 93' lang='lat' dir='ltr'>animi</span> <span class='ocrx_word' id='word_1_193' title='bbox 908 3681 972 3747; x_wconf 91' lang='lat' dir='ltr'>mei</span> <span class='ocrx_word' id='word_1_194' title='bbox 994 3681 1093 3747; x_wconf 87' lang='lat' dir='ltr'>faciat</span> <span class='ocrx_word' id='word_1_195' title='bbox 1115 3683 1232 3748; x_wconf 87' lang='lat' dir='ltr'>conlati</span> <span class='ocrx_word' id='word_1_196' title='bbox 1254 3684 1286 3747; x_wconf 95' lang='lat' dir='ltr'>in</span> <span class='ocrx_word' id='word_1_197' title='bbox 1310 3684 1475 3749; x_wconf 91' lang='lat' dir='ltr'>absentem</span> <span class='ocrx_word' id='word_1_198' title='bbox 1498 3684 1616 3768; x_wconf 87' lang='lat' dir='ltr'>pignus</span> <span class='ocrx_word' id='word_1_199' title='bbox 1639 3683 1748 3749; x_wconf 88' lang='lat' dir='ltr'>officii.</span> <span class='ocrx_word' id='word_1_200' title='bbox 1795 3694 1884 3749; x_wconf 89' lang='lat' dir='ltr'>tuam</span> <span class='ocrx_word' id='word_1_201' title='bbox 1907 3685 1992 3750; x_wconf 89' lang='lat' dir='ltr'>circa</span> <span class='ocrx_word' id='word_1_202' title='bbox 2012 3704 2072 3750; x_wconf 91' lang='lat' dir='ltr'>nos</span> <span class='ocrx_word' id='word_1_203' title='bbox 2094 3684 2145 3749; x_wconf 93' lang='lat' dir='ltr'>di-</span> 
     </span>
     <span class='ocr_line' id='line_1_24' title="bbox 518 3780 2141 3872; baseline 0.001 -23"><span class='ocrx_word' id='word_1_204' title='bbox 518 3785 684 3868; x_wconf 85' lang='lat' dir='ltr'>ligentiam</span> <span class='ocrx_word' id='word_1_205' title='bbox 716 3780 865 3871; x_wconf 86' lang='lat' dir='ltr'>privatim</span> <span class='ocrx_word' id='word_1_206' title='bbox 896 3785 1071 3849; x_wconf 87' lang='lat' dir='ltr'>litterarum</span> <span class='ocrx_word' id='word_1_207' title='bbox 1096 3785 1299 3866; x_wconf 86' lang='lat' dir='ltr'>vicissitudo,</span> <span class='ocrx_word' id='word_1_208' title='bbox 1334 3787 1461 3871; x_wconf 87' lang='lat' dir='ltr'>publice</span> <span class='ocrx_word' id='word_1_209' title='bbox 1484 3787 1620 3854; x_wconf 86' lang='lat' dir='ltr'>forensis</span> <span class='ocrx_word' id='word_1_210' title='bbox 1643 3808 1701 3872; x_wconf 94' lang='lat' dir='ltr'>pro</span> <span class='ocrx_word' id='word_1_211' title='bbox 1724 3787 1841 3852; x_wconf 82' lang='lat' dir='ltr'>Euscio</span> <span class='ocrx_word' id='word_1_212' title='bbox 1864 3808 1941 3853; x_wconf 88' lang='lat' dir='ltr'>cura</span> <span class='ocrx_word' id='word_1_213' title='bbox 1962 3788 2141 3853; x_wconf 86' lang='lat' dir='ltr'>testabitur.</span> 
     </span>
     <span class='ocr_line' id='line_1_25' title="bbox 518 3889 602 3953; baseline -0.012 -1"><span class='ocrx_word' id='word_1_214' title='bbox 518 3889 602 3953; x_wconf 86' lang='lat' dir='ltr'>vale.</span> 
     </span>
    </p>
   </div>
   <div class='ocr_carea' id='block_1_9' title="bbox 1173 4129 1483 4196">
    <p class='ocr_par' dir='ltr' id='par_1_10' title="bbox 1173 4129 1483 4196">
     <span class='ocr_line' id='line_1_26' title="bbox 1173 4129 1483 4196; baseline 0.006 -2"><span class='ocrx_word' id='word_1_215' title='bbox 1173 4129 1216 4194; x_wconf 94' lang='lat' dir='ltr'>VI</span> <span class='ocrx_word' id='word_1_216' title='bbox 1245 4151 1276 4196; x_wconf 86' lang='lat' dir='ltr'>a.</span> <span class='ocrx_word' id='word_1_217' title='bbox 1301 4132 1483 4196; x_wconf 78' lang='lat'>398-401.</span> 
     </span>
    </p>
   </div>
   <div class='ocr_carea' id='block_1_10' title="bbox 1177 4310 1486 4347">
    <p class='ocr_par' dir='ltr' id='par_1_11' title="bbox 1177 4310 1486 4347">
     <span class='ocr_line' id='line_1_27' title="bbox 1177 4310 1486 4347; baseline 0.013 -5"><span class='ocrx_word' id='word_1_218' title='bbox 1177 4310 1486 4347; x_wconf 56' lang='lat' dir='ltr'>**¹k****※**</span> 
     </span>
    </p>
   </div>
   <div class='ocr_carea' id='block_1_11' title="bbox 517 4454 2192 5068">
    <p class='ocr_par' dir='ltr' id='par_1_12' title="bbox 517 4454 2192 5068">
     <span class='ocr_line' id='line_1_28' title="bbox 604 4454 2146 4544; baseline 0.003 -25"><span class='ocrx_word' id='word_1_219' title='bbox 604 4456 737 4521; x_wconf 84' lang='lat' dir='ltr'>Actores</span> <span class='ocrx_word' id='word_1_220' title='bbox 759 4454 951 4537; x_wconf 86' lang='lat' dir='ltr'>absentium,</span> <span class='ocrx_word' id='word_1_221' title='bbox 978 4454 1094 4537; x_wconf 89' lang='lat' dir='ltr'>quibus</span> <span class='ocrx_word' id='word_1_222' title='bbox 1117 4474 1168 4519; x_wconf 91' lang='lat' dir='ltr'>res</span> <span class='ocrx_word' id='word_1_223' title='bbox 1192 4454 1367 4539; x_wconf 88' lang='lat' dir='ltr'>longinqua</span> <span class='ocrx_word' id='word_1_224' title='bbox 1390 4457 1612 4535; x_wconf 89' lang='lat' dir='ltr'>committitur,</span> <span class='ocrx_word' id='word_1_225' title='bbox 1637 4465 1800 4539; x_wconf 89' lang='lat' dir='ltr'>tamquam</span> <span class='ocrx_word' id='word_1_226' title='bbox 1824 4459 1921 4524; x_wconf 85' lang='lat' dir='ltr'>soluti</span> <span class='ocrx_word' id='word_1_227' title='bbox 1946 4460 2072 4544; x_wconf 89' lang='lat' dir='ltr'>legibus</span> <span class='ocrx_word' id='word_1_228' title='bbox 2095 4459 2146 4524; x_wconf 88' lang='lat' dir='ltr'>vi-</span> 
     </span>
     <span class='ocr_line' id='line_1_29' title="bbox 517 4558 2146 4646; baseline 0.003 -24"><span class='ocrx_word' id='word_1_229' title='bbox 517 4564 614 4640; x_wconf 82' lang='lat' dir='ltr'>vunt,</span> <span class='ocrx_word' id='word_1_230' title='bbox 647 4558 795 4641; x_wconf 89' lang='lat' dir='ltr'>quoniam</span> <span class='ocrx_word' id='word_1_231' title='bbox 824 4558 934 4643; x_wconf 91' lang='lat' dir='ltr'>procul</span> <span class='ocrx_word' id='word_1_232' title='bbox 964 4558 1076 4642; x_wconf 88' lang='lat' dir='ltr'>positis</span> <span class='ocrx_word' id='word_1_233' title='bbox 1100 4559 1209 4624; x_wconf 90' lang='lat' dir='ltr'>nullus</span> <span class='ocrx_word' id='word_1_234' title='bbox 1231 4559 1427 4625; x_wconf 77' lang='lat' dir='ltr'>dominorum</span> <span class='ocrx_word' id='word_1_235' title='bbox 1451 4568 1553 4625; x_wconf 89' lang='lat' dir='ltr'>terror</span> <span class='ocrx_word' id='word_1_236' title='bbox 1574 4560 1717 4626; x_wconf 89' lang='lat' dir='ltr'>incurrit.</span> <span class='ocrx_word' id='word_1_237' title='bbox 1765 4581 1845 4646; x_wconf 89' lang='lat' dir='ltr'>opus</span> <span class='ocrx_word' id='word_1_238' title='bbox 1868 4570 1918 4627; x_wconf 88' lang='lat' dir='ltr'>est</span> <span class='ocrx_word' id='word_1_239' title='bbox 1939 4558 2039 4645; x_wconf 86' lang='lat' dir='ltr'>igitur</span> <span class='ocrx_word' id='word_1_240' title='bbox 2059 4561 2146 4628; x_wconf 91' lang='lat' dir='ltr'>iudi-</span> 
     </span>
     <span class='ocr_line' id='line_1_30' title="bbox 518 4660 2143 4748; baseline 0.004 -23"><span class='ocrx_word' id='word_1_241' title='bbox 518 4660 594 4726; x_wconf 90' lang='lat' dir='ltr'>ciali</span> <span class='ocrx_word' id='word_1_242' title='bbox 616 4661 741 4744; x_wconf 87' lang='lat' dir='ltr'>vigore,</span> <span class='ocrx_word' id='word_1_243' title='bbox 775 4668 810 4726; x_wconf 91' lang='lat' dir='ltr'>ut</span> <span class='ocrx_word' id='word_1_244' title='bbox 831 4660 1045 4726; x_wconf 89' lang='lat' dir='ltr'>locationibus</span> <span class='ocrx_word' id='word_1_245' title='bbox 1068 4662 1234 4747; x_wconf 89' lang='lat' dir='ltr'>adscripta</span> <span class='ocrx_word' id='word_1_246' title='bbox 1255 4664 1452 4747; x_wconf 90' lang='lat' dir='ltr'>persolvant.</span> <span class='ocrx_word' id='word_1_247' title='bbox 1500 4685 1598 4746; x_wconf 90' lang='lat' dir='ltr'>quare</span> <span class='ocrx_word' id='word_1_248' title='bbox 1620 4684 1759 4747; x_wconf 86' lang='lat' dir='ltr'>quaeso,</span> <span class='ocrx_word' id='word_1_249' title='bbox 1785 4672 1820 4729; x_wconf 91' lang='lat' dir='ltr'>ut</span> <span class='ocrx_word' id='word_1_250' title='bbox 1843 4665 2066 4748; x_wconf 80' lang='lat' dir='ltr'>suggestiones</span> <span class='ocrx_word' id='word_1_251' title='bbox 2088 4686 2143 4731; x_wconf 82' lang='lat' dir='ltr'>no</span> 
     </span>
     <span class='ocr_line' id='line_1_31' title="bbox 518 4764 2192 4851; baseline 0.001 -21"><span class='ocrx_word' id='word_1_252' title='bbox 518 4765 592 4830; x_wconf 91' lang='lat' dir='ltr'>tarii</span> <span class='ocrx_word' id='word_1_253' title='bbox 621 4765 699 4845; x_wconf 89' lang='lat' dir='ltr'>mei,</span> <span class='ocrx_word' id='word_1_254' title='bbox 732 4766 783 4830; x_wconf 87' lang='lat' dir='ltr'>cui</span> <span class='ocrx_word' id='word_1_255' title='bbox 811 4764 998 4831; x_wconf 88' lang='lat' dir='ltr'>adhibenda</span> <span class='ocrx_word' id='word_1_256' title='bbox 1026 4766 1180 4830; x_wconf 91' lang='lat' dir='ltr'>nonnulla</span> <span class='ocrx_word' id='word_1_257' title='bbox 1210 4765 1253 4833; x_wconf 89' lang='lat' dir='ltr'>ad</span> <span class='ocrx_word' id='word_1_258' title='bbox 1283 4767 1474 4851; x_wconf 89' lang='lat' dir='ltr'>praetoriam</span> <span class='ocrx_word' id='word_1_259' title='bbox 1505 4766 1698 4833; x_wconf 87' lang='lat' dir='ltr'>functionem</span> <span class='ocrx_word' id='word_1_260' title='bbox 1729 4773 1761 4832; x_wconf 90' lang='lat' dir='ltr'>ct</span> <span class='ocrx_word' id='word_1_261' title='bbox 1789 4766 1899 4832; x_wconf 88' lang='lat' dir='ltr'>debita</span> <span class='ocrx_word' id='word_1_262' title='bbox 1927 4770 1969 4834; x_wconf 91' lang='lat' dir='ltr'>ab</span> <span class='ocrx_word' id='word_1_263' title='bbox 1999 4768 2145 4833; x_wconf 83' lang='lat' dir='ltr'>obnoxiis</span> <span class='ocrx_word' id='word_1_264' title='bbox 2164 4792 2192 4832; x_wconf 81' lang='grc' dir='ltr'>ιι</span> 
     </span>
     <span class='ocr_line' id='line_1_32' title="bbox 518 4866 2145 4952; baseline 0.002 -19"><span class='ocrx_word' id='word_1_265' title='bbox 518 4867 620 4934; x_wconf 85' lang='lat' dir='ltr'>servis</span> <span class='ocrx_word' id='word_1_266' title='bbox 650 4866 792 4933; x_wconf 89' lang='lat' dir='ltr'>eruenda</span> <span class='ocrx_word' id='word_1_267' title='bbox 823 4866 992 4949; x_wconf 88' lang='lat' dir='ltr'>mandavi,</span> <span class='ocrx_word' id='word_1_268' title='bbox 1026 4869 1138 4933; x_wconf 88' lang='lat' dir='ltr'>iuvare</span> <span class='ocrx_word' id='word_1_269' title='bbox 1160 4868 1303 4952; x_wconf 87' lang='lat' dir='ltr'>digneris</span> <span class='ocrx_word' id='word_1_270' title='bbox 1325 4878 1358 4935; x_wconf 90' lang='lat' dir='ltr'>et</span> <span class='ocrx_word' id='word_1_271' title='bbox 1380 4870 1483 4936; x_wconf 88' lang='lat' dir='ltr'>vicem</span> <span class='ocrx_word' id='word_1_272' title='bbox 1507 4870 1732 4936; x_wconf 88' lang='lat' dir='ltr'>sollicitudinis</span> <span class='ocrx_word' id='word_1_273' title='bbox 1755 4891 1847 4937; x_wconf 89' lang='lat' dir='ltr'>meae</span> <span class='ocrx_word' id='word_1_274' title='bbox 1869 4871 2035 4937; x_wconf 87' lang='lat' dir='ltr'>incoram</span> <span class='ocrx_word' id='word_1_275' title='bbox 2058 4878 2145 4937; x_wconf 90' lang='lat' dir='ltr'>tuam</span> 
     </span>
     <span class='ocr_line' id='line_1_33' title="bbox 518 4970 1057 5068; baseline 0.002 -32"><span class='ocrx_word' id='word_1_276' title='bbox 518 4970 661 5054; x_wconf 88' lang='lat' dir='ltr'>recipere</span> <span class='ocrx_word' id='word_1_277' title='bbox 683 4990 747 5035; x_wconf 91' lang='lat' dir='ltr'>non</span> <span class='ocrx_word' id='word_1_278' title='bbox 769 4990 909 5068; x_wconf 79' lang='lat' dir='ltr'>recuses.</span> <span class='ocrx_word' id='word_1_279' title='bbox 957 4970 1057 5037; x_wconf 83' lang='lat' dir='ltr'>vale&#39;</span> 
     </span>
    </p>
   </div>
   <div class='ocr_carea' id='block_1_12' title="bbox 517 5277 2147 5868">
    <p class='ocr_par' dir='ltr' id='par_1_13' title="bbox 517 5277 2147 5603">
     <span class='ocr_line' id='line_1_34' title="bbox 606 5277 2145 5353; baseline 0.004 -22"><span class='ocrx_word' id='word_1_280' title='bbox 606 5281 617 5331; x_wconf 89' lang='lat'>1</span> <span class='ocrx_word' id='word_1_281' title='bbox 638 5277 703 5346; x_wconf 84' lang='lat' dir='ltr'>illis]</span> <span class='ocrx_word' id='word_1_282' title='bbox 720 5279 751 5344; x_wconf 89' lang='grc' dir='ltr'>Γ,</span> <span class='ocrx_word' id='word_1_283' title='bbox 771 5281 878 5344; x_wconf 70' lang='lat' dir='ltr'>illeill)</span> <span class='ocrx_word' id='word_1_284' title='bbox 983 5281 1173 5351; x_wconf 83' lang='lat' dir='ltr'>perlectionem]</span> <span class='ocrx_word' id='word_1_285' title='bbox 1192 5283 1222 5343; x_wconf 85' lang='grc' dir='ltr'>Γ,</span> <span class='ocrx_word' id='word_1_286' title='bbox 1243 5287 1473 5349; x_wconf 75' lang='lat' dir='ltr'>perlectionlsffl)</span> <span class='ocrx_word' id='word_1_287' title='bbox 1578 5288 1593 5336; x_wconf 93' lang='grc'>2</span> <span class='ocrx_word' id='word_1_288' title='bbox 1615 5288 1708 5353; x_wconf 73' lang='lat' dir='ltr'>ligitur</span> <span class='ocrx_word' id='word_1_289' title='bbox 1725 5301 1848 5337; x_wconf 84' lang='lat' dir='ltr'>consensu</span> <span class='ocrx_word' id='word_1_290' title='bbox 1867 5288 1981 5348; x_wconf 70' lang='lat' dir='ltr'>incipi*</span> <span class='ocrx_word' id='word_1_291' title='bbox 2081 5289 2145 5337; x_wconf 85' lang='lat' dir='ltr'>ami·</span> 
     </span>
     <span class='ocr_line' id='line_1_35' title="bbox 517 5363 1242 5434; baseline 0.007 -19"><span class='ocrx_word' id='word_1_292' title='bbox 517 5369 571 5416; x_wconf 83' lang='lat' dir='ltr'>clae</span> <span class='ocrx_word' id='word_1_293' title='bbox 589 5364 627 5415; x_wconf 58' lang='grc' dir='ltr'><strong><em>Γῖ</em></strong></span> <span class='ocrx_word' id='word_1_294' title='bbox 730 5368 745 5416; x_wconf 93' lang='grc'>3</span> <span class='ocrx_word' id='word_1_295' title='bbox 764 5363 801 5433; x_wconf 86' lang='lat' dir='ltr'>te]</span> <span class='ocrx_word' id='word_1_296' title='bbox 819 5374 848 5416; x_wconf 89' lang='lat' dir='ltr'>tu</span> <span class='ocrx_word' id='word_1_297' title='bbox 867 5368 918 5431; x_wconf 84' lang='grc' dir='ltr'>(Π)</span> <span class='ocrx_word' id='word_1_298' title='bbox 1024 5369 1170 5420; x_wconf 80' lang='grc' dir='ltr'>4ιιιιιῑιιιιιι</span> <span class='ocrx_word' id='word_1_299' title='bbox 1190 5372 1242 5434; x_wconf 88' lang='grc' dir='ltr'>(Π)</span> 
     </span>
     <span class='ocr_line' id='line_1_36' title="bbox 606 5450 2147 5526; baseline 0.005 -24"><span class='ocrx_word' id='word_1_300' title='bbox 606 5452 637 5503; x_wconf 85' lang='grc'>13</span> <span class='ocrx_word' id='word_1_301' title='bbox 655 5450 765 5519; x_wconf 76' lang='lat' dir='ltr'>hortatu]</span> <span class='ocrx_word' id='word_1_302' title='bbox 783 5455 923 5515; x_wconf 74' lang='lat' dir='ltr'>Scioppius,</span> <span class='ocrx_word' id='word_1_303' title='bbox 945 5461 1046 5517; x_wconf 77' lang='lat' dir='ltr'>portatu</span> <span class='ocrx_word' id='word_1_304' title='bbox 1064 5454 1095 5518; x_wconf 98' lang='grc' dir='ltr'>Γ,</span> <span class='ocrx_word' id='word_1_305' title='bbox 1116 5457 1223 5506; x_wconf 82' lang='lat' dir='ltr'>hortator</span> <span class='ocrx_word' id='word_1_306' title='bbox 1242 5458 1292 5522; x_wconf 78' lang='grc' dir='ltr'>(Π)</span> <span class='ocrx_word' id='word_1_307' title='bbox 1424 5457 1455 5508; x_wconf 86' lang='grc'>16</span> <span class='ocrx_word' id='word_1_308' title='bbox 1473 5455 1537 5525; x_wconf 85' lang='lat' dir='ltr'>arte]</span> <span class='ocrx_word' id='word_1_309' title='bbox 1555 5474 1608 5521; x_wconf 79' lang='lat' dir='ltr'>epo,</span> <span class='ocrx_word' id='word_1_310' title='bbox 1629 5465 1676 5508; x_wconf 83' lang='lat' dir='ltr'>arti</span> <span class='ocrx_word' id='word_1_311' title='bbox 1696 5461 1747 5525; x_wconf 87' lang='grc' dir='ltr'>(Π)</span> <span class='ocrx_word' id='word_1_312' title='bbox 1870 5455 2008 5526; x_wconf 80' lang='lat' dir='ltr'>adhiberis]</span> <span class='ocrx_word' id='word_1_313' title='bbox 2027 5459 2082 5524; x_wconf 74' lang='grc' dir='ltr'>(Γ),</span> <span class='ocrx_word' id='word_1_314' title='bbox 2101 5474 2147 5509; x_wconf 84' lang='lat' dir='ltr'>ex-</span> 
     </span>
     <span class='ocr_line' id='line_1_37' title="bbox 517 5539 2042 5603; baseline 0.004 -14"><span class='ocrx_word' id='word_1_315' title='bbox 517 5541 613 5589; x_wconf 79' lang='lat' dir='ltr'>lrlbsrls</span> <span class='ocrx_word' id='word_1_316' title='bbox 633 5539 684 5603; x_wconf 77' lang='lat' dir='ltr'>(H)</span> <span class='ocrx_word' id='word_1_317' title='bbox 1663 5547 1690 5564; x_wconf 58' lang='lat'>²*</span> <span class='ocrx_word' id='word_1_318' title='bbox 2005 5550 2009 5561; x_wconf 96' lang='grc'><strong>’</strong></span> <span class='ocrx_word' id='word_1_319' title='bbox 2037 5551 2042 5560; x_wconf 88' lang='grc'><em>“</em></span> 
     </span>
    </p>

    <p class='ocr_par' dir='ltr' id='par_1_14' title="bbox 518 5604 2145 5868">
     <span class='ocr_line' id='line_1_38' title="bbox 604 5624 2145 5694; baseline 0.003 -19"><span class='ocrx_word' id='word_1_320' title='bbox 604 5625 637 5675; x_wconf 83' lang='grc'>26</span> <span class='ocrx_word' id='word_1_321' title='bbox 656 5629 839 5689; x_wconf 78' lang='lat' dir='ltr'>lmcrtptloaem</span> <span class='ocrx_word' id='word_1_322' title='bbox 856 5641 905 5677; x_wconf 86' lang='lat' dir='ltr'>om.</span> <span class='ocrx_word' id='word_1_323' title='bbox 926 5624 980 5689; x_wconf 86' lang='grc' dir='ltr'>(Γ),</span> <span class='ocrx_word' id='word_1_324' title='bbox 1001 5627 1039 5676; x_wconf 78' lang='lat' dir='ltr'>Ad</span> <span class='ocrx_word' id='word_1_325' title='bbox 1058 5628 1197 5677; x_wconf 80' lang='lat' dir='ltr'>Garterium</span> <span class='ocrx_word' id='word_1_326' title='bbox 1218 5629 1282 5694; x_wconf 72' lang='grc' dir='ltr'>(ΙΙ),</span> <span class='ocrx_word' id='word_1_327' title='bbox 1304 5631 1408 5690; x_wconf 69' lang='lat' dir='ltr'>sermm</span> <span class='ocrx_word' id='word_1_328' title='bbox 1426 5631 1608 5693; x_wconf 74' lang='lat' dir='ltr'>supplendam:</span> <span class='ocrx_word' id='word_1_329' title='bbox 1633 5633 1672 5680; x_wconf 84' lang='lat' dir='ltr'>Ad</span> <span class='ocrx_word' id='word_1_330' title='bbox 1691 5634 1869 5693; x_wconf 82' lang='lat' dir='ltr'>vincentium,</span> <span class='ocrx_word' id='word_1_331' title='bbox 1890 5632 1923 5693; x_wconf 74' lang='lat' dir='ltr'>cs.</span> <span class='ocrx_word' id='word_1_332' title='bbox 1943 5647 1969 5694; x_wconf 82' lang='lat' dir='ltr'>p.</span> <span class='ocrx_word' id='word_1_333' title='bbox 1991 5631 2051 5694; x_wconf 81' lang='grc'>237,</span> <span class='ocrx_word' id='word_1_334' title='bbox 2072 5631 2097 5694; x_wconf 86' lang='grc'>2,</span> <span class='ocrx_word' id='word_1_335' title='bbox 2117 5637 2145 5679; x_wconf 79' lang='grc' dir='ltr'>ιιι</span> 
     </span>
     <span class='ocr_line' id='line_1_39' title="bbox 518 5712 2145 5784; baseline 0.003 -23"><span class='ocrx_word' id='word_1_336' title='bbox 518 5716 546 5762; x_wconf 79' lang='lat' dir='ltr'>ta</span> <span class='ocrx_word' id='word_1_337' title='bbox 564 5714 597 5761; x_wconf 90' lang='grc' dir='ltr'><strong><em>Π</em></strong></span> <span class='ocrx_word' id='word_1_338' title='bbox 612 5713 676 5761; x_wconf 83' lang='lat' dir='ltr'>idem</span> <span class='ocrx_word' id='word_1_339' title='bbox 692 5714 811 5763; x_wconf 74' lang='lat' dir='ltr'>mendam</span> <span class='ocrx_word' id='word_1_340' title='bbox 828 5712 906 5773; x_wconf 70' lang='lat' dir='ltr'>subsc</span> <span class='ocrx_word' id='word_1_341' title='bbox 923 5728 1058 5776; x_wconf 67' lang='lat' dir='ltr'>tammus,</span> <span class='ocrx_word' id='word_1_342' title='bbox 1079 5715 1143 5777; x_wconf 82' lang='lat' dir='ltr'>quod</span> <span class='ocrx_word' id='word_1_343' title='bbox 1159 5731 1186 5777; x_wconf 85' lang='lat' dir='ltr'>p.</span> <span class='ocrx_word' id='word_1_344' title='bbox 1206 5715 1265 5777; x_wconf 84' lang='grc'>221,</span> <span class='ocrx_word' id='word_1_345' title='bbox 1288 5717 1319 5765; x_wconf 81' lang='lat' dir='ltr'>lt</span> <span class='ocrx_word' id='word_1_346' title='bbox 1438 5717 1470 5768; x_wconf 77' lang='grc'>27</span> <span class='ocrx_word' id='word_1_347' title='bbox 1489 5715 1665 5784; x_wconf 80' lang='lat' dir='ltr'>committitur]</span> <span class='ocrx_word' id='word_1_348' title='bbox 1684 5716 1715 5782; x_wconf 89' lang='grc' dir='ltr'>Γ,</span> <span class='ocrx_word' id='word_1_349' title='bbox 1735 5720 1874 5768; x_wconf 85' lang='lat' dir='ltr'>remittitur</span> <span class='ocrx_word' id='word_1_350' title='bbox 1893 5718 1944 5782; x_wconf 85' lang='lat' dir='ltr'>(Il)</span> <span class='ocrx_word' id='word_1_351' title='bbox 2049 5716 2082 5767; x_wconf 87' lang='grc'>28</span> <span class='ocrx_word' id='word_1_352' title='bbox 2101 5718 2145 5766; x_wconf 89' lang='lat' dir='ltr'>do·</span> 
     </span>
     <span class='ocr_line' id='line_1_40' title="bbox 519 5794 1514 5868; baseline 0.006 -20"><span class='ocrx_word' id='word_1_353' title='bbox 519 5794 657 5865; x_wconf 82' lang='lat' dir='ltr'>minorum]</span> <span class='ocrx_word' id='word_1_354' title='bbox 675 5798 861 5861; x_wconf 68' lang='lat' dir='ltr'>Ritterabattaa</span> <span class='ocrx_word' id='word_1_355' title='bbox 882 5801 1029 5849; x_wconf 84' lang='lat' dir='ltr'>damnorum</span> <span class='ocrx_word' id='word_1_356' title='bbox 1047 5799 1123 5868; x_wconf 73' lang='grc' dir='ltr'>ΠΗ)</span> <span class='ocrx_word' id='word_1_357' title='bbox 1229 5804 1260 5852; x_wconf 85' lang='grc'>30</span> <span class='ocrx_word' id='word_1_358' title='bbox 1278 5803 1338 5864; x_wconf 79' lang='lat' dir='ltr'>sort.</span> <span class='ocrx_word' id='word_1_359' title='bbox 1360 5805 1514 5868; x_wconf 78' lang='lat' dir='ltr'>adquirenda</span> 
     </span>
    </p>
   </div>
   <div class='ocr_carea' id='block_1_13' title="bbox 0 0 2362 6468">
    <p class='ocr_par' dir='ltr' id='par_1_15' title="bbox 0 0 2362 6468">
     <span class='ocr_line' id='line_1_41' title="bbox 0 0 2362 6468; baseline 0 0"><span class='ocrx_word' id='word_1_360' title='bbox 0 0 2362 6468; x_wconf 95' lang='lat' dir='ltr'> </span> 
     </span>
    </p>
   </div>
  </div>
 </body>
</html>
