4736 6478
938 502 1053 559 LIBER
1070 504 1122 558 111.

831 832 901 906 AD
928 830 1225 908 PROMOTVM.

827 986 986 1051 LXXIIII
1014 992 1090 1051 aute
1104 1007 1136 1051 a.
1156 989 1230 1050 392.

865 1124 923 1189 ΑΙ)
946 1122 1193 1190 PROMOTVM.

304 1295 407 1361 Multa
435 1296 469 1360 in
499 1304 531 1362 te
554 1297 707 1363 uirtutum
737 1303 853 1362 nutura
882 1296 1059 1380 congessit3
1092 1316 1176 1380 quae
1206 1295 1233 1361 si
1264 1295 1337 1379 quis
1367 1296 1499 1361 trutinet
1532 1297 1679 1382 pensiore
1712 1295 1841 1375 iudicio,

188 1396 357 1474 enunciat,
390 1404 492 1464 utrum
516 1398 551 1464 in
573 1406 604 1466 te
626 1400 710 1465 bona
739 1398 934 1464 fortitudinis
964 1398 1069 1482 magis
1099 1420 1140 1464 au
1169 1398 1287 1464 mentis
1317 1398 1488 1464 excellant.
1537 1401 1595 1465 sed
1625 1400 1759 1466 alterius
1788 1400 1846 1465 tibi

216 1500 323 1566 laudis
345 1501 563 1587 adstipulator
585 1511 635 1569 est
657 1502 808 1587 princeps
832 1502 960 1585 generis
982 1502 1126 1585 humani,
1153 1501 1329 1568 officiorum
1352 1522 1428 1567 vero
1449 1501 1656 1568 familiarium
1671 1522 1730 1568 nos
1746 1509 1846 1568 testes

216 1623 289 1671 esse
312 1604 476 1671 debemus.
525 1626 588 1688 quo
610 1606 668 1671 tibi
691 1605 877 1691 religiosum
900 1605 1041 1671 studium
1064 1606 1234 1688 nequimus
1256 1625 1396 1689 aequare
1422 1655 1573 1671 ......
1598 1607 1761 1672 tamenin
1784 1607 1887 1673 boc‘l

216 1714 247 1773 te
268 1708 334 1774 mei
357 1727 465 1774 amore
487 1728 709 1794 progressum,
743 1716 779 1774 ut
807 1709 885 1775 mihi
915 1708 1007 1774 falsis
1029 1709 1181 1774 laudibus
1210 1707 1408 1791 blandiaris,
1441 1729 1512 1774 oum
1535 1710 1585 1775 ais
1607 1709 1729 1793 aliquid
1750 1715 1783 1775 te
1805 1730 1847 1775 ex

216 1810 315 1876 nostri
348 1811 412 1877 orie
446 1810 630 1878 desiderare
663 1812 876 1897 promptulis,
919 1811 1004 1895 quod
1036 1811 1095 1877 tibi
1128 1812 1212 1877 inter
1244 1831 1342 1877 rauca
1374 1831 1493 1877 cornua
1525 1818 1661 1893 †eorum
1695 1812 1847 1899 strepitus

174 1930 200 1971 1⁰
218 1913 414 1981 blandiatur.
462 1923 512 1981 est
548 1915 678 1999 quidem
714 1915 874 1981 familiare
909 1915 1018 1981 virtuti
1051 1914 1270 1981 delenimenta
1302 1914 1447 1981 exercitii
1479 1914 1629 1981 sensibus
1661 1914 1844 1981 admovere.

216 2038 290 2083 nam
322 2025 355 2084 et
376 2018 525 2085 Achillen
553 2026 663 2085 vatum
693 2019 851 2085 maximus
874 2018 989 2101 refert,
1025 2039 1160 2102 aegrum
1182 2020 1278 2084 animi
1301 2039 1394 2085 curae
1415 2018 1534 2085 fidibus
1558 2018 1741 2085 resolvisse.
1789 2018 1848 2084 sed

217 2140 275 2187 nos
298 2129 331 2189 et
352 2121 494 2189 musicae
516 2122 688 2189 facundiae
709 2122 851 2208 inopiam
873 2122 1076 2204 eonfitemur,
1109 2128 1142 2188 et
1170 2122 1399 2188 nutrimentum
1422 2122 1575 2205 loquendi
1600 2142 1708 2188 eorum
1733 2121 1848 2188 litteris

216 2245 427 2310 aucupamur,
452 2245 532 2310 quos
554 2226 689 2293 haerere
712 2226 874 2293 comitatui
898 2233 931 2293 et
952 2226 1040 2292 sama
1062 2227 1202 2309 loquitur
1224 2233 1257 2292 et
1278 2232 1334 2292 tua
1356 2226 1476 2311 scripta
1498 2233 1668 2293 testantur.

848 2485 969 2550 LXXV
998 2492 1121 2550 antea.
1140 2487 1214 2549 392.

175 2638 201 2678 ¹³
863 2623 923 2687 AD
946 2621 1194 2689 PROMOTVM.
1869 2625 1903 2685 P

304 2794 492 2861 Satisfeciet
513 2793 643 2876 quidem
664 2793 724 2859 tibi
746 2795 790 2860 ad
804 2814 897 2861 omne
912 2793 1067 2878 gaudium
1083 2800 1273 2880 conspectus
1288 2801 1424 2875 tuorum,
1452 2794 1510 2861 sed
1526 2814 1586 2876 ego
1601 2793 1685 2859 hane
1700 2794 1850 2860 hilaritu-

220 2899 327 2964 dinem
356 2896 513 2964 oumulari
540 2915 636 2981 posse
666 2896 827 2980 coniecto,
865 2898 893 2963 si
921 2903 1031 2963 noster
1059 2916 1164 2963 sermo
1199 2917 1326 2981 quoque
1359 2897 1522 2980 iungatur.
1569 2918 1643 2962 nam
1671 2917 1742 2964 oum
1772 2917 1850 2982 prae

221 3002 334 3069 ceteris
356 3001 416 3067 tibi
438 3000 614 3067 domestica
634 3001 719 3067 bona
741 3020 816 3067 uara
839 3001 921 3083 sint,
953 2999 1132 3085 proximum
1155 3000 1218 3066 sibi
1241 3000 1378 3084 gradum
1400 3000 1470 3066 iure
1492 3000 1667 3066 amicorum
1694 3020 1771 3066 eura
1792 3000 1850 3067 de-

220 3103 334 3171 fendit.
381 3125 459 3189 ergo
488 3104 543 3170 ubi
573 3104 735 3171 desiderio
765 3110 820 3170 tuo
848 3105 924 3190 piae
952 3102 1209 3171 necessitudines
1239 3104 1470 3185 satisfecerint,
1503 3105 1547 3170 ad
1575 3111 1702 3170 nostras
1724 3124 1850 3189 quoque

177 3208 345 3275 relitteres
373 3208 459 3274 oculi
488 3207 707 3285 conferuntur3
741 3228 876 3292 quarum
904 3208 987 3274 haec
1015 3227 1141 3273 summa
1171 3215 1238 3291 est,
1273 3213 1307 3273 ut
1329 3228 1381 3273 me
1403 3208 1512 3274 valere
1537 3226 1725 3292 cognoscas.
1772 3208 1848 3275 nolo

222 3312 306 3378 enim
327 3318 360 3377 te
383 3332 404 3376 a
426 3310 604 3395 conloquiis
624 3318 750 3377 tuorum
773 3311 892 3397 pagina
914 3311 1059 3396 longiore
1081 3311 1270 3397 producere.

838 3568 976 3634 LXXVI
1007 3576 1083 3635 ante
1099 3589 1130 3634 a.
1149 3572 1224 3634 386.

868 3706 928 3770 AD
951 3705 1200 3773 PROMOTVM.

306 3880 378 3947 Duo
401 3879 480 3945 mihi
502 3886 595 3963 grata
617 3878 818 3963 proveniunt,
845 3878 992 3962 quotiens
1015 3899 1036 3942 a
1057 3899 1109 3944 me
1132 3879 1259 3945 litterae
1282 3879 1496 3964 postulantur,
1522 3886 1556 3944 et
1577 3880 1662 3962 quod
1685 3886 1716 3945 te
1731 3879 1850 3946 honore

145 3996 148 4007 ’
176 3981 425 4048 resalutationis
445 3982 594 4068 impertio,
622 3989 655 4048 et
675 3981 762 4065 qnod
783 4001 913 4066 operam
936 3981 1220 4048 commendationis
1244 3990 1371 4066 praesto
1394 3982 1609 4067 poscentibus.
1657 4003 1729 4048 cum
1753 3982 1851 4066 igitur

222 4086 265 4152 ad
286 4086 428 4153 Africam
451 4087 587 4152 reditum
610 4085 803 4169 Paregorius
827 4084 928 4151 cliens
956 4091 1065 4152 noster
1093 4085 1266 4153 instrueret
1289 4094 1321 4153 et
1343 4084 1528 4152 huiusmodi
1550 4085 1674 4152 litteras
1696 4085 1851 4170 inpendio

223 4188 392 4274 flagitaret,
418 4189 578 4256 desiderio
600 4189 671 4255 eius
692 4190 840 4255 effectum
865 4188 1002 4255 libenter
1023 4188 1168 4272 inpendi,
1195 4189 1300 4255 sciens
1323 4187 1410 4273 apud
1430 4195 1592 4254 amantem
1608 4189 1672 4254 mei
1687 4209 1747 4254 neo
1761 4189 1850 4255 illius

222 4292 405 4378 petitionem
427 4292 582 4361 beneficio
605 4312 678 4360 esse
700 4292 882 4373 carituram,
907 4312 968 4359 neo
990 4312 1097 4359 meum
1119 4292 1318 4359 inefficacem
1342 4291 1483 4357 futurum
1507 4311 1579 4358 esse
1602 4311 1792 4357 sermonem.

831 4550 985 4615 LXXVII
1019 4556 1095 4616 ante
1110 4572 1142 4616 a.
1162 4552 1236 4615 392.

179 4706 206 4746 ³0
870 4689 929 4754 un
951 4688 1198 4755 ruononvu.
1875 4692 1937 4754 Pr
2055 4674 2057 4678 ’

308 4863 377 4928 Neo
400 4861 529 4945 quidem
552 4861 711 4945 prioribus
734 4861 849 4928 litteris
879 4859 961 4927 meis
984 4859 1237 4927 vicissitudinem
1268 4859 1454 4940 reddidisti,
1489 4857 1547 4923 sed
1578 4860 1641 4924 mei
1669 4859 1765 4926 officii
1790 4861 1851 4926 fnit

225 4966 342 5051 scripta
369 4965 551 5049 geminare,
584 4985 625 5031 ne
654 4973 720 5031 tam
747 4964 813 5030 fida
839 4965 1006 5031 occasione
1035 4964 1218 5048 fraudarer,
1252 4962 1391 5029 maxime
1421 4982 1492 5028 oum
1521 4962 1645 5029 amicus
1675 4964 1850 5031 eommunis

311 5140 342 5191 10
360 5137 442 5193 Hom.
461 5138 496 5193 11.
517 5136 600 5193 v1111
620 5138 679 5191 185.

497 5288 636 5295 ----

311 5382 380 5445 1,(Ῑ.
395 5382 449 5432 aui.
464 5382 608 5442 symmachi.
622 5383 663 5429 mr.
679 5381 762 5444 explic
773 5381 805 5430 ad
818 5382 947 5430 timasium
960 5383 1014 5429 rr‘ir.
1034 5380 1272 5442 incadpromotnm
1285 5379 1315 5441 P,
1334 5380 1421 5428 cnud
1504 5369 1529 5427 x3
1549 5392 1598 5430 om.
1613 5380 1636 5426 F
1731 5377 1808 5446 ban]
1822 5381 1849 5441 P,

226 5483 252 5518 ac
269 5468 317 5519 Pl'
417 5468 555 5519 bbumanl
574 5469 673 5530 generis
692 5468 716 5514 F
815 5466 913 5530 'lquod
931 5468 969 5515 ibi
987 5466 1018 5528 Γ,
1039 5469 1156 5529 quonlam
1174 5467 1265 5515 ttblP
1366 5480 1474 5528 aequare
1491 5471 1576 5514 tamen
1597 5466 1647 5526 PP,
1667 5479 1781 5527 aequare.
1802 5469 1851 5514 mi-

225 5568 261 5603 ror
278 5560 362 5604 umen
380 5555 454 5604 editio
470 5556 560 5604 Veneta
709 5554 726 5603 9
744 5555 819 5616 moris
837 5553 867 5613 P,
888 5554 962 5601 moris
983 5555 1004 5601 F
1148 5551 1239 5600 acribo:
1258 5553 1327 5600 inter
1344 5566 1418 5601 rauca
1436 5565 1526 5600 cornua
1544 5558 1570 5598 et
1588 5532 1711 5601 armorum
1731 5555 1852 5615 strepitus

228 5639 257 5691 to
274 5641 469 5691 delinimentum
487 5643 510 5689 P
610 5640 741 5689 admonere
760 5640 784 5687 P
887 5637 915 5687 11
937 5636 1028 5705 culmi]
1045 5639 1161 5701 Lppu'ru,
1181 5639 1255 5687 amiel
1274 5639 1319 5686 PP
1423 5638 1453 5687 13
1472 5651 1605 5701 quererere
1625 5637 1718 5686 le.

311 5726 342 5777 18
360 5723 428 5794 cara]
445 5726 476 5790 Γ,
496 5742 556 5775 eura
574 5726 597 5773 P
700 5722 818 5792 gradum]
837 5726 865 5788 P,
886 5725 1006 5786 gandium
1026 5723 1052 5774 Γ

309 5815 343 5864 30
361 5812 454 5862 om.P
