4746 6472
969 513 1084 570 LIBER
1102 515 1124 571 1.
1819 519 1861 581 39

230 704 341 789 plenos
363 702 492 770 sudoris
514 711 546 770 et
567 702 712 789 pulveris
734 703 821 768 lama
842 704 921 770 belli
942 711 1016 790 post
1036 712 1161 790 tergum
1184 705 1298 772 relicta
1318 705 1472 772 indicium
1495 706 1677 774 adfectasse
1692 707 1856 773 victoriae.
1881 705 1995 768 PVM

232 806 315 872 idem
337 826 425 872 nunc
446 807 526 872 mihi
547 825 637 872 sacro
658 805 777 872 iudicio
804 806 909 873 factus
938 815 988 873 est
1016 808 1126 873 bonor.
1172 808 1220 874 ita
1246 816 1400 893 quantum
1428 810 1553 895 gratiae
1575 811 1724 877 Castores
1750 808 1862 896 adepti

233 915 321 993 sunt,
347 916 472 975 tantum
495 908 657 995 principes
678 909 918 994 praestiterunt.
965 910 1047 977 baec
1068 932 1125 996 pro
1148 931 1199 976 me
1222 913 1382 997 copiosius
1404 921 1437 980 et
1458 914 1620 995 ornatius,
1646 920 1800 996 quantum
1823 931 1859 979 es
1881 915 1900 973 4

234 1013 363 1097 linguae
384 1012 509 1095 melior,
535 1011 624 1098 apud
645 1019 807 1079 auctorem
829 1013 977 1080 beneficii
999 1015 1214 1099 prosequeris.
1261 1015 1364 1083 babes
1387 1036 1544 1082 summam
1559 1016 1734 1082 voluntatis
1749 1036 1856 1096 meae;

205 1116 284 1182 seui
305 1117 334 1181 si
355 1115 436 1199 quid
457 1115 740 1183 commendationis
762 1116 988 1201 inspiraveris,
1020 1119 1136 1185 ceteris
1165 1120 1363 1186 ornamentis
1392 1121 1491 1186 animi
1513 1120 1560 1187 tui
1582 1118 1739 1186 adicietur
1761 1119 1861 1185 decus

233 1219 413 1304 praesentis
435 1220 544 1286 officii.

761 1496 963 1562 Lxxxxvl
983 1487 1157 1582 (uxxirx)
1192 1519 1222 1563 a.
1242 1500 1330 1565 ares

799 1635 1059 1702 summersus
1089 1635 1286 1703 erasmo.
1881 1637 1984 1701 Pan

316 1803 479 1886 Studium,
513 1805 597 1889 quod
621 1805 798 1872 scribendis
819 1807 1015 1873 orationibus
1038 1808 1249 1891 exhibebam,
1281 1809 1424 1893 praemio
1454 1808 1562 1874 laudis
1589 1808 1718 1874 auxisti.
1765 1815 1860 1873 vetus

190 1926 217 1968 ro
234 1908 348 1993 quippe
372 1909 533 1974 sententia
554 1915 613 1990 est,
640 1916 727 1975 artes
749 1910 869 1977 honore
891 1911 1016 1977 nutriri.
1063 1911 1136 1994 quis
1158 1918 1266 1977 autem
1288 1919 1355 1977 tam
1378 1912 1560 1978 cumulatus
1576 1919 1626 1978 est
1640 1911 1740 1976 honor
1761 1930 1859 1993 qnam

234 2011 341 2096 palma
362 2010 514 2077 dicendi?
550 2031 628 2095 ergo
650 2012 711 2078 etsi
732 2013 901 2097 intellego,
931 2065 937 2078 .
959 2065 994 2080 ..
1020 2015 1106 2099 quod
1128 2035 1237 2081 amore
1260 2014 1395 2097 fallaris,
1420 2016 1548 2081 titulum
1570 2021 1677 2080 tamen
1701 2014 1859 2099 praeclari

233 2114 405 2180 testimonii
427 2115 501 2180 albo
525 2115 649 2180 calculo
671 2123 817 2181 veterum
840 2137 927 2183 more
950 2118 1096 2202 signabo.
1143 2118 1314 2184 nonenim
1342 2118 1422 2184 mihi
1451 2139 1492 2185 er
1521 2138 1574 2184 ore
1602 2118 1711 2184 ieiuno
1740 2117 1860 2183 tributa

233 2217 373 2284 laudatio
403 2225 470 2301 est,
504 2217 564 2285 sed
592 2218 633 2284 de
663 2218 835 2286 facundiae
863 2241 949 2305 penu
977 2221 1054 2287 boni
1083 2221 1195 2287 indicii
1224 2223 1346 2289 fructus
1375 2222 1499 2289 adrisit.
1546 2242 1660 2289 vereor
1691 2220 1859 2305 indulgere

233 2321 336 2387 verbis
381 2321 523 2387 raeconii
544 2322 608 2402 tui,
634 2342 676 2388 ne
698 2322 902 2406 gratificandi
924 2343 1056 2408 operam
1078 2334 1221 2392 mutuam
1244 2326 1412 2392 credamur
1432 2325 1545 2391 adniti.
1593 2326 1685 2408 vale,
1711 2332 1744 2390 et
1765 2332 1801 2390 ut
1823 2345 1859 2390 es

191 2441 217 2483 n
233 2424 327 2489 nostri
350 2342 500 2509 diligens,
526 2425 712 2507 religiosam
733 2426 970 2493 observantiam
993 2446 1176 2512 persevera.

818 2719 1037 2786 aarum
1057 2720 1262 2808 (imru.

765 2859 1073 2924 arumnosas
1090 2861 1318 2943 srncaro.

314 3026 408 3093 lleae
430 3026 567 3108 litteram,
594 3024 745 3109 quoniam
766 3026 826 3092 tibi
848 3036 1001 3113 acceptae
1025 3037 1112 3112 sunt,
1140 3029 1282 3095 erebrius
1305 3031 1543 3110 commeabunt,
1570 3050 1645 3094 uam
1668 3037 1703 3094 ut
1724 3048 1858 3114 respon-

233 3125 323 3213 deas,
355 3149 420 3195 uon
441 3129 562 3195 laboro.
610 3128 770 3213 siquidem
791 3130 919 3197 ridetur
939 3132 1090 3199 iniurium
1112 3132 1261 3218 flagitare
1283 3133 1407 3217 officia,
1440 3154 1523 3219 quae
1550 3140 1663 3217 sponte
1685 3132 1857 3216 religiosus

189 3248 216 3290 no
233 3231 354 3297 animus
376 3232 556 3317 pollicetur.
603 3233 688 3298 vale.

1447 3352 1465 3389 Ι

684 3509 919 3577 LXXXXVIII
939 3512 1147 3597 (LXXXXII)
1181 3521 1255 3579 ante
1271 3534 1301 3578 a.
1320 3517 1394 3579 383.

793 3648 1054 3716 SYMMACHVS
1083 3650 1280 3717 SYAGRIO.

310 3818 437 3884 Dudum
461 3819 540 3885 mihi
562 3820 671 3885 nullus
693 3819 810 3886 litteris
832 3821 897 3886 tuis
920 3821 1019 3887 honor
1041 3822 1146 3888 factus
1168 3830 1227 3889 est.
1274 3843 1425 3906 quererer
1447 3821 1489 3889 de
1511 3823 1639 3890 silentio
1662 3829 1734 3907 tuo,
1761 3824 1788 3889 si
1811 3824 1852 3889 de

228 3921 380 4005 religione
403 3922 600 3999 dubitarem:
636 3922 695 3989 sed
716 3924 794 4005 quia
815 3924 959 3990 amicitia
980 3946 1040 3992 usu
1071 3926 1195 3992 eredita
1224 3935 1257 3993 et
1278 3946 1423 4012 expensa
1445 3927 1644 3993 documentis
1666 3948 1687 3992 a
1708 3927 1852 4012 periculo

183 4042 210 4085 aa
228 4024 417 4109 suspicionis
439 4025 547 4092 aliena
569 4033 629 4101 est,
655 4026 808 4111 intellego
830 4028 960 4112 quidem
982 4050 1042 4114 per
1056 4031 1283 4114 occupationes
1298 4030 1445 4114 publicas
1466 4030 1634 4096 inhibitam
1650 4029 1852 4115 diligentiam

227 4128 432 4213 scriptionum
455 4136 592 4211 tuarum,
619 4150 730 4225 verum
753 4150 891 4214 quaeso,
918 4140 953 4198 ut
975 4132 1191 4199 intermissum
1214 4153 1330 4198 munus
1353 4133 1522 4199 instaures.
1570 4133 1669 4199 stabit
1690 4133 1777 4218 apud
1800 4153 1852 4198 me

226 4231 331 4314 gaba
350 4231 458 4299 tributi
481 4231 589 4313 officii,
616 4233 708 4316 quasi
731 4234 820 4298 nulla
841 4235 950 4319 negati
973 4236 1069 4321 eulpa
1090 4236 1311 4321 praecesserit.
1359 4236 1443 4302 vale.

779 4526 1030 4594 mxxvnu
1049 4528 1290 4613 (numum).

791 4665 1050 4732 smusouvs
1080 4665 1278 4733 srucmo.
1871 4668 1974 4729 nra
2038 4693 2040 4697 <

182 4852 210 4893 ao
311 4835 347 4899 Si
369 4834 498 4917 quando
519 4835 598 4901 mibi
620 4837 707 4922 apud
729 4836 868 4903 amicum
890 4837 1065 4903 testimonii
1087 4837 1183 4904 dictio
1206 4845 1265 4921 est,
1292 4837 1423 4903 cohibeo
1446 4858 1577 4923 operam
1592 4840 1666 4924 plns
1684 4838 1847 4923 loquendi.

226 4956 297 5002 nam
320 4936 398 5020 quid
421 4938 539 5022 religio
558 4938 644 5022 agit,
678 4939 732 5005 ubi
754 4939 956 5005 desideratur
977 4940 1097 5007 oratio?
1132 4940 1201 5005 fero
1229 4940 1328 5024 igitur
1357 4940 1400 5033 ad
1428 4948 1460 5008 te
1486 4943 1607 5009 nudum
1635 4942 1676 5008 de
1700 4942 1850 5015 familiari

226 5060 295 5107 meo
309 5041 494 5107 Ponticiano
517 5042 575 5108 sed
597 5041 692 5108 fidele
714 5043 878 5125 iudicium,
904 5063 999 5126 quem
1021 5043 1083 5109 uisi
1099 5063 1207 5109 amore
1222 5050 1331 5109 nostro
1347 5043 1480 5128 dignum
1496 5047 1692 5129 probassem,
1720 5045 1849 5110 minime

225 5249 316 5259 ——n-

309 5384 599 5437 lsndoresle.l'
699 5387 879 5451 ‹llinguapP

307 5471 389 5522 born.
408 5475 451 5521 Vll
551 5473 733 5536 ilpreemlel'
817 5474 928 5525 bannistl
943 5475 966 5522 P
1069 5475 1097 5524 11
1112 5477 1349 5538 intellegoaaequod
1364 5477 1393 5535 P,
1406 5477 1603 5539 intellegoquod
1617 5479 1660 5525 Vl*
1762 5477 1792 5527 13
1811 5483 1850 5527 est

223 5558 372 5608 laudatlod'
475 5561 563 5609 ludicii
580 5574 628 5611 orn.
644 5561 668 5607 F
770 5560 802 5610 14
820 5563 949 5610 credamne
972 5562 1014 5609 Vs
1116 5561 1147 5610 15
1165 5563 1273 5623 diligens
1291 5576 1339 5611 oua
1357 5562 1380 5609 P

308 5644 339 5695 l'l
357 5660 405 5696 cm.
423 5645 493 5695 PVP
595 5645 626 5696 18
643 5646 798 5707 pruemdentl
815 5648 937 5708 epistulae
953 5648 1065 5697 cohaeret
1083 5651 1110 5697 tu
1127 5647 1204 5712 Pur,
1223 5648 1306 5697 divim
1324 5650 1422 5698 lamus

307 5729 341 5781 22
358 5745 407 5780 om.
426 5731 474 5781 m
576 5730 609 5781 23
628 5746 760 5794 quaererer
778 5732 801 5779 P
903 5733 936 5784 26
954 5740 981 5783 at
999 5734 1119 5783 etabltV
1221 5734 1253 5784 27
1272 5735 1348 5796 legati
1366 5735 1390 5782 P

307 5816 341 5867 29
358 5833 407 5867 orn.
427 5820 469 5867 Vl*
571 5818 601 5867 31
622 5821 701 5868 altV
803 5817 1064 5887 succendendas.
1083 5820 1157 5883 l'32,
1176 5822 1312 5882 pontigano
1331 5819 1442 5884 ΝΜ)
