4686 6472
489 455 613 520 Lxxx
1017 457 1282 515 ossouonocm
1301 431 1600 515 61661661161.

488 685 521 743 61
543 679 677 745 fortasse
700 681 797 744 etiam
820 680 894 746 stilo
917 682 986 747 eins
1010 682 1196 768 conscriptis
1219 683 1420 767 apertissime
1441 674 1560 767 prodit.
1609 683 1823 749 Valentiniani
1845 683 2015 769 imperium
2038 684 2116 749 viris

488 797 680 864 militaribus
702 800 905 884 potissimum
928 800 1132 883 innitebatur,
1159 802 1193 868 iu
1216 810 1361 868 senatum
1384 802 1599 888 suspicionem
1622 808 1655 869 et
1676 802 1863 889 despectum
1885 823 1964 889 prae
1980 822 2016 870 se
2032 804 2118 870 fere-

487 918 558 985 bat:
587 919 761 986 Gratianus
784 921 906 987 ordinis
927 921 1100 1008 privilegia
1121 922 1296 1006 diligenter
1317 922 1578 1006 66616616661313)
1605 930 1702 1007 atque
1723 924 1758 988 iu
1773 923 1880 989 causis
1894 923 1978 990 iuter
1991 923 2117 990 iudices

487 1039 603 1105 ciuiles
633 1048 667 1107 61
696 1042 853 1109 militares
874 1042 987 1109 divisis
1009 1043 1122 1109 civiles
1144 1043 1299 1129 praeferri
1322 1044 1417 1110 iussit
1425 1046 1497 1129 311);
1531 1044 1705 1130 praecipue
1727 1052 1834 1110 antem
1858 1044 1958 1109 nimia
1980 1044 2119 1110 iudicio-

486 1180 556 1225 rum
579 1160 791 1228 criminalium
814 1162 969 1229 seueritas
992 1163 1567 1249 661661661666166111616661111).

574 1280 825 1349 Constitutiones
847 1283 925 1349 illae
948 1284 1067 1350 maiore
1089 1304 1130 1350 ex
1152 1290 1243 1369 parte
1265 1282 1361 1350 datae
1385 1289 1473 1365 suut,
1508 1304 1578 1350 cum
1601 1284 1763 1350 Ausonius
1786 1291 1936 1369 quaestor
1959 1291 2046 1351 esset
2066 1285 2116 1350 le·

485 1420 627 1483 guurque
642 1401 921 1488 concipiendamm
937 1425 1014 1470 cura
1029 1404 1060 1470 ei
1073 1404 1287 1483 incumberet3
1309 1403 1368 1470 sed
1382 1404 1465 1469 inter
1480 1403 1512 1469 d.
1536 1407 1573 1467 12
1590 1404 1719 1490 166111)
1740 1406 1923 1491 61261161.
1941 1425 1972 1470 a.
1992 1406 2112 1488 378111)

486 1520 529 1586 ad
558 1525 677 1586 6616666
705 1525 853 1587 tonorum
882 1524 1118 1610 praefecturam
1148 1524 1308 1610 praetorio
1338 1531 1468 1591 evectus
1498 1533 1548 1590 est
1570 1523 1760 1608 Galliasque
1790 1526 1949 1610 regendas
1977 1526 2112 1610 accepit,

485 1662 557 1707 cum
588 1642 675 1709 filius
705 1644 775 1710 eius
797 1645 974 1730 Hesperius
1001 1645 1068 1710 iam
1097 1646 1170 1730 plus
1200 1666 1295 1730 qnam
1324 1666 1443 1711 annum
1466 1646 1583 1712 ltaliae
1605 1646 1737 1731 illyrico
1760 1646 1890 1714 Africae
1912 1646 2114 1734 praepositus

484 1770 582 1829 esset.
630 1763 688 1829 sed
709 1771 806 1849 poeta
827 1771 936 1831 noster
957 1766 1185 1849 grammaticus
1207 1787 1303 1850 quarn
1326 1766 1566 1832 administrator
1580 1767 1695 1833 melior
1710 1766 1812 1833 fuisse
1826 1767 1964 1848 videtur,
1991 1789 2051 1833 nec
2064 1774 2116 1833 ta-

484 1904 558 1950 men
587 1884 739 1950 sustinuit
766 1884 940 1970 imperator
967 1892 1207 1971 praeceptorem
1237 1887 1356 1953 honore
1386 1887 1526 1972 privare.
1573 1886 1683 1970 itaque
1713 1907 1797 1953 nova
1827 1887 1909 1953 ratio
1932 1888 2115 1971 excogitata

485 2012 549 2085 est,
584 2024 649 2086 qua
674 2025 790 2070 nomeu
820 2006 951 2088 quidem
973 2006 1130 2091 praefecti
1152 2007 1295 2072 Ausonio
1317 2013 1513 2089 remaneret,
1547 2014 1648 2072 totum
1671 2014 1778 2073 autem
1802 2007 2011 2090 magistratus
2033 2028 2115 2072 onus

483 2124 641 2210 Hesperio
662 2125 871 2208 incumberet,
899 2135 932 2193 et
955 2127 1083 2193 Galliae
1105 2147 1177 2192 curn
1193 2127 1290 2193 Italia
1311 2127 1499 2194 coniunctae
1522 2135 1605 2211 sunt,
1632 2128 1678 2194 ita
1700 2135 1735 2193 nt
1757 2127 1994 2214 praefecturam
2018 2149 2113 2193 uuam

485 2244 669 2311 Occidentis
692 2246 858 2313 efficerent
878 2247 1012 2331 imperio
1035 2248 1198 2330 collegiali
1221 2254 1356 2333 epatre
1379 2247 1896 2333 61166666661161611666616118).
1940 2248 2025 2333 quod
2047 2249 2116 2314 fac-

483 2371 550 2430 tum
581 2372 631 2432 est
658 2366 742 2433 inter
771 2386 913 2433 mensem
944 2369 1124 2450 Augustum
1154 2389 1183 2434 a.
1211 2370 1335 2453 378³⁸⁹)
1368 2374 1401 2435 et
1430 2369 1463 2435 6.
1490 2369 1609 2435 616111
1630 2390 1662 2435 a.
1689 2372 1751 2433 379
1764 2372 1830 2451 ³⁷⁰).
1878 2367 1938 2433 sed
1966 2368 2114 2451 quamvis

482 2486 622 2569 negotiis
651 2507 713 2552 nou
742 2508 936 2573 magnopere
966 2495 1116 2553 oneratus
1137 2508 1313 2554 -omnes
1343 2488 1428 2554 enim
1459 2489 1566 2572 leges,
1599 2510 1734 2573 quarum
1763 2489 1987 2573 inscriptiones
2018 2509 2115 2573 prae·

481 2606 582 2672 lectos
604 2607 829 2674 Occidentales
850 2608 1026 2691 nominant,
1053 2630 1118 2674 uua
1140 2609 1211 2675 sola
1232 2616 1370 2694 excepta
1392 2609 1548 2694 Hesperio
1570 2609 1689 2675 missae
1712 2616 1797 2692 sunt,
1828 2615 1937 2694 utpote
1959 2608 2015 2693 qui
2036 2628 2114 2674 exe-

481 2726 601 2793 cutioni
631 2749 741 2795 earum
771 2727 876 2812 magis
905 2728 1042 2795 idoneus
1072 2736 1158 2796 esset
1180 2768 1223 2777 -
1245 2729 1398 2796 honorem
1420 2737 1529 2797 tamen
1551 2730 1636 2796 inter
1658 2750 1801 2797 mensem
1825 2730 2047 2815 Septembrem
2057 2731 2107 2814 371)

482 2855 515 2914 et
542 2848 575 2914 6.
603 2852 621 2913 3
644 2849 812 2916 Decembr.
838 2870 869 2915 a.
896 2853 1018 2933 379311)
1054 2850 1219 2934 deposuit,
1253 2851 1425 2935 statimque
1457 2858 1549 2916 vetus
1578 2852 1637 2917 illa
1666 2851 1749 2917 inter
1778 2850 1905 2916 Gallias
1935 2850 2112 2934 Italiasque

481 2969 597 3036 divisio
618 2971 767 3037 restituta
789 2974 913 3055 661313),
940 2971 1067 3036 etiamsi
1088 2970 1266 3055 Hesperius
1288 2971 1470 3057 praefectus
1493 2978 1646 3037 maneret.

566 3091 655 3156 Vixit
674 3090 837 3156 Ausonius
866 3090 1030 3155 minimum
1059 3091 1104 3155 ad
1129 3111 1249 3157 anuum
1281 3092 1360 3172 366,
1394 3112 1469 3157 narn
1491 3092 1654 3176 Drepanio
1677 3092 1795 3156 Pacato
1825 3090 2021 3176 proconsuli,
2055 3091 2110 3172 qui

480 3216 547 3276 tum
563 3210 705 3277 Africam
727 3211 882 3295 rexit374),
909 3210 1020 3276 ludum
1043 3216 1167 3296 septem
1191 3212 1373 3296 sapientum
1395 3220 1428 3276 et
1449 3211 1727 3297 technopaegnion
1750 3210 1921 3277 dedicavit.
1962 3210 2020 3276 sed
2035 3211 2111 3294 quia

567 3523 625 3587 363)
647 3523 706 3575 666.
728 3524 822 3573 36666.
844 3525 881 3571 lX
900 3524 925 3586 1,
947 3523 993 3585 13,
1014 3523 1057 3586 ³5,
1078 3524 1103 3572 3.

566 3610 625 3669 361)
646 3610 706 3660 (166.
726 3610 818 3660 Τ6666.
841 3612 852 3657 l
873 3610 914 3672 15,
935 3610 959 3660 7.

566 3696 626 3755 366)
649 3696 708 3745 Cod.
730 3696 825 3746 Theod.
846 3697 884 3745 IX
906 3696 928 3757 1,
952 3694 999 3756 13;
1019 3695 1044 3759 6,
1067 3695 1143 3759 1.2;
1166 3695 1258 3757 16,1;
1279 3695 1321 3758 36,
1343 3696 1368 3746 2.
1389 3696 1583 3745 3661666661.
1604 3697 1759 3746 Gothofrcdi.

565 3782 626 3846 366)
645 3783 698 3831 Hoc
715 3783 757 3831 616
776 3783 891 3832 decessor
908 3784 964 3830 eius
982 3783 1101 3829 ultimum
1120 3784 1147 3830 16
1166 3783 1250 3831 codice
1269 3782 1439 3831 Theodosiauo
1457 3788 1676 3845 commemoratur3
1702 3799 1725 3831 r.
1748 3797 1812 3845 quae
1830 3784 1861 3831 66
1880 3785 1956 3846 epist.
1977 3786 1988 3832 l
2007 3782 2106 3833 89-33

477 3870 590 3918 61616166
608 3884 675 3919 sum.
696 3867 704 3870 ”

564 3955 624 4017 361)
645 3954 704 4004 (lod.
726 3954 819 4003 Theod.
841 3954 947 4015 v1115,
968 3953 1010 4003 35.

561 4039 620 4103 368)
642 4040 810 4090 (16166116666
828 4041 858 4089 ad
878 4040 938 4090 God.
960 4041 1052 4090 66666.
1074 4041 1136 4089 x111
1159 4041 1240 4103 1,11.
1271 4043 1410 4105 Ausonius,
1430 4042 1491 4103 qula
1509 4056 1646 4104 numquam
1665 4057 1692 4092 66
1709 4043 1865 4104 praefectum
1883 4045 1924 4091 616
1942 4044 2011 4103 61611,
2031 4058 2106 4092 uriam

474 4132 572 4178 1661616
592 4129 774 4191 praefectorum
792 4129 888 4190 gessit,
912 4128 956 4175 sed
975 4128 1112 4189 duplicem,
1139 4129 1164 4176 id
1182 4134 1222 4177 661
1240 4143 1285 4191 661
1302 4128 1442 4190 provincias
1459 4128 1673 4189 praefecturarum
1692 4129 1798 4177 duarum
1815 4134 1957 4178 extensam.
1994 4131 2039 4178 666
2057 4130 2107 4178 (16·

474 4214 604 4262 166116666
623 4214 787 4262 iamdudum
805 4215 945 4276 perspexit,
965 4215 1009 4262 sed
1028 4215 1158 4276 scriptores
1175 4216 1327 4263 recentiores
1345 4227 1428 4276 66666
1447 4215 1595 4262 refellerunt
1614 4227 1697 4276 neque
1715 4221 1881 4276 agnoverunt.

560 4299 619 4363 369)
640 4302 769 4349 Ausonius
788 4300 883 4349 Gallias
901 4302 966 4348 solas
983 4301 1187 4362 administrabat,
1214 4315 1263 4362 quo
1281 4307 1394 4363 tempore
1412 4301 1442 4348 66
1461 4301 1619 4349 consulatum
1637 4300 1785 4360 designatus
1804 4307 1844 4349 est
1863 4302 1938 4363 (6161.
1958 4307 2006 4350 661.
2028 4301 2052 4362 8,
2073 4302 2106 4351 16

476 4391 553 4448 eperat
570 4391 594 4434 et
609 4400 656 4447 666
672 4401 711 4434 mc
728 4391 824 4447 6661166
841 4401 911 4435 66666
928 4389 1041 4435 omnium
1061 4386 1210 4448 (1611166661,
1231 4402 1339 4449 quorum
1354 4386 1479 4447 praesecto
1498 4386 1561 4435 lone
1580 4386 1791 4451 honorificentiam
1808 4387 1945 4449 6611611161
1968 4403 2043 4451 66661
2061 4389 2106 4437 66-

474 4487 559 4522 661616
578 4472 711 4521 Gratianus
729 4474 756 4520 lu
774 4478 960 4537 praeceptorem
978 4474 1099 4533 66616111,
1125 4488 1183 4521 cum
1202 4474 1288 4523 Sirmii
1306 4479 1391 4533 ageret
1410 4474 1437 4535 (l.
1456 4473 1479 4522 l.
1500 4472 1525 4535 6,
1545 4471 1600 4535 12),
1627 4474 1691 4522 hauc
1709 4479 1793 4522 autem
1812 4476 1898 4522 urbem
1918 4475 2105 4523 initiamentis

474 4560 584 4618 Augusti
603 4560 731 4620 ingressus
750 4564 797 4610 661.
837 4561 921 4609 dmm.
940 4559 1030 4608 XXXI
1051 4558 1090 4619 ll,
1112 4559 1137 4608 6.

560 4647 620 4707 316)
641 4646 700 4695 (lod.
721 4647 815 4696 Theod.
836 4647 900 4695 Xlll
920 4645 944 4708 1,
966 4644 1006 4695 11.

562 4731 621 4795 371)
641 4734 823 4782 Praefecturam
842 4735 975 4795 retinebat,
998 4748 1053 4781 curu
1073 4734 1207 4794 gratiarum
1225 4734 1347 4781 actionem
1365 4733 1540 4795 pronuntiavit
1562 4732 1595 4794 12,
1617 4731 1669 4795 11).
1708 4747 1772 4795 6666
1790 4734 1875 4781 666116
1893 4741 1931 4781 661
1949 4735 1977 4784 in
1995 4737 2105 4783 sacrario

474 4822 610 4880 imperialia
628 4820 724 4868 6666611
745 4818 778 4880 (1,
801 4817 825 4879 2)
846 4821 899 4867 slve
917 4821 944 4867 lu
963 4820 1087 4867 auditorio
1105 4834 1173 4868 sucro
1196 4819 1245 4879 (16,
1266 4819 1320 4880 15),
1341 4821 1358 4867 1.
1379 4834 1402 4867 6.
1422 4821 1450 4867 16
1469 4821 1616 4868 consistorio
1634 4821 1771 4882 principis,
1793 4825 1820 4867 61
1837 4816 1891 4866 1661
1910 4820 2027 4881 quidem,
2048 4834 2104 4868 cum

473 4906 608 4955 Gratianus
628 4906 721 4955 Gallias
743 4908 792 4953 iam
815 4906 945 4965 ingressus
970 4905 1096 4967 6161)18,
1117 4905 1174 4967 82),
1201 4906 1247 4954 666
1267 4906 1382 4954 Treviros
1406 4907 1516 4954 noudum
1541 4908 1660 4967 pervenit
1680 4905 1714 4966 (7,
1736 4904 1768 4953 31
1787 4904 1909 4952 6611666611
1927 4906 2105 4967 6661666661-

473 4991 752 5040 1666666161666166-
773 4991 871 5040 Treveri
887 4995 1007 5053 6616661616
1025 4992 1138 5054 6661611616
1155 4996 1178 5039 et
1195 5005 1262 5039 moa
1281 5007 1350 5040 cum
1368 4994 1437 5053 1666
1455 4997 1589 5039 auctore
1605 4990 1785 5051 beneficii).
1819 4993 1953 5053 imperator
1966 4989 1990 5037 d.
2009 4989 2039 5039 19
2051 4992 2106 5038 Au·

473 5081 542 5139 gnati
562 5079 672 5127 8661661
692 5078 801 5140 (Butam)
822 5080 911 5138 agebat
929 5080 955 5126 in
975 5080 1068 5127 itinere
1086 5092 1117 5126 ex
1137 5078 1211 5126 Italia
1229 5079 1255 5125 16
1275 5077 1381 5125 Galliam
1404 5077 1472 5136 (God.
1493 5078 1586 5126 Theod.
1610 5077 1644 5124 VI
1662 5077 1704 5140 36,
1720 5077 1735 5125 3
1754 5092 1811 5125 6661
1830 5078 1914 5125 adnot.
1936 5076 2103 5137 (1616611661),

472 5166 496 5215 6.
520 5164 634 5228 118661.
654 5165 702 5212 1616
721 5165 830 5213 Treviris
849 5170 902 5213 erat
926 5165 996 5225 [(166.
1018 5164 1110 5213 16666.
1131 5164 1241 5227 111113,
1262 5162 1314 5225 12).
1353 5165 1429 5212 616116
1448 5165 1525 5224 igitur
1543 5165 1632 5226 primis
1650 5164 1745 5212 mensis
1765 5163 1919 5225 Septembris
1937 5163 2027 5210 616666
2045 5176 2104 5224 pro-

473 5254 589 5301 nuntiata
613 5258 661 5301 661.
699 5266 748 5313 666
771 5266 828 5299 6661
852 5258 961 5313 tempore
986 5252 1115 5311 congruit,
1142 5251 1208 5312 quod
1225 5250 1365 5310 designatio
1383 5251 1514 5298 consulum
1534 5252 1559 5298 iu
1579 5263 1672 5298 aunum
1692 5249 1742 5297 386
1760 5250 1871 5298 noudum
1891 5250 2102 5307 66166161661611

473 5352 556 5400 usque
580 5339 648 5386 euim
672 5339 745 5387 aliter
763 5339 905 5402 Ausonius,
931 5352 988 5387 cum
1013 5338 1104 5386 multos
1121 5338 1279 5399 imperatoris
1298 5339 1444 5386 consulatus
1464 5352 1491 5385 ae
1509 5351 1609 5399 sperare
1628 5338 1721 5384 diceret
1740 5336 1776 5397 (6,
1799 5334 1847 5397 25;
1870 5334 1910 5395 18,
1931 5334 1989 5395 83),
2015 5335 2047 5383 66
2065 5349 2102 5395 eo,

473 5427 518 5486 qul
536 5438 602 5473 auno
619 5426 731 5487 proximo
749 5426 852 5473 1616166
870 5429 934 5486 6161,
954 5424 1085 5472 tacuisset.

560 5510 620 5573 312)
640 5511 692 5559 1166
710 5512 753 5559 616
770 5524 899 5559 successor
917 5512 972 5558 elus
991 5512 1206 5558 commemoratur.
1244 5524 1266 5556 r.
1288 5508 1318 5556 ad
1337 5522 1376 5570 ep.
1398 5510 1436 5557 IIl
1455 5508 1568 5558 13-15.

560 5595 619 5657 313)
641 5596 702 5646 (lod.
725 5597 819 5645 Theod.
840 5597 878 5645 Xl
899 5596 939 5657 16,
963 5594 993 5644 12
1011 5595 1063 5643 661.
1083 5595 1108 5644 6,
1131 5593 1256 5643 1861611.
1275 5609 1297 5642 a.
1320 5593 1379 5643 386.
1417 5594 1457 5641 Ad
1480 5598 1561 5642 616661
1584 5596 1750 5643 clericaturam
1767 5599 1790 5641 61
1808 5593 1938 5641 inlustrem
1953 5593 2108 5661 praesectum

470 5685 594 5744 6661616616
613 5682 703 5730 ltaliae
721 5686 812 5743 6661616
828 5686 981 5744 pometum
998 5687 1024 5730 et
1042 5697 1067 5743 q.
1088 5696 1108 5730 6.

559 5766 619 5828 311)
641 5769 701 5816 666.
723 5769 815 5818 Theod.
836 5769 965 5829 11121.
