4736 6478
948 531 1063 588 LIBER
1081 530 1131 588 VI.
1793 534 1854 599 155

233 720 315 787 bunc
344 721 528 807 scrupulum
551 721 692 789 reiciatis
714 722 880 789 admoneo.
928 743 1003 788 nam
1026 730 1058 790 et
1080 723 1161 789 meis
1183 723 1298 789 litteris
1321 725 1423 790 multa
1446 730 1557 790 curata
1579 732 1668 807 sunt,
1703 733 1736 791 et
1757 724 1855 810 profi·
1878 725 1989 790 PVM

233 824 425 891 oiscentibus
449 825 557 892 datum
580 827 743 909 negotium
766 835 832 910 est,
866 833 901 892 ut
923 826 1042 893 aemuli
1065 827 1252 894 obtrectatio
1274 827 1461 912 repellatur.
1507 848 1606 913 quare
1628 848 1775 895 curarum
1797 849 1856 895 va-

232 928 283 994 cui
304 929 393 1012 agite
416 929 515 995 ouum
538 952 662 1014 meque,
690 938 725 996 ut
746 930 853 997 facere
876 930 1065 1015 dignamini,
1091 930 1279 1016 scriptomm
1301 930 1496 997 adsiduitate
1518 932 1672 998 refovete.
1718 932 1803 998 vale.

922 1205 998 1271 VIII
1028 1228 1058 1272 a.
1079 1209 1164 1273 398⁶?

202 1365 214 1403 a
685 1343 946 1411 SYMMAOHVS
972 1344 1234 1411 NICOMACHIS
1258 1345 1396 1411 FILHS.

315 1514 473 1582 Redditae
504 1523 577 1582 snut
605 1515 698 1582 nobis
728 1514 854 1581 litterae
884 1524 1029 1597 vestrae,
1061 1538 1132 1583 cum
1154 1518 1189 1583 in
1212 1517 1371 1585 Ostiensis
1394 1519 1466 1583 viae
1490 1519 1624 1603 septimo
1648 1518 1849 1602 degeremus,

229 1626 261 1685 et
287 1620 362 1685 ilico
393 1639 451 1704 per
480 1619 646 1684 inlustrem
677 1618 778 1683 vnum
802 1618 955 1685 vicarium
979 1620 1079 1704 petitu
1103 1642 1174 1687 meo
1196 1628 1338 1687 actorum
1361 1622 1516 1706 processit
1538 1620 1646 1688 editio.
1694 1622 1753 1687 sed
1775 1642 1855 1707 puer

228 1730 333 1789 vester
361 1723 551 1788 inconsultis
580 1731 676 1805 atque
700 1721 920 1805 ignorantibus
943 1723 1035 1789 nobis
1058 1725 1134 1789 urbe
1158 1724 1325 1807 discessit,
1355 1732 1391 1790 ut
1412 1733 1462 1792 cst
1485 1726 1588 1792 servis
1610 1725 1781 1792 familiaris
1803 1726 1854 1790 in-

228 1828 382 1912 probitas.
422 1835 530 1893 vestra
554 1830 584 1889 ia
606 1846 704 1890 mann
728 1832 787 1905 est,
814 1833 919 1891 utrnm
944 1827 1004 1892 boc
1026 1827 1162 1894 inultum
1187 1848 1259 1895 esse
1274 1828 1455 1913 patiamini.
1494 1829 1617 1896 interea
1631 1829 1730 1895 liliam
1746 1849 1851 1894 meam

183 1950 209 1990 ro
227 1930 340 1996 iactari
369 1930 544 1996 instaurato
575 1929 728 2013 languore
759 1949 822 1994 non
851 1929 951 1996 siluit.
999 1931 1089 1996 cuius
1117 1932 1221 1998 nuntii
1249 1933 1366 1998 vulnus
1394 1934 1460 1999 alte
1485 1933 1599 1999 incidit
1621 1932 1743 2018 pectori
1764 1951 1846 2012 meo,

227 2053 286 2099 nec
308 2033 488 2102 abolebitur
510 2040 632 2115 metus,
658 2033 722 2097 nisi
743 2039 854 2098 mutua
877 2034 1049 2119 scriptione
1072 2034 1168 2101 fidem
1192 2036 1339 2102 sanitatis
1362 2036 1432 2102 eius
1454 2056 1618 2122 accepero.
1665 2035 1763 2100 facite
1785 2034 1849 2118 igi-

226 2145 286 2220 tur,
313 2157 367 2202 oro
388 2156 456 2220 vos,
483 2144 519 2203 ut
540 2136 741 2203 formidinem
763 2155 868 2203 meam
891 2137 1046 2204 securitas
1069 2139 1212 2224 protinus
1234 2146 1396 2225 reportata
1419 2148 1601 2207 commutet.
1648 2141 1732 2206 vale.

985 2415 1090 2480 VIIII.

621 2637 625 2644 .
680 2550 939 2616 SYMMAOHVS
966 2550 1231 2618 NIOOMAOHIS
1254 2553 1392 2618 FILIIS.
1873 2554 1906 2616 P

179 2742 207 2784 rs
312 2722 425 2790 Frater
446 2742 537 2790 meus
560 2723 755 2790 Censorinus
778 2723 819 2790 de
842 2722 977 2788 confinio
1001 2722 1192 2789 Baianorum
1216 2726 1444 2809 praetoriorum
1467 2725 1725 2808 conquestionem
1747 2733 1853 2810 temp-

223 2834 270 2894 tat
297 2828 433 2910 iterare,
467 2848 562 2911 quam
588 2827 701 2893 didicit
723 2827 877 2893 interme
901 2832 933 2892 et
953 2833 1077 2893 actores
1098 2827 1158 2892 filii
1182 2829 1245 2894 mei
1268 2829 1456 2914 Pompeiani
1477 2829 1598 2895 dudum
1621 2848 1693 2894 esse
1715 2828 1848 2919 finitam.

225 2931 362 2997 adhibiti
391 2952 529 3016 namque
551 2931 749 3016 inspectores
772 2951 879 3012 muro,
913 2929 966 3013 qui
989 2931 1074 2996 inter
1095 2931 1195 2997 aedes
1217 2953 1238 2997 a
1260 2953 1382 2999 summo
1404 2940 1510 2999 monte
1533 2931 1716 3016 descendit,
1749 2931 1850 2997 dividi

224 3037 294 3102 loca
316 3042 426 3101 nostra
448 3035 613 3115 dixerunt;
647 3054 781 3118 quorum
802 3032 956 3098 iudicium
981 3054 1082 3099 novus
1105 3054 1271 3120 possessor
1292 3035 1393 3101 credit
1414 3055 1510 3121 posse
1532 3033 1682 3101 rescindi.
1728 3053 1849 3115 quaeso

222 3139 331 3222 igitur,
356 3137 500 3205 adhibito
523 3138 631 3204 Felice
654 3136 756 3202 amico
779 3142 886 3202 nostro
909 3143 941 3202 et
963 3137 1096 3203 Castore
1118 3138 1185 3203 veri
1208 3138 1327 3204 arbiter
1348 3158 1421 3205 esse
1444 3138 1597 3223 digneris,
1624 3143 1657 3204 et
1678 3135 1847 3202 sanctitate

176 3259 205 3301 ro
223 3250 279 3308 tna
306 3262 414 3308 coram
436 3243 543 3307 locuta
564 3240 670 3305 inanis
692 3239 902 3325 adtemptatio
925 3240 1154 3324 conprimatur.
1202 3241 1335 3323 dehinc,
1371 3262 1442 3309 cum
1465 3242 1557 3308 fratri
1579 3262 1650 3307 meo
1674 3240 1849 3307 Censorino

223 3345 415 3412 satisfecerit
440 3344 634 3431 praeteritae
662 3343 868 3410 iudicationis
890 3344 1048 3423 adsertio,
1082 3352 1157 3411 tuno
1179 3344 1268 3430 operi
1291 3345 1360 3412 eius
1383 3352 1416 3411 et
1436 3345 1655 3411 molitionibus
1676 3343 1768 3409 novis
1791 3343 1850 3409 de·
1922 3372 1926 3381 ·

222 3471 290 3515 cem
320 3457 442 3515 tantum
473 3447 591 3535 pedum
621 3447 705 3513 ultra
732 3446 882 3512 aedificia
910 3467 970 3513 sna
1000 3447 1201 3532 permittatur
1229 3448 1382 3532 adiectio,
1415 3449 1462 3514 ita
1491 3456 1526 3514 ut
1553 3448 1691 3533 partium
1715 3446 1795 3512 lines
1817 3453 1850 3512 et

223 3553 340 3638 placito
364 3553 603 3638 conprehensus
625 3550 783 3617 adsensus
807 3557 840 3616 et
862 3551 1053 3616 constructio
1076 3551 1244 3618 interiecto
1266 3552 1472 3618 discriminet.
1520 3551 1604 3616 vale.

939 3827 971 3892 X
999 3847 1031 3892 a.
1051 3830 1125 3893 398.

173 3983 203 4026 rs
676 3964 935 4031 SYMMACHVS
962 3964 1227 4032 NICOMACHIS
1249 3965 1388 4031 FILIIS.

309 4140 451 4222 Rogatus
480 4158 553 4205 esse
581 4156 639 4203 nos
668 4137 764 4203 audio
793 4137 836 4204 ad
863 4136 1004 4203 officium
1032 4137 1210 4203 consulare.
1257 4138 1337 4203 mibi
1366 4137 1529 4222 quiescere
1555 4143 1589 4203 et
1609 4135 1694 4202 domi
1716 4156 1846 4202 manere

222 4242 382 4308 sententia
404 4248 548 4327 estpost
569 4241 644 4306 anni
666 4240 840 4326 superioris
862 4241 1022 4319 laborem3
1056 4239 1126 4325 ipse
1148 4239 1225 4324 quid
1248 4246 1389 4321 suum,
1415 4241 1512 4306 altius
1535 4239 1641 4323 cogita
1662 4246 1695 4305 et
1716 4239 1846 4325 sapien-

220 4353 269 4411 ter
291 4344 451 4432 expcnde.
497 4364 667 4431 praesumo
689 4351 795 4410 autern
819 4363 892 4427 eos,
918 4343 972 4428 qui
995 4344 1143 4409 dicuntur
1164 4342 1267 4424 acciti,
1293 4343 1482 4410 ancmritate
1504 4342 1661 4429 praecelsi
1684 4342 1743 4407 viri
1766 4342 1846 4408 ede-

221 4456 364 4516 cumatos
386 4468 459 4515 esse
481 4456 513 4514 et
535 4448 586 4513 bis
608 4447 850 4512 unanimitatem
872 4446 1127 4512 tuam-consulto
1150 4465 1223 4513 esse
1246 4446 1409 4529 sociatam,
1436 4456 1471 4513 ut
1492 4446 1535 4512 ad
1556 4445 1702 4530 agendas
1723 4446 1844 4530 gratias

174 4569 203 4611 oo
221 4554 279 4618 sub
302 4551 470 4619 occasione
492 4551 589 4617 officii
611 4550 789 4616 consularis
812 4569 973 4617 excurras.
1014 4550 1190 4616 verendum
1212 4557 1318 4616 autem
1343 4558 1400 4629 est,
1427 4571 1468 4616 ne
1491 4550 1519 4615 si
1542 4549 1760 4616 excusandum
1782 4569 1844 4633 pu-

220 4656 355 4737 taveris,
389 4654 526 4741 proximi
547 4654 694 4739 rescripti
716 4652 937 4739 impetratione
960 4651 1101 4719 videaris
1124 4654 1283 4729 offensus3
1317 4660 1349 4719 et
1371 4652 1524 4735 fortasse,
1554 4659 1708 4736 quantum
1731 4651 1771 4717 de
1793 4651 1844 4717 in-

220 4760 315 4825 certis
337 4778 469 4843 sperare
491 4757 542 4823 fas
564 4765 631 4835 cst,
657 4776 744 4823 error
764 4756 844 4839 iste,
870 4776 942 4821 cum
964 4756 1102 4822 feliciter
1122 4755 1284 4836 adfueris,
1315 4758 1499 4841 corrigetur.
1546 4755 1725 4841 Hispanum
1748 4774 1843 4837 roga-

220 4871 287 4928 tum
309 4882 382 4929 esse
404 4882 466 4927 non
490 4860 629 4946 conpari.
670 4859 837 4926 considera
859 4859 957 4943 igitur
979 4866 1128 4926 eventum
1147 4860 1248 4944 partis
1264 4859 1439 4943 utriusque.
1479 4879 1540 4942 ego
1555 4858 1661 4925 denno
1677 4858 1839 4941 nuntiabo,

219 4965 347 5050 siquid
368 4964 547 5050 snperhoc
569 4984 672 5030 novae
694 4963 884 5048 cognitionis
906 4963 1091 5030 accesserit.
1137 4964 1222 5029 vale.

221 5141 424 5150 -—-....-—.-.--
464 5143 529 5149 -...
556 5142 630 5149 --—-

305 5244 395 5294 lnam
414 5258 428 5293 o
446 5245 552 5292 meisl'
653 5243 770 5297 dtfouete
792 5242 839 5292 VM

304 5331 386 5381 bom.
413 5330 462 5379 VM
582 5329 751 5379 bhostlensis
771 5328 821 5377 Pu
940 5328 1028 5377 lmen
1049 5328 1081 5390 (m
1100 5331 1128 5376 to
1144 5326 1249 5388 ros.)P
1367 5323 1440 5394 orn]
1459 5327 1495 5389 M,
1515 5343 1564 5377 om.
1585 5328 1630 5375 VP
1731 5328 1840 5375 multum

222 5416 313 5468 Vim.
433 5416 464 5465 10
482 5417 610 5465 laetariV
721 5412 857 5483 lslgoroP
969 5414 1041 5463 siluit
1062 5413 1097 5475 (ui
1115 5417 1143 5463 in
1159 5414 1222 5474 roo.)
1243 5414 1266 5461 P
1376 5415 1472 5475 nuntiis
1492 5414 1521 5473 P,
1542 5413 1689 5462 nnnoiIsV
1799 5414 1840 5461 iu-

219 5504 396 5553 cedltle.
421 5503 447 5564 V,
467 5502 562 5551 Insedit
580 5502 609 5549 M
725 5501 753 5552 fl
775 5497 864 5567 Igitur]
883 5500 983 5561 ergoV
1097 5499 1127 5549 12
1146 5496 1234 5567 ut]ad
1257 5500 1348 5548 Vlm.
1455 5500 1513 5547 nale
1531 5512 1578 5548 om.
1598 5500 1625 5559 V,
1646 5501 1755 5561 uqultur
1773 5499 1842 5546 tnl'

222 5570 276 5649 vir,
290 5590 333 5652 aa,
355 5591 382 5637 a·
402 5588 430 5635 n
450 5588 570 5650 v11‚as,·
587 5589 696 5650 rerum
714 5587 786 5636 sora
803 5588 860 5636 tarr
878 5587 999 5650 prauus
1016 5588 1043 5634 a
1059 5591 1163 5649 oropo
1179 5584 1260 5634 soora
1278 5585 1447 5634 saturantur

305 5675 335 5725 19
354 5670 392 5741 et]
410 5675 557 5723 nabarros
661 5673 694 5723 20
712 5676 848 5722 conlocuti
869 5672 974 5734 le.,
998 5684 1079 5720 coram
1095 5673 1173 5721 locata
1191 5671 1286 5721 Pam.
1393 5671 1544 5733 edomptrtlo
1561 5671 1655 5720 le.
1762 5669 1794 5719 23
1813 5676 1840 5718 et
1908 5706 1917 5721 .

217 5775 265 5810 orn.
281 5761 326 5809 Pl
341 5776 376 5809 m.

302 5846 335 5897 29
353 5846 446 5895 sociata
465 5845 559 5896 le.

1575 5946 1631 5997 20·
