4716 6476
497 491 559 553 266
1097 486 1291 543 SYMMACHI
1310 485 1521 544 EPISTVLAE

440 680 478 738 Π
498 686 581 758 tum,
614 676 773 742 defectum
803 696 916 742 cursus
939 676 1059 760 publici
1082 684 1114 742 et
1135 677 1289 742 brumalis
1311 677 1393 743 lucis
1416 677 1598 760 angustias:
1634 696 1739 741 nonne
1762 677 1840 741 mibi
1863 684 1937 743 ante
1960 677 2121 744 kalendas

495 779 663 844 Ianuarias
692 779 817 843 futurus
844 786 915 844 erat
941 779 1048 845 irritus
1075 780 1180 861 labor,
1215 788 1272 845 ant
1300 779 1628 864 pest.inverecundia
1653 830 1832 844 .......
1858 786 1996 847 ventus?
2040 781 2121 847 baec

495 903 549 947 oro
578 890 627 963 te,
662 902 765 964 aequo
793 880 899 946 animo
926 931 1132 947 ........
1158 882 1340 967 pronuntiet
1362 883 1524 949 amicitiae
1545 888 1672 948 nostrae
1695 883 1798 948 bonus
1819 889 1931 948 auctor
1952 902 2026 949 esse
2048 882 2122 966 dig-

496 985 593 1049 naris.
641 1005 678 1048 eo
701 984 808 1049 animo
830 984 1058 1068 interpretare,
1092 1006 1175 1067 qnae
1197 986 1266 1050 inre
1288 985 1436 1067 adstrue,
1471 1006 1534 1067 quc
1557 985 1696 1069 rogasti,
1730 1005 1789 1050 nec
1810 985 2009 1071 propositum
2032 993 2122 1051 tuum

497 1087 641 1153 deseres.
688 1087 776 1151 solus
799 1088 882 1152 enim
907 1087 1045 1171 benigne
1068 1088 1209 1153 creditur
1230 1086 1418 1168 advocasse,
1444 1088 1498 1169 qni
1520 1087 1726 1153 excusatione
1748 1107 1812 1152 non
1834 1085 1984 1154 laeditur.
2142 1108 2154 1147 a

1115 1345 1500 1428 mmmmam.

583 1516 686 1582 Multa
707 1539 759 1582 me
782 1517 886 1598 gratia
907 1516 1066 1596 nexuisti,
1100 1523 1225 1581 etcum
1248 1516 1406 1600 prioribus
1430 1515 1544 1580 officiis
1566 1515 1631 1581 tuis
1653 1515 1762 1580 adbuc
1783 1515 1938 1581 solvendo
1961 1537 2024 1582 non
2047 1516 2118 1598 sim,

497 1621 602 1685 denno
625 1619 715 1685 aliud
738 1639 845 1704 posco,
871 1618 956 1702 quod
979 1618 1127 1683 debeam.
1175 1619 1285 1683 consul
1308 1637 1358 1684 me
1381 1618 1600 1703 amplissimos
1622 1616 1777 1701 auspiciis
1800 1617 1930 1683 honoris
1952 1618 2003 1683 sui
2024 1618 2118 1684 inter·

497 1742 569 1788 csse
591 1722 766 1808 praecepit,
793 1722 882 1787 euius
905 1722 1021 1787 litteris
1044 1728 1099 1786 tua
1120 1742 1246 1805 quoquc
1268 1722 1406 1787 accessit
1428 1719 1539 1786 oratio.
1587 1720 1667 1785 baec
1689 1726 1724 1785 nt
1746 1726 1879 1786 venturo
1902 1720 2037 1786 honesta
2060 1728 2119 1803 est,

497 1825 541 1890 ita
571 1825 739 1891 excusanti
770 1825 976 1890 vehementer
1006 1844 1151 1889 onerosa.
1199 1824 1258 1889 sed
1287 1831 1343 1890 tua
1368 1823 1514 1907 aequitas
1537 1822 1762 1888 verecundiam
1786 1843 1890 1888 meam
1914 1844 1998 1888 vana
2020 1823 2123 1889 felici·
2143 1845 2169 1885 ro

497 1933 563 1993 tate
593 1926 764 1993 relevabit:
797 1927 853 1992 ille
885 1932 919 1992 ut
949 1927 991 1991 sit
1017 1926 1164 2011 placatus
1194 1925 1356 2007 adnitere,
1388 1925 1440 1991 eui
1470 1946 1521 1991 me
1551 1925 1651 1991 tristis
1677 1925 1717 1990 de
1740 1925 1837 1991 fratre
1859 1945 1954 1992 casus
1976 1934 2118 1992 excusat.

456 2031 475 2090 2
498 2051 571 2095 nam
596 2028 673 2095 mihi
698 2038 790 2114 turpe
813 2034 909 2111 atque
931 2028 1098 2113 inpetibile
1121 2036 1169 2094 est
1191 2028 1334 2094 adtonito
1356 2029 1462 2094 animo
1484 2034 1517 2094 et
1539 2028 1641 2095 fronte
1664 2034 1787 2094 maesta
1809 2029 1912 2094 laetos
1934 2028 2025 2094 adire
2048 2049 2123 2094 con-

498 2140 624 2199 ventus.
670 2132 749 2214 quid
771 2132 928 2198 fortunam
952 2152 1057 2197 meam
1080 2133 1204 2213 deceat,
1231 2152 1384 2215 agnosce,
1411 2152 1482 2197 eum
1506 2153 1570 2213 qua
1592 2130 1687 2196 nimis
1709 2132 1937 2198 contumaciter
1958 2132 2041 2216 agit,
2069 2133 2123 2215 qui

499 2242 637 2318 eccepto
660 2235 793 2300 vulnere
816 2235 924 2301 statim
947 2235 1045 2300 miser
1066 2256 1138 2300 esse
1161 2235 1354 2301 dissimulat.
1402 2235 1430 2300 si
1451 2235 1552 2313 iusta,
1587 2234 1615 2299 si
1639 2235 1840 2317 necessaria,
1874 2235 1903 2299 si
1930 2256 2007 2300 vera
2029 2256 2123 2321 prae-

498 2336 677 2416 tendimus,
709 2336 821 2418 iacitc,
856 2357 926 2417 cro,
959 2344 993 2402 ut
1022 2345 1087 2401 tam
1118 2346 1264 2422 prompta
1294 2338 1390 2403 venia
1419 2338 1566 2420 ignoscat
1587 2337 1755 2402 absentiae
1778 2357 1886 2416 meae,
1921 2358 2017 2421 quam
2040 2338 2123 2403 bona
2144 2359 2170 2397 rs

499 2439 690 2520 adfectione,
717 2445 751 2505 ut
773 2459 951 2524 pergerem,
977 2439 1161 2523 postulavit.

1178 2695 1445 2779 cmmmm

449 2873 482 2933 F
586 2871 683 2935 Recta
706 2869 867 2935 Caecilius
890 2868 1044 2946 comicus,
1076 2867 1195 2947 bomo,
1227 2867 1346 2948 inquit,
1377 2866 1516 2932 bomini
1545 2867 1636 2933 deus
1665 2875 1735 2948 est,
1767 2868 1799 2933 si
1823 2888 1928 2933 suum
1951 2868 2122 2934 officinm

501 2973 606 3037 sciat.
654 2972 736 3037 hanc
758 2992 819 3054 ego
840 2972 875 3035 in
896 2977 928 3036 te
952 2970 1087 3036 dixerim
1112 2969 1303 3035 contendam
1326 2970 1505 3052 convenire,
1532 2969 1588 3053 qui
1611 2970 1741 3054 †gratia
1763 2978 1819 3036 tua
1839 2970 1873 3035 in
1892 2971 2009 3037 nostris
2024 2992 2123 3056 nege

500 3074 554 3139 tiis
577 3093 683 3138 euram
707 3074 838 3157 vigilem
860 3073 1061 3158 praestitisti.
1108 3072 1184 3138 hinc
1205 3072 1240 3137 in
1261 3080 1369 3138 nostro
1392 3079 1519 3157 pectore
1542 3074 1711 3154 memoria,
1738 3074 1810 3138 laus
1832 3073 1866 3138 in
1888 3094 1943 3140 ore
1965 3081 2119 3157 versatur,
2142 3094 2171 3134 ao

500 3177 614 3242 necin
638 3176 822 3261 praesentia
843 3175 936 3241 medo
959 3175 1050 3243 floret
1072 3176 1149 3242 facti
1171 3183 1203 3242 ct
1226 3175 1323 3242 studii
1345 3175 1392 3241 tui
1414 3176 1532 3259 gloria,
1567 3175 1625 3241 sed
1652 3183 1686 3241 ut
1708 3196 1798 3242 mens
1821 3184 1974 3260 augurat,
2008 3172 2124 3245 aeunni

458 3280 634 3363 ivigebit.
680 3279 834 3364 prolixior
855 3279 992 3362 agendis
1015 3279 1128 3363 gratiis
1152 3298 1254 3345 sermo
1277 3279 1374 3345 etiam
1397 3299 1481 3345 nunc
1503 3286 1702 3363 conpeteret,
1732 3279 1766 3345 ni
1788 3300 1932 3363 vererer,
1966 3300 2006 3346 ne
2029 3281 2125 3346 simul

500 3389 598 3448 totum
621 3381 732 3447 videar
753 3382 963 3467 expendisse,
996 3382 1080 3465 quod
1104 3382 1217 3448 debeo.
1264 3382 1424 3467 inpatiens
1447 3388 1497 3448 est
1518 3383 1643 3467 accepti
1665 3383 1830 3465 beneficii,
1863 3384 1920 3466 qui
1941 3403 2027 3450 nexu
2051 3404 2124 3468 pro-

501 3492 594 3569 perat
622 3485 768 3567 liberari,
801 3505 861 3550 nce
889 3484 1016 3550 videtur
1045 3490 1188 3550 mutuam
1218 3505 1349 3570 operam
1377 3485 1472 3569 quasi
1502 3486 1624 3551 amicus
1653 3485 1817 3571 accipere,
1851 3486 1879 3551 si
1901 3485 2063 3552 erubescit
2082 3486 2124 3551 ad

504 3608 622 3651 moram
648 3587 782 3671 gratiae.
831 3586 896 3651 alia
925 3588 988 3652 mei
1010 3587 1132 3671 ingenii
1154 3587 1234 3653 ratic
1256 3594 1321 3653 est:
1356 3588 1514 3672 pecuniae
1536 3588 1630 3654 fenus
1652 3590 1797 3655 accelero
1819 3590 2020 3674 persolvere,
2053 3588 2125 3655 offi-
2142 3608 2171 3649 aa

503 3691 623 3755 ciorum
647 3690 734 3756 vices
757 3691 813 3756 dio
836 3696 911 3774 opto
934 3690 1063 3756 debere.
1111 3690 1195 3755 vale.

1082 3947 1545 4028 mwmanamr

449 4126 485 4184 Π
591 4120 709 4199 Mones,
738 4126 772 4185 ut
793 4138 895 4200 aequo
918 4118 1024 4182 animo
1047 4116 1148 4183 feram
1172 4118 1224 4184 vel
1247 4119 1445 4184 aemulorum
1469 4119 1554 4185 facta
1576 4120 1711 4205 inproba
1733 4122 1785 4186 vel
1807 4120 2007 4204 ingratorum
2030 4121 2125 4188 sceda

503 4221 641 4286 decreta.
683 4221 831 4286 convenit
851 4242 923 4285 cum
947 4221 1053 4286 studio
1077 4228 1173 4303 atque
1195 4220 1326 4304 ingenio
1348 4229 1456 4287 nostro
1478 4222 1602 4287 consilii
1621 4224 1668 4287 tui
1681 4223 1830 4306 qualitas.
1872 4223 1992 4288 nullius
2007 4225 2125 4309 quippe

503 4330 569 4389 tam
592 4323 766 4389 vehemens
788 4324 931 4405 nequitia
953 4332 1012 4405 est,
1039 4330 1073 4388 nt
1096 4330 1180 4389 motu
1205 4344 1275 4388 mec
1298 4323 1397 4406 digna
1419 4324 1470 4390 sit.
1518 4346 1560 4390 an
1582 4345 1644 4407 ego
1666 4325 1753 4390 istud
1775 4326 1876 4391 feram
1899 4327 2044 4405 moleste,
2069 4327 2124 4410 qui
2143 4348 2171 4388 ao

503 4427 645 4491 noverim
667 4426 888 4492 Marcellorum
919 4434 1123 4493 monumenta
1150 4427 1278 4492 sublata
1300 4428 1398 4493 Verre
1420 4434 1566 4510 praetore
1589 4433 1621 4494 et
1642 4428 1796 4494 Marianis
1818 4429 1982 4512 trophaeis
2004 4450 2125 4514 nequa-

590 4614 621 4666 ts
639 4613 744 4669 Caecil.
764 4612 817 4684 frg.
839 4633 866 4670 v.
886 4617 936 4667 264
954 4613 1094 4670 Ribbeck.

591 4910 601 4958 1
624 4910 740 4958 kalendas
758 4907 898 4976 lanuarias]
920 4912 1017 4967 (irater,
1038 4910 1070 4959 lsl.
1092 4913 1148 4960 lou.
1172 4911 1215 4969 [Π
1218 4914 1224 4972 l
1334 4912 1359 4961 2.
1380 4914 1394 4961 3
1413 4913 1519 4961 locanes
1537 4912 1630 4962 indicat
1650 4912 1714 4974 (11),
1734 4926 1779 4960 nec
1797 4914 1875 4973 aptat
1895 4911 1931 4973 (Γ
1934 4916 1952 4973 l,
1972 4915 2125 4962 inuerecun-

503 4999 556 5045 dior
574 4997 697 5046 aduentus
716 4997 811 5045 larana
1158 5054 1162 5059 .

590 5082 810 5132 cleronomus
943 5081 973 5131 111
992 5079 1068 5148 urna]
1087 5080 1117 5141 Γ,
1139 5096 1198 5130 uera
1217 5085 1268 5143 (Ill
1404 5083 1431 5132 11
1453 5081 1577 5149 adnitere]
1595 5085 1732 5145 Scioppius,
1754 5085 1886 5132 admittere
1904 5081 1934 5143 Γ,
1955 5085 2052 5133 enitere
2071 5086 2123 5148 {II}

507 5168 534 5218 ll
556 5166 673 5235 excepto]
692 5170 831 5230 Scioppius,
852 5175 878 5216 et
896 5175 966 5231 cepto
985 5167 1015 5227 Γ,
1035 5174 1135 5230 accepto
1155 5170 1207 5228 (Π)
1318 5169 1347 5218 15
1365 5169 1424 5229 sort.
1445 5184 1522 5232 prona
1540 5169 1680 5218 adlectione

593 5254 623 5304 18
641 5256 784 5318 ceciliusd',
805 5256 936 5303 cacellinus
952 5253 995 5315 (Γ)
1106 5254 1135 5303 19
1154 5270 1211 5316 ergo
1225 5254 1260 5303 l'2
1364 5257 1442 5317 gratia
1460 5262 1503 5303 tua
1521 5252 1560 5321 in]
1576 5255 1638 5315 (II),
1658 5254 1744 5302 cm.F
1848 5253 1968 5322 negotiis]
1985 5257 2076 5305 oisselia
2091 5254 2125 5304 s2

505 5342 537 5390 20
555 5341 616 5390 bole
633 5343 656 5388 F
662 5341 670 5377 ¹
808 5345 907 5403 pectore
925 5346 1008 5389 nostro
1028 5337 1062 5386 Fi
1200 5348 1284 5390 nostra
1301 5339 1337 5389 12²
1476 5347 1574 5403 pectore
1591 5355 1640 5389 om.
1660 5337 1698 5387 1¹²²
1844 5340 1874 5390 21
1896 5338 1953 5408 uec]
1973 5342 2034 5391 baec
2052 5340 2093 5389 F!

504 5411 679 5493 modo]1bs2
771 5422 823 5492 tul]
834 5424 881 5488 1¹³,
901 5439 949 5475 orn.
965 5422 1027 5473 Μ
1119 5425 1223 5494 wunm]
1241 5424 1382 5476 exindeF³
1485 5426 1518 5476 22
1536 5423 1686 5487 uigebatF²
1784 5423 1873 5493 etlam]
1891 5428 1950 5489 qula
1962 5433 1989 5475 et
2001 5425 2124 5485 Niara,

503 5515 564 5576 quia
581 5515 656 5562 etiam
676 5510 798 5575 mm,
819 5512 884 5575 quod
905 5509 942 5558 F³
1054 5513 1102 5560 nisi
1123 5511 1183 5560 Fid
1295 5527 1382 5562 uetere
1400 5513 1435 5561 1³¹
1551 5510 1838 5562 casertanensem
1951 5512 1983 5563 24
2002 5512 2062 5573 sert.
2081 5514 2126 5575 qni

505 5600 631 5648 erubescit
751 5597 783 5647 25
802 5598 853 5647 alia
870 5594 930 5664 mei]
948 5599 1057 5646 alearum
1076 5597 1113 5647 Fi
1233 5600 1329 5660 ingenii
1347 5601 1397 5648 met
1416 5596 1452 5646 Fi
1571 5604 1612 5647 est
1629 5599 1692 5648 ratlo
1710 5595 1747 5645 ΡΒ
1868 5598 1901 5649 26
1919 5604 1977 5661 opto
1994 5599 2039 5648 dln
2056 5595 2094 5646 Fi

505 5685 560 5733 nale
578 5699 626 5734 cm.
643 5682 679 5732 si

592 5769 624 5818 28
644 5784 728 5818 mones
745 5796 781 5807 -
796 5785 822 5831 p.
843 5769 902 5830 267,
925 5769 934 5818 1
956 5773 1097 5833 pepercisse
1115 5786 1162 5819 om.
1180 5771 1201 5816 F
1300 5766 1465 5835 ingratorum]
1485 5768 1540 5831 (Γ),
1561 5774 1684 5829 gratorum
1705 5769 1736 5817 Π
