4736 6478
1097 479 1294 536 stitutum
1310 478 1520 535 EPISTVLAE

1177 843 1272 910 xvrr
1291 843 1435 928 arm).

955 999 1213 1066 sruurorrvs
1235 999 1497 1066 uroorraoms
1520 998 1659 1066 rmus,

585 1173 736 1240 Amicitia
757 1171 872 1238 animis
894 1193 956 1239 non
979 1172 1073 1238 annis
1096 1172 1296 1252 aestimatur;
1322 1172 1411 1238 rudis
1434 1172 1532 1256 igitur
1553 1172 1612 1239 tibi
1636 1193 1743 1239 eorum
1758 1193 1822 1238 norr
1836 1172 1985 1239 rideatur
1999 1190 2115 1256 aspec-

500 1284 568 1358 tus,
601 1297 734 1360 quorum
757 1276 790 1341 in
811 1285 843 1342 te
867 1277 972 1342 cultus
993 1296 1134 1342 annosus
1157 1283 1216 1342 est.
1263 1276 1324 1341 hoc
1346 1296 1384 1342 eo
1407 1283 1549 1361 spectat,
1576 1282 1611 1342 ut
1631 1276 1758 1342 noveris
1779 1275 1974 1342 Auxentium
1997 1281 2030 1341 et
2050 1272 2120 1339 Ma-

500 1381 623 1446 rianum
645 1380 728 1446 filios
750 1400 838 1446 meos
860 1379 1111 1465 pudentissimos
1133 1380 1267 1445 iuvenes
1288 1379 1371 1445 inter
1392 1379 1575 1445 laudatores
1597 1386 1668 1445 tuos
1689 1380 1760 1446 loco
1782 1380 1887 1465 priore
1910 1378 2045 1461 censeri,
2071 1387 2156 1445 art-⁵

500 1504 562 1567 que
590 1470 664 1549 ideo
693 1504 757 1549 non
786 1482 1025 1566 cognoscendos
1052 1503 1135 1549 novo
1165 1483 1272 1565 aditu,
1306 1483 1363 1548 sed
1392 1483 1509 1548 amoris
1540 1483 1669 1550 foedere
1693 1490 1724 1549 et
1745 1484 1899 1567 religione
1921 1482 2118 1549 recolendos.

499 1607 585 1652 nuno
612 1587 679 1653 illis
702 1586 924 1672 proficiscendi
946 1586 1064 1652 adtulit
1085 1606 1216 1652 oausam
1238 1586 1432 1652 medicorum
1457 1594 1569 1652 coactu
1591 1587 1748 1671 imperata
1769 1586 1901 1652 curatio.
1948 1606 2023 1651 nam
2047 1586 2122 1651 Sta-

500 1690 571 1756 bias
599 1690 646 1756 ire
675 1689 875 1773 desiderant,
910 1698 944 1757 ut
973 1689 1127 1773 reliquias
1154 1692 1269 1774 longae
1298 1690 1513 1774 aegritudiuis
1542 1690 1713 1755 armentali
1743 1691 1826 1756 lacte
1849 1690 2030 1773 depellant:
2065 1689 2121 1755 sed

502 1793 653 1858 maiorem
682 1792 828 1859 iudicant
854 1793 888 1857 in
916 1799 970 1858 tuo
999 1813 1172 1878 congressu
1203 1812 1274 1859 esse
1304 1792 1507 1858 medicinam.
1554 1793 1612 1859 tibi
1640 1792 1738 1876 igitur
1767 1792 1992 1876 adsignabitur
2014 1813 2121 1858 eorum

502 1896 634 1979 sanitas,
661 1895 688 1960 si
711 1896 861 1963 remediis
883 1896 1053 1963 herbarum
1076 1898 1251 1963 salubrium
1275 1897 1416 1963 fomenta
1437 1896 1645 1980 benignitatis
1668 1896 1836 1961 adieceris.
1884 1896 1968 1961 vale.
2142 1919 2174 1958 ro

1038 2172 1148 2238 xvru
1169 2174 1312 2257 (armi)
1347 2172 1453 2239 nieme
1474 2174 1584 2258 sasso.

423 2331 487 2393 Pr
957 2326 1216 2393 srrruaoavs
1242 2326 1505 2394 nroouuoffls
1527 2326 1666 2392 araus,

589 2499 714 2566 Castori
745 2504 854 2565 nostro
888 2499 931 2565 ad
959 2500 1168 2585 Campaniam
1196 2500 1368 2566 revertenti
1397 2499 1536 2582 largiora
1564 2499 1718 2565 mandata
1747 2500 1787 2566 de
1817 2499 1999 2567 domesticis
2029 2499 2124 2565 rebus

504 2623 599 2686 quam
622 2603 741 2686 scripta
763 2602 990 2669 commisimus.
1030 2604 1123 2688 plura
1144 2603 1243 2687 igitur
1265 2605 1395 2669 auribus
1417 2624 1513 2685 quam
1535 2602 1671 2668 lectione
1694 2605 1844 2670 noscetis.
1882 2605 1994 2670 horum
2018 2603 2125 2687 plera-

503 2706 631 2790 quoad
654 2712 772 2772 statum
793 2705 955 2791 pertinent
976 2707 1113 2791 patriae,
1141 2728 1236 2790 quam
1260 2706 1386 2772 defectu
1409 2706 1632 2772 alimentorum
1656 2707 1798 2789 graviter
1819 2708 2017 2777 laborantem
2040 2705 2124 2790 peri-
2145 2728 2172 2769 ra

504 2810 645 2876 culosum
669 2816 719 2876 est
739 2810 928 2892 inhabitare,
954 2810 1087 2896 impium
1111 2818 1143 2876 et
1165 2811 1293 2877 crudele
1315 2811 1475 2876 deserere.
1522 2810 1606 2875 vale.

1119 3085 1245 3152 xvim
1265 3087 1346 3172 (xx)
1382 3107 1412 3191 ι.
1433 3090 1507 3151 aar.

959 3241 1218 3308 sruurorrvs
1243 3241 1508 3308 urcourours
1530 3241 1668 3307 amus

591 3413 751 3479 Germano
773 3413 935 3497 Taburni,
961 3414 1012 3480 cui
1034 3435 1086 3480 me
1108 3413 1229 3479 auxilio
1252 3395 1330 3480 esse‘
1347 3413 1514 3497 voluistis,
1540 3415 1635 3480 etiam
1659 3414 1918 3489 mmmmm
1934 3414 2124 3498 adfuissem,

506 3516 533 3582 si
561 3537 669 3582 eorum
698 3518 916 3602 praesentiam
945 3516 1010 3582 fors
1033 3517 1192 3597 dedisset,
1226 3537 1305 3600 quos
1328 3538 1370 3582 ex
1391 3537 1451 3582 usu
1475 3517 1545 3582 eius
1567 3519 1705 3602 oportuit
1727 3518 1901 3585 conveniri.
1948 3517 2129 3583 satisfaciat
2148 3538 2176 3580 ro

504 3620 604 3704 igitur
625 3620 827 3687 unanimitati
850 3626 977 3686 vestrae
999 3621 1125 3686 animus
1148 3640 1250 3701 meus,
1277 3620 1403 3686 etiarnsi
1426 3621 1491 3687 voti
1514 3620 1690 3687 efficaciam
1713 3621 1845 3704 negavit
1866 3628 2012 3687 eventus.
2058 3621 2128 3705 ipse

506 3722 612 3789 adhuc
632 3723 797 3789 invalidus
820 3724 878 3790 sed
900 3722 964 3788 iam
987 3723 1210 3809 praefatadffl‘
1232 3724 1327 3790 venia
1348 3724 1595 3790 convalescendi
1618 3744 1749 3790 securus
1772 3725 1855 3790 haec
1876 3724 1996 3806 scribo,
2023 3730 2129 3789 tanto-

506 3847 567 3909 que
596 3826 701 3910 magis
728 3826 868 3910 adsurgo
898 3825 1036 3908 viribus,
1069 3833 1187 3909 quanto
1215 3827 1294 3892 milri
1324 3827 1510 3894 celeriorem
1540 3827 1720 3893 sanctitatis
1742 3834 1869 3893 vestrae
1892 3827 2030 3893 reditum
2054 3846 2129 3910 spes

507 3929 613 3996 vicina
634 3929 799 4014 promittit.
847 3930 931 3995 vale.

1138 4206 1498 4291 mfflww

962 4360 1221 4449 sruurouvs
1247 4361 1511 4428 uroourcms
1534 4361 1672 4427 amus,

593 4534 722 4600 Dudum
753 4533 923 4600 sanitatem
951 4533 1038 4600 filiae
1060 4555 1152 4600 meae
1174 4535 1369 4618 integratam
1391 4554 1464 4600 esse
1487 4535 1715 4620 rescripseras,
1750 4554 1824 4599 mox
1847 4535 2054 4617 sequentibus
2076 4534 2130 4600 lit-

448 4629 456 4645 '
507 4638 584 4703 teris
607 4636 815 4704 sollicitudini
837 4643 964 4704 nostrae
985 4637 1161 4703 recidivum
1184 4638 1332 4704 aculeum
1355 4638 1538 4704 subdidisti.
1586 4636 1746 4704 conflictor
1766 4637 1865 4721 igitur
1887 4637 1999 4704 nuntio
2020 4658 2131 4705 receu-

507 4741 598 4825 tiore,
624 4742 700 4824 quia
722 4740 827 4824 magis
848 4741 984 4807 adversa
1009 4740 1188 4807 creduntur.
1237 4748 1371 4825 expecto
1394 4742 1500 4825 anxie,
1527 4748 1563 4807 ut
1584 4742 1612 4807 si
1634 4741 1710 4826 quid
1732 4741 1807 4806 boni
1829 4740 1899 4807 dies
1922 4741 2057 4824 adtulit,
2081 4743 2132 4807 irr-

509 4844 633 4910 dioetis.
680 4845 714 4909 in
748 4865 785 4910 eo
813 4850 938 4925 autem,
974 4845 1059 4927 quod
1088 4864 1145 4909 vos
1176 4843 1339 4911 discessus
1369 4853 1476 4910 noster
1505 4846 1683 4929 excruciat,
1721 4845 1866 4911 habitum
1896 4866 1986 4912 meae
2015 4845 2132 4911 mentis
2150 4866 2180 4908 uo

509 4966 667 5031 agnosco;
701 4949 760 5015 sed
787 4949 894 5014 adhuc
917 4947 1087 5014 desideriis
1109 4948 1227 5014 mutuis
1249 4955 1393 5034 praestat
1414 4949 1550 5015 suadere
1572 4948 1760 5034 patientiam
1782 4969 1878 5033 quam
1902 4949 2132 5033 paenitendum

509 5051 632 5136 aliquid
654 5071 713 5136 per
734 5051 976 5117 inbecillitatem
998 5051 1189 5117 adfectionis
1212 5052 1319 5117 ordiri.
1367 5073 1441 5118 mox
1463 5074 1537 5119 cum
1558 5072 1731 5136 germanus
1754 5060 1828 5118 tuus
1851 5052 1891 5118 de
1913 5053 2073 5138 proximo,
2097 5059 2133 5117 ut

509 5155 569 5238 ais,
603 5161 752 5239 speratus
780 5154 936 5237 adfuerit,
970 5162 1003 5222 et
1028 5155 1156 5222 felicem
1186 5156 1278 5221 vobis
1301 5162 1334 5222 et
1355 5156 1568 5222 necessarium
1592 5156 1729 5225 reditum
1753 5154 1948 5222 dividendae
1970 5156 2053 5222 inter
2075 5175 2133 5220 vos

509 5258 741 5325 communionis
763 5278 863 5324 causa
884 5258 1071 5343 praestabit.
1565 5255 1567 5261 ’

596 5537 723 5587 Βειιὶιιιίε
749 5551 799 5587 aon
826 5535 912 5606 anuis]
941 5537 1005 5602 (Π),
1035 5540 1126 5587 anlmls
1154 5538 1185 5602 P,
1213 5538 1254 5587 ud
1280 5541 1343 5587 tuter
1369 5540 1449 5588 lineos
1476 5540 1582 5601 quiaque
1608 5538 1659 5602 fere
1685 5540 1781 5589 litterae
1801 5540 1908 5603 (diuisi)
1934 5552 2020 5589 mooe
2043 5545 2100 5589 aaut

511 5624 617 5673 aflectus
639 5623 730 5672 Pam.
838 5623 853 5674 8
871 5620 1009 5689 [sciderant
1027 5625 1050 5672 P
1152 5625 1306 5687 asgltudlrrts
1326 5624 1349 5671 P

600 5710 630 5760 12
648 5724 697 5759 om.
718 5710 741 5757 F
844 5709 875 5760 13
893 5711 986 5773 pastori
1004 5712 1027 5757 F
1127 5711 1158 5761 de
1176 5713 1321 5762 domesticis
1339 5713 1414 5760 rebus
1432 5712 1588 5760 mandator·
1691 5711 1722 5761 15
1740 5713 1772 5761 ds
1791 5714 1854 5762 tacto
1873 5712 1967 5762 le.

599 5795 632 5845 22
650 5798 744 5844 securis
763 5797 785 5844 P
799 5799 810 5843 l
823 5812 857 5845 m.
