4716 6476
528 489 591 552 212
1127 492 1324 549 8Υ1111ΑοΗ1
1341 492 1553 550 EPISTVLAE

439 677 511 739 PV
529 677 662 761 spectio.
709 677 794 744 bunc
816 680 844 745 si
866 681 1061 748 unanimitas
1084 688 1191 748 vestra
1213 688 1288 748 ante
1310 703 1372 747 non
1395 682 1518 765 didicit,
1544 682 1698 749 iodicium
1721 703 1826 749 meum
1850 693 1961 758 secuta
1983 685 2146 770 suscipiat,

528 778 556 844 si
586 798 646 845 usu
676 780 784 862 aliquo
812 781 879 847 iam
907 784 1065 868 probavit,
1103 804 1242 867 quaeso,
1275 791 1311 850 ut
1338 785 1387 850 illi
1412 785 1511 851 honor
1532 786 1706 852 testimonii
1728 786 1792 851 mei
1815 786 1963 853 conciliet
1985 786 2073 872 apud
2095 808 2150 854 vos

528 882 645 948 amoris
667 891 884 966 augmentum.

1256 1180 1424 1248 CXXlIll.

1168 1334 1227 1398 AD
1249 1335 1511 1400 PATRVINVM.
2169 1361 2181 1399 s

613 1503 793 1568 Amicorum
816 1504 926 1569 liberis
949 1506 1022 1570 usui
1044 1525 1116 1571 esse
1139 1506 1305 1586 debemus,
1332 1507 1415 1589 quod
1439 1507 1565 1572 etiamsi
1587 1508 1658 1593 ipse
1680 1510 1848 1589 nescirem,
1875 1518 1929 1576 tuo
1953 1511 2100 1594 exemplo
2121 1519 2152 1575 et

526 1605 703 1670 imitatione
732 1605 926 1672 didicissem.
974 1607 1017 1673 ad
1047 1609 1129 1674 banc
1152 1609 1342 1675 senteutiam
1364 1610 1517 1693 pertinet,
1550 1610 1605 1693 qui
1627 1612 1686 1677 tibi
1709 1612 1832 1677 litteras
1856 1612 2030 1678 exhibebit.
2080 1611 2152 1676 inn-

527 1707 613 1790 gitur
640 1714 748 1774 antem
777 1709 892 1774 militia
920 1710 954 1774 in
984 1710 1109 1776 scriniis
1132 1712 1320 1778 litteramm.
1367 1712 1419 1777 cui
1442 1713 1520 1777 satis
1543 1713 1615 1798 opis
1638 1720 1670 1779 et
1694 1715 1859 1780 felicitatis
1882 1715 2028 1796 eveniet,
2062 1715 2089 1779 si
2110 1715 2151 1781 ad

527 1810 709 1875 clientelam
732 1812 1012 1897 splendidissimae
1035 1813 1147 1878 domus
1169 1821 1243 1881 tuae
1266 1814 1418 1879 meruerit
1439 1815 1619 1899 pervenire.

1276 2106 1406 2172 dxxv.

412 2256 514 2318 PVF
1169 2260 1226 2324 AD
1249 2261 1510 2326 PATRVINVM.

615 2428 825 2495 Athanasium
847 2430 941 2496 bonis
962 2431 1085 2496 artibus
1108 2431 1230 2496 clarum
1252 2432 1396 2497 securius
1419 2453 1528 2499 amare
1551 2434 1657 2519 coepi,
1683 2441 1852 2518 postquam
1875 2433 1916 2499 de
1939 2454 1978 2500 eo
2000 2433 2152 2499 iudicium

450 2530 512 2592 VF
528 2536 616 2596 tuum
637 2532 641 2616 Ι
662 2532 801 2616 conperi.
849 2554 968 2617 magna
990 2533 1076 2598 enim
1098 2533 1326 2618 praerogativa
1349 2542 1415 2614 est,
1449 2535 1611 2620 placuisse
1634 2537 1783 2622 sapienti.
1830 2557 1929 2619 quare
1952 2534 2153 2603 commenda-

527 2633 612 2700 tione
635 2634 705 2700 eius
728 2634 889 2714 abstineo,
917 2655 956 2701 ne
979 2635 1102 2701 minora
1124 2635 1286 2716 adieram,
1313 2657 1409 2719 quam
1431 2638 1489 2702 tibi
1512 2638 1606 2704 credo
1629 2639 1751 2705 sentiri.
1797 2639 1857 2704 illa
1879 2659 1955 2724 pars
1977 2639 2055 2704 mihi
2079 2659 2152 2723 pro-

528 2735 597 2802 nior
620 2737 708 2803 dictu
730 2746 797 2819 est,
831 2743 866 2803 ut
888 2757 977 2804 ames
1000 2737 1032 2803 in
1057 2759 1094 2804 eo
1117 2758 1226 2823 spem,
1259 2760 1353 2823 quam
1378 2739 1515 2822 dedisti,
1547 2740 1712 2823 addasque
1735 2742 1882 2808 inchoato
1904 2740 2060 2808 beneficio
2081 2763 2154 2826 per-
2174 2764 2200 2803 rs

529 2838 710 2906 tectionem.
757 2859 852 2924 quam
876 2841 905 2906 si
926 2841 1044 2923 aliquis
1067 2849 1200 2908 eventus
1224 2841 1366 2924 eluserit,
1393 2843 1496 2926 effice,
1523 2864 1577 2910 oro
1600 2851 1643 2927 te,
1668 2844 1790 2911 maiora
1811 2844 2022 2930 praestando,
2050 2849 2085 2909 ut
2105 2844 2154 2909 illi

530 2942 644 3027 prioris
666 2943 732 3008 voti
754 2944 855 3028 prosit
876 2943 1018 3010 amissio.

1140 3237 1278 3302 CXXVI
1307 3258 1337 3303 a.
1357 3242 1541 3302 sor-402.

1171 3391 1230 3455 AD
1252 3391 1513 3456 PATRVINVM.

615 3559 687 3624 Non
717 3580 834 3625 norum
856 3568 953 3644 atque
974 3562 1200 3646 intemptatum
1223 3561 1266 3627 ad
1288 3570 1321 3627 te
1343 3562 1447 3627 refero
1470 3565 1683 3647 postulatum,
1717 3564 1776 3630 sed
1798 3564 1884 3648 quod
1906 3564 2068 3647 ingestum
2090 3564 2153 3629 tuis
2172 3583 2201 3625 ro

528 3662 660 3727 auribus
681 3682 904 3746 recognoscas.
947 3664 1091 3729 inlustris
1114 3665 1286 3730 memoriae
1309 3665 1370 3730 viri
1393 3666 1498 3730 Rufini
1521 3666 1718 3751 expraefecti
1739 3666 1810 3732 urbi
1833 3666 1918 3731 filias
1939 3672 2076 3751 paterna
2097 3664 2155 3731 ad-

529 3764 665 3830 fectione
693 3764 846 3847 defendo,
884 3787 1019 3850 quarum
1050 3767 1255 3833 solitudinem
1286 3789 1343 3852 per
1371 3760 1448 3851 vos,
1479 3769 1596 3852 quibus
1625 3770 1705 3855 reip.
1737 3791 1815 3836 cura
1842 3777 1909 3852 est,
1942 3776 2015 3854 opto
2046 3767 2152 3851 tutari,

530 3874 563 3933 et
590 3867 664 3934 ideo
693 3877 837 3947 precator
865 3869 1001 3951 accedo,
1034 3877 1069 3936 ut
1098 3869 1253 3954 quidquid
1279 3871 1386 3936 clarae
1409 3872 1539 3954 quidem
1563 3873 1622 3939 sed
1644 3872 1839 3939 miserabilis
1862 3872 1976 3938 domus
1998 3891 2078 3936 usus
2099 3892 2154 3938 ex-

530 3970 646 4053 egerit,
681 3971 769 4037 facili
795 3972 1017 4056 impetratione
1040 3981 1233 4039 mereantur.
1282 3993 1334 4038 res
1356 3994 1493 4057 namque
1516 3976 1584 4041 illis
1606 3983 1656 4042 est
1677 3997 1736 4061 per
1758 3975 1909 4060 Apuliam
1931 3996 1994 4040 non
2016 3981 2083 4040 tam
2106 3994 2155 4039 re

530 4072 598 4138 ditu
621 4074 731 4157 ampla
751 4094 848 4157 quam
870 4095 981 4140 censu.
1027 4074 1108 4141 baec
1130 4076 1192 4140 nisi
1217 4076 1369 4141 bonorum
1392 4076 1533 4142 indicum
1556 4076 1706 4143 fulciatur
1727 4077 1862 4157 auxilio,
1890 4077 2029 4162 publicis
2051 4077 2155 4142 onen'-
2172 4095 2201 4136 ru

529 4178 590 4242 bus
618 4174 706 4241 fessa
735 4177 932 4242 subcumbet.
979 4178 1051 4262 opis
1078 4178 1176 4262 igitur
1205 4185 1280 4243 tuae
1311 4178 1460 4244 levamen
1489 4186 1654 4264 expectat,
1688 4200 1802 4264 meque
1829 4180 1889 4245 tibi
1910 4179 2035 4263 gratiae
2057 4177 2153 4244 faciet

531 4278 718 4359 debitorem,
745 4279 774 4344 si
796 4280 889 4363 gravi
911 4300 1007 4346 onere
1029 4281 1199 4427 inclr'rprtas
1221 4281 1372 4346 salutaris
1395 4280 1545 4347 defensor
1566 4284 1717 4349 erexeris.

1014 4370 1104 4443 pesse
1132 4383 1177 4427 tto

619 4572 630 4620 1
652 4573 673 4621 sl
691 4588 740 4623 om.
762 4573 784 4620 P
912 4577 1031 4626 ruinius
1048 4577 1095 4625 Pl
1109 4594 1142 4625 m.
1276 4574 1372 4644 uestra]
1390 4579 1470 4625 uestri
1489 4578 1511 4624 P
1642 4590 1690 4626 non
1710 4577 1831 4626 didictum
1851 4589 1934 4624 ursum
1955 4576 1982 4637 V,
2003 4590 2053 4625 uon
2072 4577 2155 4624 didicit

529 4659 645 4708 lumdfim
667 4659 716 4721 (stc)
739 4675 822 4709 meum
835 4659 866 4721 Γ,
886 4663 921 4710 cit
938 4662 992 4709 iudi
1012 4664 1038 4710 ta
1055 4666 1135 4723 spatio
1153 4668 1211 4711 unte
1230 4678 1308 4711 vocuo
1325 4666 1409 4712 relicto
1426 4666 1509 4725 suppl.
1525 4663 1547 4710 P
1557 4668 1570 4711 1
1585 4678 1619 4712 m.
1726 4667 1826 4712 secutum
1844 4662 1864 4708 V
1964 4660 1980 4710 2
2000 4663 2058 4710 uisu
2074 4660 2119 4723 (Pl

530 4741 656 4811 probauit]
673 4759 725 4805 epo,
746 4748 875 4806 probatum
897 4748 923 4808 V,
945 4762 1114 4796 ssssssssss
1135 4748 1156 4795 P

616 4831 700 4880 tom.
719 4832 739 4877 V
841 4832 1010 4883 domitorum
1028 4861 1063 4870 -
1080 4834 1202 4882 debemus
1221 4836 1248 4882 in
1265 4848 1315 4883 rat.
1336 4833 1359 4881 P
1461 4835 1476 4880 tt
1496 4835 1621 4894 pertinere
1644 4834 1663 4879 V

618 4917 644 4966 li
667 4930 716 4966 om.
734 4919 777 4965 Vl*
892 4918 922 4967 12
941 4933 1044 4967 securus
1063 4919 1087 4965 F
1197 4906 1268 4968 indm
1286 4910 1340 4970 tdm
1359 4921 1390 4980 P,
1410 4935 1470 4969 corr.
1492 4922 1508 4966 2
1525 4935 1577 4977 m.‚·
1597 4933 1659 4980 qaue
1676 4924 1813 4980 sequuntur
1830 4921 1975 4966 mutassent
1992 4922 2098 4978 exeeptis
2116 4920 2155 4965 to-

530 5004 586 5050 teris
605 5002 657 5050 bis:
679 5002 709 5052 15
728 5005 744 5051 b
764 5040 770 5053 .
787 5040 818 5053 ..
841 5003 872 5054 to
889 5018 955 5053 enen
974 5041 981 5054 .
997 5042 1004 5054 .
1022 5041 1029 5055 .
1048 5011 1133 5067 presta
1151 5040 1158 5054 .
1176 5041 1205 5054 ..
1229 5004 1258 5054 lt
1278 5007 1315 5054 slo
1428 5003 1458 5052 tt
1477 5002 1535 5069 tibi]
1559 5004 1584 5064 V,
1605 5009 1630 5051 to
1651 5004 1671 5049 F
1774 5000 1877 5070 sentiri]
1894 5018 1947 5064 epo,
1968 5006 2061 5054 sentiro
2085 5004 2125 5050 VF

530 5092 586 5148 pris
607 5088 633 5148 (t.
653 5103 675 5136 e.
695 5090 814 5149 praestas)
838 5091 859 5135 V
995 5090 1027 5140 15
1045 5087 1128 5157 dictu]
1146 5090 1267 5152 saluom,
1288 5092 1383 5140 dictum
1409 5091 1450 5136 Vi'
1570 5086 1761 5156 perfectionem]
1781 5089 1896 5151 lrypsiaa
1917 5091 2097 5152 protectionem
2119 5089 2158 5135 VF

533 5172 563 5222 16
581 5174 625 5235 qul
643 5174 665 5221 si
683 5174 761 5235 aliqui
784 5175 804 5220 V
1923 5232 1925 5235 Ι

619 5258 649 5307 ts
667 5275 715 5310 ona
735 5261 767 5322 V,-
786 5261 844 5309 bose
860 5265 929 5322 epist.
950 5277 1034 5311 revera
1051 5263 1084 5310 od
1097 5263 1245 5310 Patruianm
1264 5265 1354 5323 scripta
1371 5267 1415 5321 eet,
1435 5266 1518 5322 utpote
1537 5262 1579 5322 qai
1597 5275 1675 5308 comes
1688 5276 1709 5307 s.
1723 5261 1741 5308 t.
1756 5262 1847 5322 suerin
1867 5266 1999 5321 supersunt
2012 5260 2154 5309 arana:

534 5344 564 5392 19
582 5345 612 5393 sd
632 5381 637 5393 .
655 5380 662 5393 .
679 5381 685 5394 .
705 5345 737 5395 20
757 5347 809 5396 Nou
830 5362 900 5397 nou.
917 5385 923 5397 .
940 5350 1012 5397 ‚fero
1029 5354 1104 5411 postu
1199 5348 1229 5398 21
1250 5349 1329 5408 snrib3
1350 5348 1536 5396 recu...rise
1555 5347 1604 5393 uiri
1622 5347 1665 5394 rui
1682 5382 1688 5393 .
1707 5381 1735 5394 ..
1756 5347 1922 5408 lisspsterns
1940 5362 1999 5396 s..
2017 5383 2023 5395 .
2044 5346 2077 5396 22
2095 5360 2155 5407 qus·

530 5445 585 5478 rum
609 5432 747 5480 solitudine
769 5446 859 5500 p...
879 5440 919 5481 est
937 5461 969 5469 —
988 5440 1014 5482 et
1035 5433 1062 5481 ld
1081 5470 1087 5482 .
1104 5470 1133 5481 ..
1154 5433 1187 5482 23
1206 5442 1235 5482 ut
1251 5459 1286 5470 -
1303 5434 1367 5481 clare
1386 5448 1419 5495 qu
1440 5468 1446 5480 .
1464 5467 1492 5480 ..
1513 5432 1573 5479 bilis
1590 5458 1625 5467 —
1642 5445 1735 5492 exeger
1754 5467 1760 5479 .
1778 5467 1806 5481 ..
1827 5431 1860 5481 tt
1878 5435 2020 5494 patratione
2045 5446 2155 5481 moresn-

530 5525 571 5565 tur
589 5530 601 5563 r
620 5553 626 5566 .
643 5552 672 5567 ..
693 5524 733 5565 est
750 5532 846 5578 per-
862 5519 945 5566 reditu
964 5532 1021 5578 susp
1040 5554 1045 5565 .
1062 5555 1092 5568 ..
1113 5518 1146 5568 25
1164 5533 1293 5568 censu-
1310 5519 1423 5567 iudicum
1442 5519 1470 5566 io
1490 5554 1496 5565 .
1515 5554 1521 5565 .
1538 5552 1544 5565 .
1564 5517 1660 5565 auxillo
1676 5544 1711 5553 -
1729 5519 1879 5567 subcumbet
1999 5517 2029 5567 21
2052 5518 2156 5567 illustris

529 5603 665 5652 memoriae
685 5602 749 5665 (Π),
769 5599 973 5669 lssflsflsssslrlse
993 5604 1021 5665 P,
1042 5606 1053 5651 ῑ
1072 5606 1126 5653 firte
1148 5606 1172 5666 (i
1193 5619 1214 5654 e.
1234 5607 1262 5653 in
1282 5606 1375 5665 mente)
1401 5604 1421 5648 V
1521 5598 1589 5668 urbi]
1609 5602 1672 5665 (Π),
1700 5605 1769 5651 urbis
1791 5604 1810 5650 V
1918 5603 1951 5652 23
1970 5612 2085 5665 precatus
2106 5604 2125 5651 V

530 5689 632 5750 quidem
649 5684 705 5753 sed]
724 5688 783 5750 (Π),
811 5689 911 5753 quidsi
934 5688 955 5736 V
1091 5688 1124 5743 26
1143 5692 1208 5739 irum
1230 5691 1251 5741 V
1386 5702 1468 5755 nsque
1487 5688 1538 5752 (H)
1680 5688 1712 5741 27
1732 5686 1875 5764 inclinatas]
1892 5702 1943 5755 epo,
1975 5689 2076 5739 uinctus
2095 5690 2152 5753 (11),

530 5777 616 5823 iuncto
639 5775 660 5825 V
