4744 6476
724 505 746 559 1.
767 503 965 560 LAVDA'l'IO
983 504 1023 559 IN
1041 502 1359 560 VALENTINIANVM
1379 504 1401 559 Ι.
1812 511 1874 573 319

251 699 326 759 ante
349 691 496 760 fortunae
519 713 653 759 munera
675 693 773 758 totins
796 693 907 759 mundi
930 694 1080 779 exempla
1103 694 1280 779 sumpsisti.
1321 714 1421 777 quare
1444 714 1502 760 seu
1523 694 1557 758 in
1580 693 1755 780 Aethiopas
1778 702 1874 778 utque

250 796 348 862 Indos
378 803 489 863 contm
518 803 685 862 externum
717 796 851 862 militem
881 798 948 862 solo
974 798 1082 863 calore
1111 797 1250 864 munitos
1283 796 1393 864 felicia
1415 797 1509 880 signa
1532 798 1722 881 contuleris,
1757 797 1876 865 frustra

249 901 292 966 ad
320 907 507 967 aestuantes
537 919 684 965 recessus
710 900 723 983 ΙΙ
749 914 799 962 aut
816 908 923 962 turrim
941 912 1019 962 asna
1046 900 1059 985 ΙΙ
1086 899 1273 984 confugient
1301 936 1343 948 -
1373 900 1434 967 oito
1464 902 1549 966 enim
1578 908 1734 968 terrarum
1762 902 1875 968 talium

249 1004 396 1070 dominus
425 1005 504 1084 eris,
539 1002 594 1086 qui
616 1002 682 1067 vim
710 1002 851 1068 siderum
874 1023 938 1069 non
960 1002 1089 1069 timebis
1111 1027 1170 1083 —;
1204 1024 1263 1070 reu
1285 1004 1318 1069 in
1341 1004 1492 1088 Scythiae
1513 1025 1614 1089 regna
1635 1004 1789 1088 frigentia
1811 979 1877 1070 Ti-

218 1122 230 1160 ⁵
250 1109 389 1190 uainquc
409 1108 581 1191 glacialem
596 1106 676 1172 fines
691 1106 840 1172 Ponticos
863 1105 1004 1191 proferre
1027 1107 1202 1189 censueris,
1228 1107 1275 1173 ihi
1297 1128 1422 1191 quoque
1444 1114 1592 1174 naturam
1614 1109 1740 1193 patriae
1763 1128 1876 1191 recog-

248 1231 384 1278 noscens
413 1211 548 1295 fugaces
578 1210 700 1275 incolas
729 1232 787 1296 per
808 1211 905 1276 dorsa
927 1210 1092 1276 fluminum
1116 1212 1332 1294 consequeris.
1381 1212 1485 1277 vicisti
1507 1212 1741 1298 experientiam
1765 1212 1877 1297 singu-

248 1317 360 1397 lomm,
386 1316 441 1399 qui
457 1315 557 1381 habes
572 1314 723 1381 omnium.
760 1314 906 1399 priuatae
926 1314 986 1381 hoc
1001 1314 1180 1381 industriae
1196 1322 1271 1381 tuae
1294 1316 1404 1396 deber,
1430 1316 1517 1399 quod
1539 1327 1570 1382 te
1586 1316 1717 1399 dignum
1734 1316 1876 1383 reddidit

247 1419 446 1505 principata:
480 1439 552 1484 eum
580 1426 703 1485 tantum
731 1438 847 1483 munus
877 1418 1059 1502 acceperis,
1093 1425 1128 1483 ut
1158 1418 1240 1484 nihil
1267 1418 1325 1485 tibi
1356 1420 1458 1504 possit
1487 1419 1588 1502 adici,
1622 1426 1746 1487 tantum
1770 1419 1875 1486 meriti

248 1522 438 1607 praetulisti,
467 1529 502 1588 ut
522 1523 646 1588 nullum
669 1521 847 1607 praemium
869 1520 929 1586 tibi
952 1520 1071 1587 debeat
1090 1522 1243 1606 inputari.

200 1637 227 1676 ¹⁰
334 1624 479 1691 Memisti
500 1624 673 1707 quondam,
698 1624 818 1691 inclute
835 1623 1000 1705 Gratiana,
1026 1624 1184 1705 mumisti,
1211 1630 1246 1690 nt
1268 1625 1309 1692 de
1332 1633 1364 1692 te
1379 1624 1480 1692 'saera
1502 1626 1648 1710 germina
1663 1627 1871 1711 pullularent,
1899 1633 1917 1693 3

247 1735 283 1794 ut
305 1747 395 1795 esses
418 1727 624 1795 seminarium
646 1728 865 1813 principatus,
891 1734 927 1793 ut
948 1728 1038 1793 fieres
1061 1749 1146 1794 vena
1168 1729 1304 1812 regalis:
1339 1729 1473 1795 erudisti
1496 1729 1614 1795 liberos
1636 1736 1783 1814 parentes
1806 1749 1874 1794 om-

246 1832 335 1898 nium
358 1853 431 1897 mox
454 1832 586 1914 futuros,
612 1831 647 1896 in
668 1851 749 1914 quos
771 1838 895 1897 tantum
917 1830 1021 1914 frugis
1043 1831 1147 1897 bonae
1169 1831 1326 1898 institutio
1348 1832 1475 1916 privata
1497 1836 1666 1916 congessit,
1693 1839 1729 1897 ut
1747 1832 1874 1898 fortuna

246 1935 342 2002 hodie
379 1935 496 2000 clarior
531 1935 576 2000 nil
607 1935 758 2017 requirat.
806 1934 880 2001 hinc
915 1934 1034 2000 factum
1065 1941 1130 2017 est,
1171 1934 1259 2017 quod
1288 1935 1488 2020 primaevum
1518 1943 1668 2021 nepotem
1698 1935 1875 2001 castrensia

248 2040 379 2106 decreta
401 2041 576 2122 legemnt:·
597 2059 669 2104 eum
692 2038 836 2104 familiae
859 2044 987 2104 vestrae
1008 2045 1125 2104 natura
1146 2039 1361 2124 permitteret,
1388 2044 1424 2102 ut
1446 2040 1575 2104 cautela
1596 2038 1697 2123 patris
1718 2039 1752 2102 in
1775 2058 1873 2123 puero

200 2161 228 2200 ιι
247 2145 292 2209 nil
315 2144 459 2223 timeret,
493 2162 550 2207 cnr
578 2141 721 2207 tardaret
743 2148 851 2221 aetas,
883 2161 979 2223 quem
1002 2149 1048 2208 tot
1070 2144 1221 2228 exempla
1243 2142 1372 2225 generis
1395 2142 1609 2209 adserebant?
1652 2141 1873 2226 praeiudicata

247 2247 385 2312 bauain
408 2238 545 2311 examen
567 2265 682 2310 vocare
707 2292 1148 2310 ................

885 2507 975 2567 Deest
993 2506 1103 2586 fotrum
1124 2525 1230 2568 auum.

335 2708 717 2723 ..............
724 2670 746 2723 ·.
775 2664 832 2723 aut
860 2658 990 2724 licentia
1016 2664 1181 2743 poetarum
1212 2658 1339 2723 dearum
1371 2658 1513 2741 aliquam
1542 2657 1678 2724 dixerim
1705 2658 1868 2725 destrictos
1892 2664 1910 2722 4
1934 2675 1982 2717 vat.
1997 2689 2018 2727 r.
2034 2677 2055 2716 ιι

246 2782 266 2826 a
294 2762 446 2827 vitalibus
477 2762 541 2827 tuis
571 2762 745 2828 detorsisse
774 2781 960 2843 mucrones,
994 2781 1098 2843 neque
1128 2768 1159 2826 te
1190 2761 1357 2846 quadrigis
1385 2761 1569 2845 pemicibns
1599 2762 1674 2826 diva
1702 2760 1871 2844 aurigante

195 2882 226 2922 te
245 2865 403 2931 simulabo
433 2865 645 2945 subtractum,
678 2885 739 2930 nec
765 2884 864 2930 cavae
893 2863 988 2929 nubis
1016 2863 1125 2929 infusa
1155 2864 1239 2929 circa
1264 2871 1297 2931 te
1326 2865 1464 2930 narrabo
1487 2864 1665 2931 velamina:
1701 2864 1764 2930 sint
1790 2864 1870 2931 haec

245 2968 400 3051 figmenta
421 2968 617 3051 carminum,
643 2987 701 3033 nos
723 2968 877 3033 habemus
900 2968 1050 3052 exempla
1072 2966 1239 3032 factorum.
1287 2966 1393 3033 haesit
1415 2975 1490 3034 ante
1512 2975 1545 3035 te
1566 2968 1719 3034 maestior
1740 2968 1871 3033 rebellis

244 3072 431 3154 instinctus,
465 3079 498 3138 et
519 3072 546 3137 si
569 3072 647 3137 mihi
670 3071 792 3155 credis,
828 3071 992 3155 Auguste,
1025 3070 1082 3136 tibi
1106 3070 1211 3154 magis
1233 3092 1329 3154 quam
1353 3071 1415 3137 sibi
1437 3073 1573 3138 timuere
1595 3072 1778 3153 dementes,
1812 3091 1871 3137 nec

246 3176 439 3259 ignorabant
461 3176 521 3242 hoc
542 3175 613 3260 ipso
636 3176 755 3241 crimen
778 3195 871 3241 suum
886 3194 982 3260 posse
997 3173 1164 3256 cumulari,
1189 3162 1275 3258 quod
1290 3176 1393 3241 solum
1408 3174 1563 3260 principis
1578 3195 1722 3241 socemm
1738 3174 1873 3258 dignum

245 3278 345 3345 caede
368 3279 588 3359 crediderant,
622 3280 686 3344 iam
709 3299 769 3344 nec
791 3278 907 3344 furoris
929 3278 1055 3344 nomine
1078 3280 1092 3362 ΙΙ
1114 3291 1144 3340 et
1162 3284 1326 3341 defensione
1350 3279 1363 3364 ΙΙ
1384 3278 1564 3364 purgandi,
1597 3278 1652 3362 qui
1674 3279 1716 3345 ab
1738 3278 1873 3343 alterins

194 3400 323 3448 senece
346 3382 479 3448 consilio
501 3383 732 3467 temperabant.

331 3485 508 3551 Credamus
529 3485 672 3551 historiis
694 3485 817 3550 minora
838 3483 1050 3567 iactantibus,
1085 3503 1168 3566 quae
1195 3483 1302 3550 ferunt
1325 3484 1443 3549 Gaium
1466 3483 1603 3549 Marium
1625 3504 1772 3568 pressum
1795 3484 1870 3550 labe
1893 3488 1912 3545 5

245 3587 391 3654 fortunae
414 3590 541 3656 obiectu
564 3588 701 3672 quodam
725 3588 840 3673 prioris
863 3587 1010 3653 erasisse
1033 3587 1245 3654 reverentiae.
1294 3607 1365 3653 cum
1389 3587 1557 3669 secundis,
1584 3587 1747 3671 inquiunt,
1775 3588 1871 3653 rebus

245 3691 315 3756 eius
337 3692 370 3756 in
393 3694 533 3759 adversa
554 3691 684 3757 mutatis
708 3690 811 3756 virum
832 3697 899 3757 toto
921 3692 998 3757 orbe
1021 3692 1171 3758 victorem
1194 3692 1423 3757 Minturnensis
1447 3712 1555 3757 carcer
1577 3689 1764 3772 includeret,
1797 3711 1873 3776 per-

244 3794 382 3859 cussoris
397 3794 507 3876 ictum,
533 3794 589 3876 qui
607 3794 714 3859 iussus
737 3794 912 3878 inruperat,
938 3794 1106 3860 maiestate
1129 3794 1309 3879 suspendit,
1334 3814 1419 3877 quae
1442 3794 1473 3860 ei
1496 3795 1568 3859 sola
1589 3795 1742 3859 restabat.
1783 3794 1871 3860 stetit

195 3918 226 3955 nc
245 3918 303 3982 pro
333 3918 411 3963 sene
433 3905 525 3963 vetus
548 3897 668 3980 gloria,
700 3916 761 3962 nec
783 3896 885 3962 valuit
907 3896 1051 3962 carnifex
1073 3897 1163 3983 inpia
1185 3918 1284 3963 manu
1306 3897 1417 3979 ferire,
1451 3918 1547 3980 quem
1572 3917 1706 3964 neeesse
1728 3898 1870 3964 habebat

243 4019 430 4083 agnoscere.
471 4020 565 4083 quae,
591 4019 679 4083 rogo,
706 4006 780 4065 sunt
802 4000 925 4065 maiora
946 4001 1112 4081 miracula,
1138 4000 1319 4066 ministrum
1342 4001 1511 4067 irascentis
1534 4001 1679 4066 inhibere
1702 4021 1745 4066 an
1766 4001 1865 4085 ipsos,

242 4104 296 4187 qui
318 4103 508 4186 irascuntur,
535 4102 735 4168 obtunderet
766 4122 867 4185 nnus,
895 4102 944 4167 eui
969 4104 1087 4188 parcit,
1114 4103 1269 4188 ignoscit,
1295 4103 1388 4169 multi
1411 4111 1574 4185 metuunt,
1604 4124 1699 4186 quern
1721 4110 1866 4179 tuentum

243 4206 389 4272 iuvenem
418 4212 518 4271 terror
540 4212 689 4286 excusat,
723 4225 832 4271 senem
861 4206 1042 4285 miserati03
1072 4207 1106 4271 in
1134 4207 1191 4271 illo
1219 4207 1436 4285 recolebatur,
1471 4206 1505 4271 in
1534 4213 1566 4271 tc
1596 4207 1787 4290 sperabatur
1809 4207 1870 4272 im-

243 4309 377 4395 pen'um.
406 4310 418 4393 {l
441 4335 496 4373 non
514 4323 580 4372 sunt
597 4316 678 4386 paria
696 4320 816 4388 exempli
837 4309 841 4396 l
861 4320 1007 4390 utriusque
1025 4326 1180 4375 momentu:
1201 4319 1290 4374 llario
1308 4319 1400 4374 adhuc
1420 4324 1568 4387 supererat
1586 4317 1680 4385 fulgor
1696 4320 1808 4374 occidui
1827 4321 1867 4374 si·
1880 4329 1929 4372 vat.
1944 4342 1965 4381 p.
1981 4330 2005 4371 rt

192 4432 224 4470 ³5
243 4423 329 4486 deris,
350 4423 379 4476 in
397 4424 499 4477 teiam
518 4423 650 4478 radiabat
667 4423 778 4478 flamma
795 4424 947 4479 nascentis.
966 4416 979 4500 ΙΙ

330 4693 340 4741 l
363 4694 498 4756 Aethiopas
516 4691 603 4760 atque]
623 4693 684 4754 Mei,
704 4694 933 4761 aethiopalsetquae
1037 4695 1052 4741 3
1070 4690 1125 4759 aut]
1139 4695 1154 4741 9
1166 4709 1211 4754 m.,
1232 4697 1261 4740 ut
1275 4697 1286 4740 l
1301 4708 1346 4753 m.,
1367 4693 1524 4741 scribendam
1541 4698 1594 4740 erut
1613 4700 1657 4742 out
1674 4694 1704 4741 sd
1722 4698 1869 4742 aestuantes

242 4792 365 4841 recessus,
385 4785 430 4827 nat
447 4780 476 4827 ad
496 4780 587 4827 torrida
604 4786 670 4828 astra
802 4780 818 4827 4
836 4781 888 4828 birn
1022 4781 1157 4828 timebiseu
1289 4775 1416 4844 Scythiae]
1434 4779 1529 4839 Haupt,
1549 4776 1652 4844 scylthia
1785 4781 1869 4839 rigen-

244 4868 282 4914 tia
301 4866 424 4927 Kiesrlinp
562 4867 646 4927 5sibi
786 4862 918 4931 bulclsti]
937 4866 1003 4928 Mai,
1034 4867 1124 4915 ntelsti
1263 4865 1278 4914 7
1297 4866 1373 4914 debes
1391 4866 1455 4926 qrrud
1475 4862 1512 4931 te]
1531 4865 1660 4926 Heindorf
1663 4903 1669 4927 ,
1701 4866 1869 4928 debeoquudie

246 4951 261 4999 8
280 4953 446 5014 principatum
551 4948 813 5017 aptaueratque,
834 4953 962 5014 pertulisti

329 5039 357 5088 ll
379 5045 465 5087 essent
485 5044 544 5088 lm.
651 5039 806 5087 seminarium
824 5052 885 5088 corr.
907 5042 934 5087 ta
952 5040 1113 5089 seminarium
1135 5044 1194 5086 lm.
1303 5040 1370 5086 fieris
1477 5034 1674 5101 liserospsrcntls
1779 5036 1809 5085 12
1829 5040 1869 5085 lu-

240 5130 305 5173 toros
409 5122 509 5192 trusum
556 5142 563 5156 ·
621 5121 837 5190 congereremus,
859 5122 1059 5192 concessisum.
1080 5127 1107 5173 tu
1124 5121 1247 5190 cungelm
1266 5128 1277 5171 1
1298 5139 1332 5173 m.
1454 5122 1484 5172 14
1503 5117 1673 5187 permitteret]
1690 5133 1742 5182 epo,
1764 5124 1868 5183 promit·

240 5216 306 5259 teret
412 5210 442 5260 15
462 5216 578 5261 toteorr.
598 5214 693 5260 bruun
713 5216 725 5259 l
745 5226 779 5260 m.

329 5296 359 5345 18
377 5299 483 5358 ligeutla
587 5298 705 5346 denarum
810 5298 939 5346 districtus
1058 5298 1089 5347 19
1108 5294 1201 5363 neque]
1221 5298 1237 5345 2
1254 5314 1301 5357 m.,
1320 5311 1370 5359 qrre
1391 5301 1402 5344 l
1422 5311 1455 5345 m.
1572 5295 1605 5345 20
1623 5308 1686 5343 caue
1790 5294 1868 5358 influa

241 5381 271 5431 tt
292 5383 412 5431 habemus
431 5385 546 5447 exempla
563 5380 698 5450 factorum]
717 5384 850 5443 Baehrens,
877 5385 1238 5447 habeamusexemplafatorum
1372 5381 1405 5432 rt
1423 5382 1548 5430 dementis
1568 5387 1579 5430 l
1600 5398 1634 5431 m.
1770 5380 1802 5429 23
1823 5397 1867 5428 cu-

239 5467 333 5535 mutar]
436 5472 564 5533 principes
585 5474 596 5517 1
615 5486 650 5520 m.
763 5469 795 5519 tt
814 5470 976 5519 credederunt
1080 5472 1175 5520 furores
1196 5475 1208 5517 1
1227 5484 1261 5520 m.
1368 5468 1539 5531 deferrslonerp
1643 5464 1797 5515 scribendam
1814 5471 1867 5513 erut

239 5561 285 5604 nat
303 5558 393 5605 furoris
412 5559 513 5605 nomine
532 5562 577 5605 out
594 5558 686 5605 furoris
705 5557 851 5604 defensioue
870 5556 993 5617 Kierrliup

325 5642 358 5692 28
377 5644 655 5691 uictoremirrtnrneusls
673 5642 715 5691 scd
732 5656 796 5691 corr.
820 5646 830 5688 l
850 5656 882 5689 m.
1025 5641 1058 5691 33
1077 5644 1104 5689 iu
1118 5644 1202 5701 primo
1219 5640 1324 5688 editione
1342 5643 1460 5701 sciptum
1477 5644 1530 5689 erut
1548 5640 1574 5686 ln
1594 5639 1637 5685 illo
1655 5638 1818 5698 recolebatur,
1838 5639 1864 5683 iu

238 5734 264 5775 te
282 5730 427 5790 sperabatur
445 5730 596 5792 imperium,
623 5733 650 5778 tu
667 5731 746 5778 alteru
765 5744 814 5776 uon
833 5734 894 5776 snnt
911 5729 981 5789 paria
999 5728 1107 5788 exempli
1127 5728 1260 5787 utriusque
1277 5731 1417 5774 momentu:
1439 5726 1517 5773 Mario
1535 5725 1618 5772 adhuc
1635 5730 1769 5787 supererat
1786 5723 1867 5782 fulgor

237 5815 333 5862 occidui
352 5816 456 5877 sideris,
476 5817 502 5881 iu
521 5822 546 5862 te
565 5818 612 5862 lam
631 5816 743 5864 radiabat
762 5818 860 5861 flamma
878 5815 1005 5862 nascentis
1026 5814 1146 5872 lfiesrtiap
1252 5811 1285 5859 34
1303 5809 1384 5877 paria]
1404 5812 1464 5871 Μαί,
1485 5816 1556 5872 parta
