4746 6472
944 513 1059 569 LIBER
1075 515 1098 569 1.
1118 513 1156 569 11.
1825 520 1865 581 43

235 723 338 768 sermo
371 704 513 787 parcior,
548 704 630 768 fides
660 704 761 767 maior
788 712 848 769 est.
896 705 974 787 quid
1004 705 1088 770 enim
1117 704 1208 770 iuvat
1230 704 1398 785 indulgere
1421 703 1544 783 verbis,
1579 726 1651 769 cum
1681 725 1748 768 rem
1772 705 1868 770 liceat
1890 705 2003 767 PVM

236 806 397 891 experiri?
419 805 462 872 sit
481 805 581 889 igitur
603 805 645 872 de
667 806 727 871 hoc
749 814 805 872 tua
827 807 1031 890 existimatio,
1057 808 1113 891 qui
1135 808 1288 872 bonarum
1309 806 1426 872 artium
1442 812 1602 891 spectator
1616 827 1744 891 semper
1759 807 1864 887 fuisti3

237 930 295 993 ego
318 909 479 975 Lucillum
501 909 678 975 modestiae
700 930 811 975 merae
834 916 930 994 atque
953 910 1131 976 honestatis
1152 910 1343 994 adstipulor.
1390 909 1558 975 uideturne
1575 910 1633 975 tibi
1648 910 1766 994 dignus
1782 930 1865 992 esse,

236 1034 329 1096 quem
351 1012 482 1097 diligas,
509 1013 600 1079 cuius
623 1013 767 1097 gravium
790 1032 945 1099 sponsore
967 1034 1018 1079 me
1040 1014 1161 1097 nititur,
1186 1032 1240 1078 ars
1262 1018 1295 1079 et
1316 1010 1452 1078 eruditio
1474 1020 1505 1079 te
1529 1013 1634 1098 ipsum
1649 1012 1788 1079 indicem
1804 1033 1867 1079 non
1965 1102 1970 1115 ι

207 1121 387 1181 ureretur?
429 1116 514 1182 vale.

904 1408 953 1472 III
987 1414 1062 1474 ante
1076 1429 1107 1473 a.
1128 1411 1200 1472 395.

703 1545 967 1611 SYMMACHVS
993 1545 1212 1611 FLAVIANO
1234 1545 1403 1610 FRATRI.
1890 1547 1994 1609 PVF

325 1718 473 1783 Fratrum
504 1716 633 1799 negotia
662 1718 748 1783 velle
779 1736 972 1800 cognoscere
1002 1716 1057 1802 pia
1087 1724 1118 1781 et
1148 1717 1283 1782 honesta
1312 1718 1433 1783 curatio
1462 1725 1521 1783 est.
1569 1718 1675 1784 libens
1697 1720 1796 1803 igitur
1818 1740 1870 1785 re-

239 1820 403 1905 spondebo
425 1819 592 1903 quaesitis.
633 1821 748 1885 Coram
770 1820 871 1885 multo
892 1820 994 1884 imbre
1017 1819 1232 1903 pervenimus.
1273 1820 1325 1885 hic
1347 1819 1486 1885 triduum
1509 1823 1683 1887 conmorati
1698 1822 1742 1888 ad
1756 1823 1870 1889 levan-

196 1947 221 1985 ιο
239 1924 313 1989 dum
336 1924 479 1989 laborem
502 1924 708 1989 Terracinam
731 1924 820 2008 prius
842 1930 875 1987 et
896 1922 1051 2007 postridie
1067 1924 1211 1987 Formias
1234 1923 1417 1990 continuato
1439 1930 1586 2009 petemus
1608 1946 1755 1991 excursu.
1802 1926 1868 1991 fors

239 2027 316 2105 fuat,
342 2048 384 2093 an
408 2027 510 2111 possit
531 2027 628 2093 biduo
652 2035 745 2092 tenus
768 2014 913 2092 eiusdem
936 2046 993 2091 uos
1016 2026 1142 2109 praedii
1163 2047 1292 2092 annona
1313 2026 1462 2093 retinere.
1510 2046 1568 2092 vos
1586 2028 1710 2094 interea
1724 2035 1863 2113 peracto,

237 2130 319 2214 quod
342 2131 463 2195 Romae
485 2150 583 2213 agere
606 2130 803 2212 destinastis,
829 2130 970 2215 Appiam
992 2129 1055 2194 diis
1077 2130 1264 2216 auspicibus
1285 2129 1435 2196 inchoate
1458 2151 1498 2197 ea
1517 2130 1725 2214 dimensione,
1752 2137 1788 2197 ut
1808 2131 1868 2198 iter

237 2241 379 2300 nostrum
402 2233 555 2318 proximis
577 2232 723 2318 vestigiis
745 2233 920 2317 urgueatis.
968 2233 1052 2299 vale.

938 2526 1004 2591 1111
1034 2546 1064 2591 a.
1085 2528 1159 2591 383.

194 2687 221 2726 rs
702 2665 963 2732 SYMMAGHVS
989 2664 1207 2731 FLAVIANO
1230 2666 1399 2731 FRATRI.
1887 2665 2001 2727 PVM

323 2837 404 2903 Volo
426 2836 574 2921 quiescas
597 2845 630 2903 et
651 2858 799 2903 curarum
822 2848 943 2903 vacuus
972 2836 1091 2903 otieris.
1138 2857 1213 2902 nam
1242 2836 1320 2902 mibi
1350 2836 1399 2902 vir
1428 2837 1582 2903 honestus
1605 2837 1762 2903 Antonius
1791 2838 1868 2903 fecit

239 2940 410 3023 indicium,
443 2939 616 3023 legationis
643 2940 817 3006 Africanae
848 2940 1016 3006 consilinm
1045 2941 1217 3025 torpuisse.
1265 2941 1402 3007 accessit
1431 2939 1473 3006 ad
1503 2939 1599 3005 fidem
1627 2940 1746 3020 nuntii,
1781 2940 1867 3023 quod

239 3043 318 3108 nihil
340 3042 382 3108 ad
404 3062 456 3107 me
478 3062 575 3127 super
596 3042 657 3108 hoc
679 3045 807 3127 negotio
830 3051 977 3109 recentes
1000 3045 1171 3110 amicorum
1197 3044 1322 3110 litterae
1337 3045 1547 3130 pertulerunt.
1593 3064 1669 3109 num
1692 3051 1742 3109 est
1762 3043 1862 3124 aliud,

240 3145 324 3229 quod
347 3146 430 3212 scire
452 3147 617 3231 postules?
641 3146 736 3212 immo
760 3168 845 3230 vero,
873 3154 907 3213 ut
929 3169 1002 3214 mea
1024 3149 1087 3213 fert
1108 3148 1225 3232 opinio,
1251 3149 1304 3213 vel
1326 3149 1463 3233 primum
1486 3147 1547 3213 hoe
1567 3147 1627 3213 tibi
1649 3146 1762 3213 debuit
1782 3136 1868 3212 indi-

194 3268 222 3308 so
241 3249 315 3315 cari.
363 3249 417 3315 ubi
439 3270 458 3316 e
481 3249 624 3314 Cumano
647 3271 763 3316 navem
786 3252 941 3317 solvimus
963 3272 1066 3337 paene
1088 3252 1218 3317 albente
1240 3252 1342 3333 caelo,
1367 3252 1488 3317 maiore
1510 3271 1571 3336 ope
1590 3250 1746 3334 remigum
1769 3271 1865 3333 qnam
1887 3250 1907 3310 2

240 3360 404 3419 ventorum
427 3352 536 3417 favore
550 3349 753 3418 Formianum
778 3354 853 3419 litus
876 3355 1015 3433 accessi3
1043 3355 1108 3420 iam
1131 3355 1178 3419 sol
1201 3354 1367 3420 meridiem
1383 3355 1534 3438 fregerat.
1574 3353 1759 3435 amicorum,
1785 3373 1865 3436 quos

241 3456 342 3521 minor
363 3454 456 3520 navis
478 3456 617 3540 accepit,
647 3456 768 3522 tardior
788 3458 953 3542 navigatio
975 3458 1050 3537 luit,
1077 3458 1234 3524 incertum
1257 3466 1351 3523 vento
1373 3459 1522 3525 obstante
1542 3479 1585 3523 an
1607 3478 1666 3542 per
1686 3458 1865 3542 neglegen-

238 3560 313 3625 tiam
344 3558 569 3624 ministrorum.
617 3560 698 3626 haec
726 3560 853 3626 interim
883 3561 964 3627 ratio
993 3560 1162 3630 scribenda
1191 3562 1366 3645 suggessit.
1413 3564 1549 3644 curabo,
1582 3561 1865 3645 etfrequentibus

238 3663 350 3729 litteris
373 3681 498 3727 merear
520 3660 561 3727 de
585 3668 616 3728 te
639 3662 753 3729 similis
776 3663 875 3730 officii
898 3664 1112 3749 diligentiam.

955 3958 984 4023 V
1014 3978 1044 4023 a.
1064 3960 1140 4024 383.

700 4095 960 4161 SYMMAOHVS
989 4094 1208 4162 FLAVIANO
1230 4097 1398 4162 FRATRI.

319 4266 429 4332 Delati
451 4267 597 4332 Formias
619 4274 692 4352 post
713 4268 851 4333 multam·
869 4275 992 4352 partem
1016 4268 1099 4351 diei,
1132 4289 1204 4334 cum
1226 4288 1284 4334 vos
1307 4269 1377 4334 eius
1400 4268 1448 4334 rei
1469 4269 1623 4335 sollicitos
1646 4269 1859 4353 crederemus,

235 4369 503 4456 percontationem
526 4376 667 4436 vestram
690 4371 862 4456 scriptione
884 4372 1128 4458 praevertimus.
1176 4392 1237 4438 nec
1259 4392 1316 4437 vos
1337 4373 1442 4455 magis
1465 4373 1506 4438 de
1528 4372 1733 4455 navigatione
1756 4372 1863 4438 fuistis

234 4474 337 4555 anxii,
366 4494 463 4557 quam
485 4473 726 4557 trepidabamus
748 4493 824 4557 nos,
858 4495 899 4540 ne
929 4474 984 4539 diu
1008 4475 1124 4541 essetis
1146 4475 1269 4541 incerti.
1316 4475 1403 4557 quod
1424 4475 1522 4559 igitur
1544 4475 1731 4560 responderi
1754 4482 1864 4558 posset

190 4596 216 4636 uo
233 4577 346 4644 litteris
368 4576 494 4659 vestris,
520 4576 607 4662 prior
627 4596 732 4643 sermo
756 4578 963 4663 consumpsit.
1010 4598 1095 4644 nunc
1116 4578 1295 4660 aestimate,
1322 4586 1441 4661 quanto
1463 4585 1573 4644 nostra
1588 4577 1628 4643 de
1644 4577 1735 4643 robis
1750 4578 1863 4643 melior

233 4679 329 4746 fuerit
356 4679 509 4746 indicatio
536 4699 633 4762 quam
662 4688 772 4747 vestra
799 4680 841 4746 de
868 4682 972 4747 nobis.
1020 4682 1227 4767 contemplati
1252 4682 1336 4747 enim
1360 4700 1471 4747 sumus
1493 4680 1748 4764 magnitudinem
1771 4680 1863 4746 solli-

233 4782 380 4849 citudinis
403 4790 541 4865 vestrae,
567 4783 754 4869 priusquam
776 4784 900 4849 litteras
923 4784 1104 4867 mitteretis,
1130 4805 1204 4851 cum
1226 4805 1285 4851 vos
1307 4804 1365 4850 eas
1381 4783 1458 4850 ideo
1473 4783 1635 4868 miseritis,
1662 4784 1738 4868 quia
1760 4784 1862 4870 scrip

232 4891 317 4953 turos
339 4906 398 4952 nos
420 4886 483 4952 nisi
504 4886 684 4953 admonitos
706 4907 769 4953 non
791 4887 940 4973 putastis.
988 4889 1073 4955 vale.

318 5216 334 5265 3
354 5212 448 5282 merae]
468 5217 572 5278 lacerae,
593 5230 662 5265 meae
680 5216 727 5265 PV
861 5217 1039 5280 deponentem
1056 5219 1164 5267 enititur
1182 5219 1205 5266 P
1218 5223 1230 5266 1
1243 5233 1276 5266 m.
1296 5218 1353 5279 VM,
1373 5232 1516 5281 sponsorem
1535 5219 1627 5267 nititur
1647 5217 1722 5281 (ΡΦ),
1743 5232 1861 5281 sponsore

235 5316 271 5351 me
289 5302 398 5350 enititur
415 5301 438 5348 P
448 5303 464 5349 9
474 5317 510 5350 m.

221 5448 226 5453 η
318 5386 401 5435 lom.
422 5386 463 5434 Vs·
564 5387 639 5450 spu
657 5394 683 5437 et
703 5387 726 5450 (e
744 5393 770 5437 et
788 5392 815 5439 lo
827 5390 890 5451 rue.)
911 5389 935 5437 P
1036 5391 1135 5454 liques
1152 5392 1213 5440 satis
1232 5391 1256 5439 Ρ
1265 5395 1327 5439 lm.
1416 5386 1516 5456 Coram]
1534 5404 1588 5453 epo,
1607 5405 1711 5453 capuam
1730 5390 1812 5450 Pl'Fr
1831 5390 1861 5440 de

234 5471 435 5536 Qmebcmm
450 5473 663 5535 pruedloOcraae
681 5476 715 5537 es.
731 5477 789 5533 18;
814 5476 890 5526 V1ar
998 5476 1029 5525 lll
1046 5479 1186 5539 pettuimus
1205 5478 1299 5525 Pam.
1406 5475 1436 5525 11
1457 5477 1509 5524 ruu
1526 5476 1553 5538 V,
1574 5478 1655 5524 sues
1756 5478 1864 5539 pucros

319 5559 351 5609 15
369 5573 418 5608 om.
437 5559 487 5609 VM
606 5559 638 5611 16
657 5562 740 5610 celeus
763 5562 783 5609 V
903 5561 936 5611 20
953 5565 1084 5623 remigium
1107 5564 1129 5611 V
1248 5561 1279 5611 21
1297 5564 1472 5625 meabarim:
1499 5562 1657 5611 Formianum
1675 5563 1736 5610 litus
1755 5564 1857 5625 accessi,

233 5659 287 5695 eum
305 5645 343 5694 ecl
361 5646 491 5696 meridlem
509 5652 638 5711 peregerat
742 5646 775 5696 24
793 5648 850 5697 nale
868 5647 928 5698 add.
947 5647 997 5696 VM

317 5730 351 5781 26
369 5745 416 5783 om.
435 5731 484 5780 VM
586 5732 619 5783 28
636 5735 823 5797 praeducimus
842 5735 870 5797 V,
890 5736 1053 5798 preuenlmus
1067 5733 1096 5782 Μ
1197 5734 1231 5783 29
1249 5748 1293 5783 nos
1306 5735 1526 5798 trepidabamnsP
1629 5748 1661 5781 ue
1676 5733 1812 5783 diuersetle
1828 5735 1856 5797 V,

233 5830 263 5866 ne
281 5819 411 5867 diuersum
429 5820 523 5869 bemus
541 5818 570 5867 Μ
671 5819 704 5868 32
722 5834 771 5883 que
789 5819 883 5870 le.
992 5820 1023 5870 3³
1041 5823 1137 5883 putetls
1160 5819 1209 5868 VM

1613 5922 1653 5973 6*
