4746 6472
667 769 886 836 LXXXVIIII
906 768 1127 854 (LXXXVIII)
1161 772 1282 836 antea.
1303 771 1376 833 395.

679 907 915 973 SYMMACHV
916 906 939 971 S
961 906 1179 972 FLAVIANO
1201 905 1372 971 FRATRI.
1858 901 1924 967 PF

298 1080 400 1147 Paulo
423 1086 497 1146 ante
519 1080 644 1147 litteras
666 1079 834 1160 dederam,
868 1078 927 1144 sed
956 1077 1097 1144 debitam
1119 1076 1178 1143 tibi
1199 1076 1426 1143 salutationem
1449 1075 1614 1158 geminare
1635 1094 1698 1139 non
1720 1073 1834 1159 piguit.

215 1205 350 1269 namque
373 1205 463 1250 amor
484 1183 661 1249 officiorum
683 1182 813 1248 modum
834 1203 898 1248 non
920 1188 1021 1249 tenet.
1058 1187 1227 1267 praeterea
1247 1179 1361 1245 notitia
1383 1179 1626 1245 commeantium
1649 1177 1834 1263 postulavit,

188 1297 250 1354 eut
270 1286 537 1354 commendationi
559 1306 667 1352 eorum
689 1285 813 1371 pagina
833 1285 962 1351 adiecta
983 1283 1139 1370 proficiat.
1178 1302 1333 1369 responsa
1353 1301 1417 1347 non
1440 1281 1567 1366 postulo
1590 1300 1721 1347 secums
1743 1300 1839 1366 prae-

217 1392 292 1456 clari
313 1389 413 1455 animi
435 1389 493 1472 tui,
520 1388 576 1471 qui
598 1389 678 1454 mihi
700 1388 771 1455 sine
793 1388 1011 1455 admonitione
1034 1408 1212 1455 sermonem
1235 1386 1449 1453 voluntarium
1472 1385 1674 1470 pollIceatur.

696 1715 853 1780 LXXXX
873 1714 1108 1798 (LXXXVIIII)
1146 1721 1221 1780 ante
1236 1736 1267 1780 a.
1287 1716 1361 1779 395.

685 1851 945 1918 SYMMACHVS
967 1850 1185 1917 FLAVIANO
1206 1850 1377 1916 FRATRI.

306 2025 441 2110 Semper
462 2025 540 2091 mihi
562 2030 673 2090 auctor
694 2044 730 2090 es
751 2023 930 2108 ingentium
952 2024 1159 2106 gaudiorum3
1186 2031 1220 2089 at
1241 2043 1326 2089 nunc
1348 2042 1446 2108 supra
1467 2029 1542 2089 vota
1563 2022 1734 2108 processit,
1760 2021 1846 2105 quod

181 2148 206 2188 ro
223 2150 272 2194 me
304 2128 477 2214 expetendi
507 2128 604 2211 plane
635 2134 667 2193 et
688 2126 895 2192 exambiendi
916 2126 977 2191 viri
998 2125 1217 2192 familiaritate
1240 2126 1411 2192 decorasti.
1456 2146 1561 2210 neque
1582 2127 1644 2191 hoc
1665 2127 1847 2211 suspicione

224 2233 376 2297 coniecto.
415 2252 491 2297 nam
509 2230 640 2296 Patrieii
662 2249 766 2294 sermo
788 2230 865 2295 fecit
885 2229 1050 2305 indicium,
1078 2228 1280 2311 diligentiam
1302 2229 1335 2294 in
1358 2250 1409 2294 me
1431 2247 1523 2294 snam
1545 2235 1578 2294 te
1600 2231 1750 2314 praesule
1773 2248 1849 2313 pro·

224 2342 385 2413 vocatam,
419 2353 518 2417 quare
548 2353 617 2397 eam
647 2331 760 2398 ceteris
790 2331 968 2398 benefactis
996 2331 1060 2397 tuis
1089 2333 1185 2397 etiam
1215 2332 1268 2398 bic
1296 2332 1409 2397 titulus
1438 2330 1590 2417 procedet
1610 2332 1644 2396 in
1665 2352 1845 2415 numerum,

224 2438 276 2521 qui
297 2438 387 2502 solus
408 2436 585 2518 quamlibet
607 2424 673 2500 voti
693 2434 862 2500 avaritiam
885 2434 987 2519 possit
1008 2433 1151 2518 explere.
1198 2436 1281 2501 vale.

726 2760 900 2826 LXXXXI
920 2759 1095 2845 (LXXXX)
1131 2768 1207 2827 ante
1222 2781 1252 2826 a.
1272 2763 1348 2826 395.

170 2906 213 2959 'a
333 2953 343 2968 ,
692 2896 953 2963 SYMMAOHVS
975 2897 1194 2963 FLAVIANO
1216 2897 1386 2962 FRATRI.

308 3070 463 3151 Quotiens
491 3076 658 3156 parentum
688 3067 854 3135 beneficiis
886 3068 1085 3152 obligamur,
1121 3088 1254 3136 necesse
1284 3076 1334 3135 est
1361 3069 1405 3135 ad
1435 3070 1571 3137 heredes
1600 3091 1718 3137 nexum
1748 3070 1849 3137 debiti

226 3177 392 3261 pertinere.
438 3173 482 3239 ad
511 3173 611 3238 filium
641 3192 747 3237 meum
771 3172 957 3267 Senatorem
985 3172 1185 3256 praeclarum
1208 3179 1304 3255 atque
1327 3172 1564 3238 ornatissimum
1586 3173 1690 3238 virum
1712 3173 1852 3259 pertinet

226 3279 370 3364 praefata
391 3277 605 3360 generalitas3
640 3275 732 3341 cuins
759 3282 851 3361 pater
879 3275 1028 3341 omnibus
1059 3277 1155 3342 rebus
1184 3274 1329 3342 inlustris
1351 3282 1384 3341 et
1404 3276 1483 3341 mihi
1505 3277 1624 3342 eximia
1645 3277 1850 3343 veneratione

227 3381 415 3448 recolendus
448 3380 619 3465 plurimum
653 3378 761 3444 domui
796 3399 888 3445 meae
917 3377 1178 3444 honorificentiae
1206 3386 1240 3445 et
1267 3379 1433 3463 religionis
1464 3379 1622 3446 exhibuit.
1669 3380 1762 3446 cuius
1790 3400 1852 3462 ego
1931 3368 1932 3371 ¹

185 3499 211 3540 ²⁰
229 3486 394 3551 devinctus
416 3482 530 3547 officiis
552 3482 618 3547 filio
641 3488 716 3566 opto
739 3483 941 3567 persolvere,
967 3482 1053 3565 qnod
1075 3482 1116 3548 de
1138 3489 1271 3567 parente
1295 3483 1449 3548 contraxi.
1498 3484 1568 3548 sola
1589 3490 1695 3549 antem
1719 3504 1770 3549 me
1792 3504 1852 3568 po-

229 3595 290 3654 test
310 3584 550 3670 magnificentia
570 3592 627 3651 tua
649 3591 811 3651 contractu
833 3585 959 3669 gratiae
982 3585 1137 3668 liberare,
1165 3585 1193 3650 si
1215 3585 1434 3670 posteritatem
1457 3585 1528 3652 eius
1549 3585 1725 3667 afflaverit,
1758 3606 1853 3669 prac-

230 3691 320 3776 cipue
341 3691 374 3755 in
398 3689 449 3754 his
471 3688 583 3771 rebus,
613 3707 697 3770 quae
719 3686 862 3753 iustitiae
883 3687 1059 3773 patrocinio
1081 3687 1267 3754 fulciuntur.
1314 3687 1473 3770 siquidem
1496 3688 1639 3771 qrreritur
1659 3708 1755 3771 agros
1778 3707 1853 3753 snos
1876 3694 1895 3753 2
2021 3706 2027 3713 ·

230 3801 337 3859 contm
358 3792 535 3858 iudicatum
557 3797 697 3856 vestrum
719 3811 840 3874 magna
861 3797 951 3876 parte
973 3791 1126 3856 mutilari.
1165 3811 1265 3873 grave
1287 3790 1348 3855 boc
1369 3798 1402 3855 et
1424 3791 1590 3876 inpetibile
1613 3798 1723 3877 posset
1737 3791 1852 3869 videri,

230 3897 289 3962 uisi
312 3895 410 3961 etiam
433 3912 608 3960 consensus
630 3892 768 3978 partium
791 3892 1050 3959 frustrationibus
1073 3893 1248 3959 luderetur.
1296 3894 1401 3959 minus
1430 3901 1480 3960 est
1509 3894 1595 3959 enim
1618 3895 1758 3960 alienam
1781 3914 1857 3961 sen-

188 4012 215 4054 ²⁵
231 3999 359 4064 mutiam
391 4016 542 4082 spernere
564 4016 660 4078 qnam
683 4015 704 4060 a
725 3994 857 4080 propria
878 3988 1074 4080 discrepare.
1121 4003 1172 4061 est
1192 3996 1291 4079 igitur
1311 3996 1345 4061 in
1368 4016 1465 4061 mauu
1487 4004 1543 4062 tua
1564 3997 1599 4061 in
1621 4003 1686 4062 tam
1709 3998 1856 4063 absoluto

231 4110 260 4167 ct
289 4099 451 4187 probabili
473 4098 637 4184 petitionis
660 4118 779 4182 genere
802 4098 939 4164 servatis
961 4099 1089 4183 legibus
1111 4106 1144 4164 et
1164 4099 1337 4183 aequitatis
1359 4099 1476 4165 intuitu
1498 4100 1623 4184 aliquid
1645 4100 1741 4166 etiam
1764 4121 1856 4166 meae

231 4203 356 4271 deferre
373 4221 541 4287 personae,
568 4200 660 4266 ouius
682 4200 895 4267 interventum
918 4201 1049 4267 fastidio
1071 4203 1188 4285 longae
1211 4202 1289 4283 litis,
1315 4222 1377 4267 non
1400 4201 1582 4268 diffidentia
1604 4202 1724 4286 negotii
1746 4209 1857 4286 postu-

231 4307 318 4373 lauit.

319 4653 334 4702 'l
353 4653 440 4701 om.F
542 4652 557 4701 l
576 4651 714 4714 postulabit
732 4654 776 4697 rut
796 4649 817 4696 P
832 4655 890 4699 lm.
997 4651 1012 4699 5
1031 4653 1121 4714 pagiua
1138 4652 1204 4700 dieta
1223 4653 1245 4698 F
1347 4651 1363 4699 6
1381 4648 1540 4718 polliceatur]
1558 4651 1637 4716 Pll'),
1657 4656 1789 4716 pollicetur
1804 4655 1826 4702 F

318 4739 401 4788 Rom.
418 4739 441 4784 F
535 4752 674 4799 symmacus
694 4737 717 4784 P
820 4736 850 4786 12
869 4735 1101 4804 quercuumque,
1121 4744 1273 4801 quaerente
1292 4736 1321 4799 P,
1342 4744 1407 4786 recte
1425 4739 1449 4784 F

322 4825 457 4874 ηοω]
570 4822 599 4872 Π
619 4824 730 4886 praefatu
749 4825 895 4884 pertinetf'
1006 4824 1036 4871 19
1055 4831 1081 4871 et
1098 4825 1185 4874 om.P
1298 4823 1331 4872 23
1350 4829 1574 4885 magusmpartcnr
1596 4823 1641 4889 (Γ)
1749 4826 1780 4875 21
1800 4840 1859 4875 cau-

238 4926 278 4959 sus
296 4911 391 4958 le.
498 4910 642 4973 landaretur
655 4910 685 4972 P,
705 4908 764 4968 fort.
785 4908 926 4957 laederetur
1029 4908 1061 4957 25
1080 4911 1110 4970 ad
1124 4909 1258 4972 proprlaP
1360 4909 1393 4959 Id
1411 4912 1655 4972 atqueprobabilll'
1757 4912 1789 4960 tt
1808 4914 1859 4961 dif-

238 4995 351 5049 udonus!
373 4996 395 5042 P
497 4996 622 5057 postulant
641 4997 699 5043 urle
720 4995 741 5041 F
