4736 6478
1132 417 1329 474 SYMMAOHI
1349 418 1559 475 EPISTVLAE

1124 779 1300 846 XXXVIII
1330 802 1361 848 a.
1380 782 1563 847 398-399.

1170 918 1230 984 ΑΙ)
1260 919 1514 984 MINERVIVM.

618 1086 818 1154 Gaudentius
841 1087 964 1153 amiens
986 1109 1078 1155 meus
1100 1089 1133 1154 iu
1156 1091 1312 1175 gremium
1336 1089 1503 1176 patrocinii
1534 1091 1581 1156 tui
1611 1090 1773 1174 confugit,
1806 1092 1857 1157 vir
1885 1091 2032 1157 omnibus
2063 1092 2159 1157 rebus

531 1190 633 1256 amari
655 1190 785 1273 dignus,
825 1212 928 1275 genus
951 1193 981 1257 ei
1004 1193 1198 1259 senatorium
1221 1200 1282 1275 est,
1308 1214 1399 1260 mens
1422 1200 1455 1260 et
1477 1193 1634 1260 modestia
1656 1195 1779 1278 origine
1803 1214 1863 1261 sua
1884 1214 1923 1260 ao
1945 1195 2044 1281 stirpe
2065 1196 2160 1261 nobi-

529 1293 599 1359 lior.
640 1294 667 1359 si
690 1294 762 1360 fueo
784 1296 908 1379 gutiae
930 1296 1083 1362 infectum
1098 1297 1317 1363 testimouium
1332 1318 1438 1364 meum
1454 1316 1517 1363 non
1533 1304 1639 1382 putas,
1666 1297 1793 1381 suscipe
1809 1296 2022 1380 diligendum.
2060 1298 2191 1380 longae

530 1397 752 1480 obsequiorum
776 1399 847 1464 eius
870 1397 969 1464 faciet
991 1399 1157 1485 inspectio,
1184 1408 1220 1467 ut
1241 1421 1292 1467 me
1314 1400 1439 1468 iudices
1462 1400 1585 1466 minora
1607 1400 1740 1467 dixisse.

1167 1658 1359 1724 xxxvnu
1380 1635 1420 1723 a.
1440 1660 1513 1723 aas.

1169 1795 1227 1860 AD
1255 1796 1511 1860 annvrvn.

616 1969 699 2032 Arna
721 1967 914 2033 Flavianum
938 1968 1100 2033 dominum
1124 1973 1157 2033 et
1177 1966 1279 2033 filium
1302 1987 1425 2049 meum,
1444 1973 1605 2049 qnantum
1628 1987 1679 2033 me
1701 1968 1786 2034 velle
1808 1968 2047 2053 interpretaris,
2074 1976 2106 2035 et
2128 1970 2156 2035 si

526 2068 596 2134 fieri
617 2077 732 2154 potest,
759 2078 918 2136 certarnen
941 2090 1065 2136 meeum
1089 2070 1129 2136 de
1152 2090 1260 2135 amore
1283 2069 1353 2135 eius
1375 2069 1555 2154 ingredere.
1602 2070 1762 2154 gaudebo,
1789 2071 1818 2136 si
1839 2071 1965 2137 viceris.
2013 2071 2074 2137 sed
2095 2072 2155 2138 boo
2178 2093 2206 2133 ιο

528 2172 606 2238 mihi
627 2175 919 2259 tnnoprobabr'tur,
946 2194 1024 2239 oum·
1040 2181 1073 2240 et
1093 2174 1163 2258 ipse
1186 2180 1217 2240 te
1241 2174 1344 2240 colere
1367 2193 1465 2259 supra
1487 2193 1669 2240 mensuram
1691 2173 1880 2257 diligentiae
1895 2194 1987 2240 meae
2002 2176 2152 2261 eoeperit.

526 2295 600 2340 nam
624 2275 650 2339 si
674 2277 819 2343 amicitia
846 2276 886 2342 de
909 2278 1028 2343 mutuis
1051 2283 1177 2343 constet
1197 2275 1323 2359 officiis,
1349 2276 1446 2342 fenile
1468 2276 1538 2358 erit,
1564 2283 1600 2341 nt
1621 2297 1662 2342 ex
1683 2276 1773 2342 illins
1796 2276 1903 2342 animo
1924 2285 2013 2342 tuum
2028 2278 2154 2346 metiar.

1143 2549 1272 2616 xxxx
1302 2571 1333 2616 a.
1353 2553 1535 2617 eos-eoo.

1165 2689 1224 2753 An
1253 2688 1509 2773 muunvrvu.

514 2937 516 2941 ¹
611 2862 646 2926 Si
668 2861 867 2944 consideres,
894 2867 1014 2945 quanta
1037 2861 1080 2926 sit
1101 2860 1317 2926 innocentium
1339 2860 1465 2941 raritas,
1492 2859 1616 2926 amabis
1639 2859 1844 2926 Desiderium
1866 2859 1966 2926 filium
1990 2882 2096 2928 meum
2118 2863 2151 2928 in
2174 2887 2201 2927 1⁵

525 2985 696 3049 paucorum
720 2966 875 3031 electione
898 2964 1140 3030 numerandum.
1189 2964 1315 3048 dequo
1338 2983 1402 3029 non
1425 2963 1495 3029 felli
1526 2963 1678 3028 iudicium
1709 2984 1814 3029 meum
1845 2970 1985 3047 statues,
2019 2986 2090 3032 oum
2119 2966 2151 3031 in

524 3089 660 3134 examen
682 3076 770 3134 tuum
794 3068 927 3135 venerit.
975 3067 1102 3133 iuterim
1124 3087 1256 3151 quaeso,
1283 3074 1319 3133 ut
1340 3067 1390 3132 illi
1412 3088 1470 3152 per
1491 3087 1543 3132 me
1565 3066 1727 3131 amicitiae
1754 3074 1829 3133 tuae
1852 3067 2026 3133 sacrarium
2049 3069 2153 3134 reolu-

524 3171 633 3255 datur,
665 3178 697 3237 et
723 3178 868 3257 praestes
890 3193 1000 3237 aurern
1023 3171 1195 3255 benignam
1220 3190 1388 3237 causarum
1413 3190 1541 3236 suumn
1564 3170 1651 3235 iusta
1672 3171 1825 3237 narranti.
1874 3172 2002 3255 siquid
2023 3173 2055 3237 in
2079 3193 2151 3238 eum

523 3277 605 3340 bene
629 3275 846 3357 consulueris,
879 3276 1064 3342 absolvetur
1086 3274 1168 3340 fides
1191 3294 1280 3355 mea,
1314 3294 1397 3357 quae
1419 3274 1507 3360 apud
1528 3275 1619 3339 illum
1642 3294 1734 3358 spem
1757 3274 2000 3341 beneficientiae
2022 3281 2098 3341 tuae
2120 3276 2153 3341 iu

524 3398 558 3445 se
581 3378 713 3462 recepit.
2170 3400 2200 3443 no

1254 3618 1410 3684 XXXXI.

1033 3852 1046 3867 κ
1162 3757 1222 3822 ΑΙ)
1252 3756 1508 3823 MINERVIVM.

613 3933 652 3996 Iu
674 3930 871 3998 absolvendo
893 3930 1024 3997 Rustico
1046 3935 1154 3996 nostro
1176 3936 1284 3995 votum
1307 3928 1366 3994 tibi
1388 3928 1505 4010 detuli,
1532 3949 1625 4013 opem
1647 3927 1734 3994 filius
1756 3948 1847 3995 meus
1869 3929 2074 3996 Caeuibanus
2096 3951 2154 3996 ex-

520 4034 635 4101 hibuit.
680 4054 744 4100 non
774 4041 824 4100 est
850 4033 949 4117 igitur
978 4032 1191 4099 verecundiae
1221 4051 1312 4098 meae
1341 4052 1456 4117 rapere
1485 4031 1623 4115 gratiam
1651 4031 1772 4097 laboris
1801 4031 1911 4098 alieni,
1964 4033 2059 4099 ambo
2089 4033 2153 4118 ipsi

524 4146 690 4224 aooeptnm
715 4138 868 4220 feremus,
894 4136 980 4221 quod
1001 4137 1056 4220 agi
1079 4144 1135 4203 tua
1157 4157 1235 4203 eura
1256 4136 1432 4221 praecepit,
1459 4136 1575 4218 exequi
1596 4154 1670 4201 mea
1691 4134 1844 4201 valetudo
1865 4156 1929 4201 non
1950 4136 2064 4221 potuit.
2172 4159 2203 4202 rs

1121 4410 1283 4475 XXXXII
1313 4431 1344 4475 a.
1364 4412 1544 4476 397-402.

1163 4547 1222 4612 ΑΙ)
1247 4547 1503 4613 MINERVIVM.

607 4724 680 4789 Soio
709 4722 789 4805 quid
817 4721 859 4787 de
889 4741 939 4786 me
969 4720 1107 4799 sentias3
1147 4719 1205 4786 sed
1235 4726 1339 4785 bertus
1367 4718 1479 4785 iudicii
1500 4718 1554 4815 'tui
1587 4719 1670 4803 [non]
1704 4737 1817 4786 reeuso
1846 4719 1983 4786 laudari.
2037 4741 2151 4789 aernu-

521 4825 589 4892 lare
611 4834 716 4909 certe,
750 4825 835 4907 quod
857 4821 898 4891 te'
912 4824 1029 4889 tacitus
1052 4824 1208 4905 admiror,
1234 4822 1311 4907 quia
1332 4822 1406 4908 plus
1429 4823 1527 4888 babet
1548 4821 1701 4906 ponderis
1723 4829 1810 4889 teota
1830 4823 2004 4889 veneratio.
2051 4825 2150 4891 relin-

521 4949 657 5011 quamus
678 4929 847 4994 verborum
869 4926 1046 4993 blanditias
1069 4927 1160 4992 novis
1182 4927 1267 4992 inter
1290 4946 1324 4992 se
1347 4925 1477 5007 amieis3
1504 4925 1579 4990 illos
1594 4924 1704 4993 iuvent
1718 4926 1845 4993 alterna
1862 4925 2035 5012 praeeonia
2048 4947 2149 5011 usque
2168 4949 2199 4992 oo

605 5206 687 5256 dom.
712 5208 755 5255 Vr

605 5292 687 5341 born.
712 5293 755 5341 VF
867 5291 1060 5341 VdornnumP
1181 5290 1212 5340 to
1231 5291 1361 5351 ingredere
1378 5290 1409 5339 de
1427 5303 1509 5339 umore
1527 5292 1584 5338 etus
1602 5295 1728 5339 mnemon
1745 5290 1888 5339 meean
1935 5356 1938 5360 Δ
2010 5291 2038 5340 11
2059 5294 2148 5355 probs·

516 5376 596 5446 bitur]
616 5381 729 5441 Lypstm,
751 5382 865 5443 probatur
886 5378 953 5427 PVF
1054 5385 1079 5427 te
1097 5380 1154 5440 ipse
1177 5378 1199 5425 V
1303 5376 1497 5426 remotiores

604 5465 635 5515 14
653 5480 702 5516 om.
727 5467 770 5514 Vr
873 5467 1064 5516 senoensem
1087 5465 1108 5512 V
1210 5464 1333 5513 desiderio
1355 5464 1377 5511 V
1481 5462 1512 5513 16
1530 5465 1679 5512 electionem
1702 5462 1746 5510 VI'
1847 5463 2028 5512 muueuudum
2049 5463 2096 5513 Pr
2110 5481 2144 5515 m.

518 5551 549 5600 19
567 5567 611 5613 spe
635 5538 668 5599 V'
757 5554 784 5601 In
803 5568 830 5602 se
849 5549 957 5619 recepit]
975 5552 1004 5615 P,
1025 5553 1131 5600 fideliter
1148 5551 1269 5614 persolutt
1291 5548 1360 5599 Vd’F

601 5639 634 5688 22
652 5655 700 5689 orn.
725 5640 768 5688 VF
870 5639 903 5689 23
921 5640 1057 5688 cecilianus
1080 5638 1122 5685 VF
1222 5636 1256 5686 25
1275 5639 1296 5686 si
1315 5637 1421 5698 exsequi
1444 5637 1471 5699 V,
1493 5638 1514 5684 st
1532 5639 1560 5685 tn
1576 5649 1626 5684 rua.
1647 5637 1755 5697 quiaque
1772 5636 1825 5698 sere
1843 5636 1982 5684 litterum

601 5726 633 5775 27
652 5742 700 5775 om.
720 5726 770 5776 VM
871 5725 905 5775 18
924 5740 973 5774 non
992 5726 1040 5773 del.
1056 5725 1154 5773 Lentim
1259 5722 1292 5771 29
1310 5719 1388 5789 tectu]
1412 5723 1438 5777 V,
1459 5728 1526 5771 reete
1539 5720 1590 5770 ΡΜ
1692 5723 1852 5770 ueneratione
1869 5721 1896 5782 V,
1916 5724 2048 5785 uqneratio
2065 5724 2109 5773 sed
2123 5723 2151 5774 ts
