4736 6478
992 830 1086 897 XIII.

683 968 943 1034 SYMMACHVS
968 967 1232 1036 NICOMAOHIS
1254 968 1391 1034 FILHS.
1872 965 1937 1032 PF

313 1141 501 1208 Adsiduitas
530 1141 740 1227 epistularum
767 1139 966 1226 superiorum
989 1141 1159 1208 scribenda
1181 1140 1395 1227 consumpsit3
1430 1141 1500 1206 sola
1521 1159 1606 1205 nunc
1629 1147 1776 1225 superest
1797 1160 1852 1207 sa-

231 1244 391 1310 lutationis
414 1243 567 1329 religiosa
588 1243 795 1328 generalitas.
836 1251 869 1311 et
890 1264 979 1327 sane,
1006 1244 1035 1309 si
1058 1266 1122 1329 qua
1137 1250 1345 1331 suppeterent
1359 1243 1488 1330 paginis
1504 1243 1738 1329 persequenda,
1765 1263 1852 1309 com-

200 1348 346 1414 tmcnnti
376 1347 496 1414 rectius
526 1347 738 1414 crederentur.
786 1354 863 1413 tuno
884 1348 971 1417 euim
994 1347 1068 1414 stilo
1091 1347 1323 1432 indulgendum
1346 1353 1412 1429 est,
1447 1367 1519 1412 cum
1540 1346 1735 1433 recipiendis
1758 1367 1851 1412 man-

230 1451 312 1517 datis
341 1451 608 1537 proficiscentium
638 1471 775 1536 persona
797 1470 861 1516 non
883 1449 1017 1528 sullicit3
1052 1451 1187 1517 nuncsi
1211 1450 1289 1534 quid
1311 1450 1393 1517 scitu
1417 1449 1549 1533 dignum
1572 1450 1745 1534 putabitis,
1780 1450 1849 1516 siue

151 1590 162 1603 ·-
230 1554 325 1620 nostri
348 1555 502 1645 semente
525 1573 661 1621 excursu
683 1555 810 1639 plenius
832 1574 853 1620 a
875 1562 1073 1621 commeante
1098 1554 1241 1621 discetis.
1289 1556 1374 1620 vale.

861 1812 958 1877 xmr
979 1813 1057 1898 (xv)
1091 1833 1122 1878 a.
1143 1815 1217 1878 soc.

683 1949 942 2016 sunnlcuvs
968 1951 1231 2019 moouloms
1253 1950 1392 2016 ulons
1840 1956 1842 1961 ·
1873 1951 1906 2012 Ρ

185 2143 212 2183 ¹⁰
314 2124 471 2190 Dubitare
501 2143 557 2190 vos
586 2123 696 2203 video,
734 2144 776 2189 an
806 2122 913 2190 Rufini
943 2143 1078 2209 poenam
1108 2131 1220 2190 secuta
1248 2123 1290 2189 sit
1318 2123 1414 2189 etiarn
1443 2122 1619 2207 publicatio
1648 2122 1848 2189 facultatum.
1910 2203 1918 2224 Ι

229 2228 308 2295 fides
336 2235 466 2314 praesto
494 2234 544 2294 est
571 2226 792 2311 imperialibus
821 2227 949 2310 signata
978 2227 1176 2313 praeceptis3
1210 2233 1243 2293 et
1271 2234 1380 2294 tamon
1409 2225 1581 2310 praedonis
1604 2226 1716 2292 annosi
1738 2227 1851 2293 merita

228 2331 441 2417 pendentibus
471 2350 536 2396 non
568 2329 630 2396 fuit
662 2329 908 2414 ambigendum,
946 2329 1032 2412 quod
1061 2330 1165 2416 spolia
1193 2329 1279 2396 orbis
1309 2329 1509 2397 desideraret
1536 2331 1707 2397 aerarium.
1754 2333 1893 2412 atque2

229 2435 350 2501 utinam
380 2440 468 2500 tanto
496 2432 615 2517 gaudio
643 2454 709 2499 non
736 2434 936 2518 obstreperet
963 2432 1108 2500 defectus
1137 2454 1298 2515 annonae,
1332 2454 1428 2517 quem
1456 2433 1547 2500 nulla
1577 2433 1722 2518 producit
1747 2454 1850 2500 novae

228 2538 329 2623 bugin
351 2537 506 2604 accessio.
551 2543 718 2622 praeterea
739 2536 841 2621 ipsius
863 2537 926 2602 eibi
948 2537 1087 2621 qualitas
1110 2537 1214 2620 gignit
1235 2537 1408 2618 horrorem,
1435 2537 1608 2622 corrumpit
1629 2536 1850 2604 valetudinem

183 2660 211 2700 ιι
229 2662 403 2727 corporum,
430 2640 619 2725 graviorque
642 2639 824 2706 bominibus
845 2640 920 2706 talis
943 2640 1095 2706 alimonia
1116 2660 1212 2724 quam
1234 2660 1338 2726 poena
1359 2640 1484 2706 ieiunii.
1524 2641 1644 2705 solatur
1665 2640 1749 2706 inter
1770 2640 1851 2707 haec
1874 2643 1893 2703 3

228 2746 379 2831 populum
410 2763 484 2830 spes
510 2742 661 2810 frumeuti
682 2764 703 2808 a
725 2743 869 2827 patribus
892 2743 1006 2824 oblati,
1040 2751 1074 2810 et
1095 2743 1248 2826 religiosa
1269 2743 1469 2828 optimatium
1492 2744 1641 2809 voluutas
1664 2750 1753 2810 tenet
1775 2763 1852 2808 oon-

229 2849 367 2914 cordiam
392 2847 540 2913 civitatis.
586 2866 671 2913 nunc
693 2847 775 2912 votis
797 2866 877 2932 opus
899 2855 964 2927 est,
999 2854 1034 2913 nt
1056 2846 1167 2912 diviua
1187 2846 1355 2932 opitulatio
1377 2847 1511 2913 iuvabat
1532 2854 1746 2930 commeatus,
1773 2846 1849 2911 dum

229 2953 317 3018 salus
339 2952 456 3017 civium
479 2951 605 3036 privata
626 2950 807 3017 conlatione
829 2950 1024 3035 producitur.

816 3210 876 3275 XV
895 3210 990 3293 (XVI)
1026 3209 1131 3276 bieme
1151 3210 1261 3295 395l6.

182 3364 211 3406 ro
684 3347 944 3414 SYMMACHVS
969 3346 1233 3465 quoltlolfls
1255 3347 1394 3412 FlLllS.

316 3522 353 3587 Iu
376 3541 434 3588 eas
455 3520 623 3605 angustias
646 3520 822 3586 communis
845 3520 969 3605 patriae
992 3520 1120 3586 fortuna
1142 3519 1280 3586 deducta
1303 3527 1367 3603 est,
1394 3527 1430 3587 nt
1451 3521 1596 3586 extrema
1617 3518 1750 3585 vitanda
1773 3518 1848 3585 sint.

228 3626 336 3710 itaque
359 3624 488 3691 matrem
511 3630 650 3690 vestrum
674 3624 822 3690 continuo
844 3623 887 3690 nd
909 3643 966 3689 vos
989 3631 1063 3709 opto
1086 3623 1262 3706 dimittere,
1290 3624 1340 3690 cui
1362 3624 1579 3690 basternarios
1602 3643 1675 3688 mox
1697 3622 1852 3707 praebere

230 3727 417 3813 dignamini,
443 3734 478 3793 ut
500 3726 664 3793 festinatio
686 3726 756 3791 cius
778 3726 990 3792 iumentorum
1012 3722 1217 3792 adminiculis
1240 3727 1420 3794 adiuvetur.
1461 3734 1601 3794 cetarum
1622 3726 1723 3791 filiam
1747 3747 1851 3791 meam

231 3831 340 3897 vexari
361 3831 491 3914 itinere,
524 3829 617 3897 sicuti
640 3837 715 3896 ante
737 3829 944 3915 scripseram,
979 3849 1042 3895 non
1064 3836 1203 3915 oportet,
1230 3830 1380 3915 qnoniam
1402 3838 1475 3916 post
1496 3829 1729 3896 incommodum
1752 3850 1852 3914 grave

186 3950 214 3991 ιι
231 3934 380 4000 valetudo
402 3933 471 4000 eius
493 3933 556 3999 otio
578 3940 611 3998 et
632 3933 738 4017 quiete
761 3932 938 3999 refovenda
960 3940 1019 3999 est.
1067 3933 1151 3999 vale.

854 4191 932 4257 ιιι
953 4190 1065 4275 (nvn)
1099 4212 1131 4257 a.
1150 4193 1225 4255 asu.

684 4327 945 4395 suumonvs
972 4327 1235 4396 moouuoms
1256 4328 1395 4393 unus

314 4502 482 4585 Praevidi,
514 4522 608 4586 quern
638 4506 757 4567 metum
780 4501 872 4567 vobis
894 4500 982 4566 fama
1003 4500 1215 4584 aegritudinis
1238 4521 1330 4567 meae
1352 4508 1461 4586 posset
1482 4501 1642 4579 incutere,
1673 4521 1756 4584 quae
1779 4521 1848 4567 cum

231 4609 333 4674 soleat
354 4626 453 4692 supra
475 4625 584 4671 vemm
607 4605 649 4671 de
671 4604 858 4670 absentibus
881 4604 984 4688 loqui,
1018 4603 1272 4688 magnitudinem
1295 4603 1429 4688 periculi
1451 4604 1516 4670 mei
1538 4625 1578 4670 ne
1601 4603 1699 4669 fando
1721 4604 1850 4687 quidem
1914 4652 1923 4667 .

184 4711 356 4777 :revidetur
377 4728 547 4794 aequasse.
593 4708 701 4791 itaque
731 4707 787 4772 ubi
817 4706 951 4792 primurn
983 4707 1062 4773 mibi
1091 4707 1230 4773 formare
1258 4707 1382 4773 littems
1412 4726 1470 4793 per
1499 4706 1716 4772 valetudinem
1747 4707 1847 4788 licuit,

230 4835 291 4880 nou
314 4813 426 4881 distuli
449 4813 550 4880 lenire
572 4811 659 4898 apud
681 4831 738 4877 vos
761 4810 851 4891 stilo,
885 4831 967 4895 quae
990 4812 1124 4895 uulgata
1146 4810 1362 4892 credideram,
1393 4818 1425 4877 et
1445 4812 1593 4895 quamvis
1616 4809 1849 4877 modificandae

230 4917 439 4984 sollicitudini
467 4924 594 4983 vestrae
619 4915 705 5001 prior
732 4934 836 4980 sermo
867 4914 1044 4996 sufficeret,
1077 4914 1121 4980 ad
1147 4913 1243 4980 fidem
1272 4920 1380 4979 tamen
1402 4914 1584 4980 securitatis
1606 4914 1776 4981 adtestatio
1799 4934 1851 4980 se-

230 5023 333 5087 cunda
363 5020 519 5106 proficiat.
565 5019 691 5084 interea
718 5017 759 5083 de
787 5018 962 5085 ordinando
991 5017 1096 5084 reditu
1126 5017 1222 5083 facite
1245 5018 1404 5101 noverim,
1437 5018 1515 5100 quid
1538 5018 1663 5085 consilii
1686 5018 1846 5103 ceperitis.

230 5124 333 5192 fateor
355 5123 440 5189 euim
463 5123 607 5189 molliore
630 5142 681 5188 me
704 5141 776 5187 esse
798 5120 978 5189 adlectione
1001 5128 1072 5208 post
1095 5121 1266 5187 discrimen
1290 5120 1404 5187 salutis
1427 5141 1486 5186 uec
1508 5120 1641 5187 ulterius
1663 5142 1760 5207 posse
1775 5143 1851 5188 sua-

184 5246 212 5286 :u
230 5228 317 5308 dere,
343 5234 378 5294 ut
399 5225 560 5293 desiderio
582 5245 654 5291 meo
675 5231 818 5291 veebum
840 5224 939 5292 otium
961 5224 1159 5311 praeferatis.

317 5402 344 5451 ll
367 5398 398 5455 C.
416 5398 471 5453 Tb.
493 5397 682 5460 vinitam
701 5398 760 5452 dut.
780 5398 820 5452 id.
840 5397 924 5453 Febr.
945 5396 1196 5466 Constantinopoli,
1217 5395 1344 5452 Arcadio
1362 5397 1419 5451 llll
1437 5403 1467 5452 et
1484 5396 1609 5451 Honorio
1628 5397 1669 5451 Ill
1689 5395 1752 5451 ΑΛ.
1773 5412 1847 5452 coss.

315 5644 331 5694 2
349 5658 489 5704 symmacus
507 5643 665 5692 nichomacus
682 5643 742 5692 illlis
761 5641 790 5706 P,
810 5656 857 5691 om.
875 5643 896 5688 F
997 5641 1013 5690 4
1031 5642 1203 5705 prosequenda
1221 5642 1244 5689 F

317 5729 348 5779 12
366 5726 446 5797 orbis]
465 5729 508 5777 Pl
523 5727 603 5792 m.1⁷,
624 5729 695 5777 urbis
713 5728 807 5778 Pom.
915 5727 946 5776 lo
964 5734 1005 5776 ert
1021 5733 1080 5779 uate
1097 5728 1241 5777 bomlulbus
1259 5730 1331 5776 tm«.
1351 5727 1375 5774 P
1386 5730 1402 5773 9
1413 5742 1447 5776 m.

316 5815 349 5868 ³0
367 5812 475 5883 nsqjslse
494 5814 516 5861 P
619 5814 650 5863 33
669 5816 781 5877 prossolot
798 5814 890 5864 Pam.
