4746 6472
958 491 1074 548 LIBER
1092 493 1114 547 1.
1834 494 1853 554 7

227 684 392 753 desidetis.
437 683 580 765 tandem,
607 683 635 749 si
657 702 774 768 operae
797 681 935 766 pretinm
957 688 1016 762 est,
1043 679 1225 746 contendite
1248 678 1334 745 riam
1350 685 1446 763 atque
1461 678 1708 782 animadvertite
1722 678 1856 744 meliora
1885 680 1991 743 VMI'

226 795 395 869 terrarum;
422 788 477 854 nbi
500 788 566 853 alte
589 786 691 853 turbis
713 785 899 869 quiescitur,
925 784 980 850 nbi
1002 783 1148 850 fruendis
1171 783 1262 849 feriis
1285 782 1398 848 modus
1419 782 1528 847 nullus
1550 789 1609 864 est,

793 938 849 1004 nbi
871 937 1019 1022 corniger
1040 938 1170 1022 Lyaeus

793 1041 897 1127 operit
919 1061 1058 1126 superno
1081 1039 1198 1119 Gauri,

718 1161 724 1173 ·
793 1146 954 1211 Volcanus
977 1143 1137 1209 aestuosis

793 1246 936 1313 medium
959 1246 1067 1330 coquit
1090 1245 1254 1327 cavernis,

793 1356 881 1416 tenet
902 1348 968 1415 ima
989 1349 1077 1433 pisce
1099 1349 1200 1414 multo
1222 1362 1224 1367 ’

793 1452 907 1518 Thetis
930 1459 963 1518 et
985 1451 1087 1517 Baiae
1110 1469 1247 1516 sorores.

794 1556 879 1621 calet
899 1554 1002 1633 unda,
1030 1554 1128 1638 friget
1148 1553 1278 1630 aethra;

795 1657 891 1722 simul
912 1658 1038 1722 innatat
1060 1655 1184 1722 choreis

793 1759 1018 1825 Amathusium
1041 1758 1210 1831 renidens,

794 1862 875 1927 salis
897 1861 1018 1927 arbitra
1041 1868 1073 1926 et
1094 1860 1238 1945 vaporis,

792 1964 851 2030 llos
875 1964 1032 2045 siderum,
1059 1963 1175 2028 Dione.

230 2141 301 2186 num
323 2121 414 2186 vobis
436 2118 548 2184 videor
569 2119 662 2201 quasi
685 2119 805 2185 multae
828 2119 974 2184 luxuriae
1004 2118 1111 2183 ebrius
1141 2116 1257 2182 mentis
1286 2116 1427 2201 insipere
1458 2124 1554 2200 atque
1582 2118 1656 2185 ideo
1685 2119 1718 2183 in
1744 2127 1857 2204 poetas
1898 2106 1902 2113 ’

188 2243 341 2288 unomen
364 2222 516 2288 dedisset
551 2221 631 2286 nihil
653 2241 758 2287 moror
780 2222 862 2286 hanc
885 2222 1114 2287 litteraturam:
1149 2220 1211 2285 loci
1241 2219 1347 2305 potius
1377 2240 1472 2303 quam
1501 2220 1625 2305 ingenii
1656 2221 1719 2286 mei
1742 2242 1858 2288 munus

230 2326 364 2392 exercui.
411 2324 471 2390 sed
493 2325 522 2389 si
543 2324 715 2389 inritantia
737 2325 858 2408 loquor,
885 2324 1022 2408 gradum
1046 2324 1159 2405 tollite,
1187 2330 1221 2389 ut
1243 2329 1276 2388 et
1297 2342 1354 2388 ros
1378 2323 1449 2388 sitis
1472 2324 1550 2389 laeti
1569 2324 1797 2408 praesentium,
1826 2333 1859 2392 et

231 2429 317 2495 nobis
340 2428 497 2513 potiundi,
523 2447 607 2510 quae
630 2429 786 2509 volumus,
813 2426 942 2493 fortuna
965 2426 1128 2493 succedat.
1175 2426 1259 2491 vale.

869 2769 963 2834 VIllI
993 2776 1067 2834 ante
1083 2789 1113 2833 a.
1134 2772 1207 2833 376.

827 2907 956 2972 PATRI
979 2906 1251 2987 SYMMACHVS,

187 3096 215 3138 ar
313 3078 350 3142 In
372 3085 459 3143 metn
481 3077 612 3157 fuimus,
638 3098 678 3144 ne
700 3098 757 3143 vos
779 3078 882 3144 imber
902 3077 1071 3142 inhiberet.
1119 3076 1177 3143 sed
1199 3098 1310 3143 verum
1332 3078 1415 3143 illud
1438 3086 1497 3159 est,
1523 3078 1609 3161 quod
1631 3085 1727 3162 poe'ta
1748 3089 1858 3147 noster

231 3182 378 3265 scriptum
402 3181 548 3264 reliquit.
573 3181 655 3247 iter
676 3181 816 3247 durum
840 3181 997 3246 vicisse
1020 3180 1229 3265 pietatem.
1277 3201 1375 3264 quare
1398 3181 1571 3246 adventum
1594 3181 1692 3246 vestri
1714 3182 1747 3246 in
1770 3183 1856 3249 diem

229 3283 380 3366 placitum
414 3283 657 3366 praestolamur.
705 3284 751 3357 dii
783 3283 877 3349 modo
910 3291 1056 3349 auctores
1090 3283 1170 3363 sint,
1208 3291 1243 3349 nt
1275 3304 1358 3367 qnae
1391 3284 1499 3350 animo
1535 3284 1722 3365 destinatis,
1759 3287 1856 3353 nullis

229 3385 463 3452 causationibus
486 3387 720 3470 obstrepantur.
767 3387 851 3452 vale.

846 3729 979 3811 Χ1ΠΠ)
1015 3735 1136 3795 antea.
1156 3732 1229 3794 376.

828 3865 958 3949 PATRI
980 3865 1251 3933 SYMMACHVS.

312 4039 475 4103 Hunccine
505 4036 584 4102 mihi
615 4056 687 4103 esse
716 4037 892 4115 fortunam,
928 4044 963 4103 ut
991 4057 1117 4121 quoquo
1147 4057 1276 4104 versum
1306 4038 1421 4123 pedem
1450 4039 1650 4124 gradumque
1678 4042 1850 4125 contulero,

228 4139 503 4208 exaedificandum
526 4140 650 4223 aliquid
673 4141 846 4206 offeratur?
867 4141 956 4206 velut
977 4161 1029 4206 me
1052 4160 1136 4223 nunc
1151 4141 1297 4225 Capuani
1319 4142 1471 4225 praetorii
1485 4142 1676 4209 instauratio
1690 4143 1724 4207 in
1738 4164 1855 4227 graves

229 4245 312 4329 cogit
334 4263 511 4327 expensas,
543 4242 634 4308 cuius
657 4261 732 4326 pars
755 4241 876 4308 fatiscit
896 4242 1037 4323 incuria,
1071 4261 1145 4328 pars
1168 4243 1356 4326 neglegenti
1378 4242 1498 4309 dudum
1522 4245 1685 4310 celeritate
1708 4255 1857 4330 reparata

229 4347 423 4413 imbecillum
453 4352 596 4431 praestat
624 4345 855 4411 habitaculum.
903 4345 966 4411 his'
980 4346 1044 4410 nisi
1074 4353 1244 4430 properata
1274 4366 1350 4411 cura
1380 4346 1579 4425 subvenerit,
1614 4355 1671 4413 aut
1699 4344 1861 4432 pecuniae

185 4468 212 4509 so
230 4460 341 4534 postea
371 4448 574 4533 dispendium
610 4448 826 4514 cumulabitur
858 4455 915 4514 aut
947 4449 1069 4513 ruinae.
1131 4468 1205 4513 nam
1239 4449 1385 4532 quisquis
1418 4449 1499 4514 haec
1532 4469 1631 4533 opera
1663 4450 1852 4518 intermittit.

230 4553 355 4618 amittit.
401 4572 500 4635 quare
523 4551 649 4617 animus
672 4562 721 4616 est
743 4551 869 4616 amoliri
891 4551 1021 4617 aedium
1044 4557 1253 4617 senectutem.
1300 4552 1346 4615 ita
1368 4549 1550 4617 desiderato
1574 4560 1606 4616 et
1629 4554 1769 4637 expetito
1792 4556 1856 4620 otio

314 4745 343 4793 'll
366 4742 451 4809 Verg.
473 4740 544 4795 Aen.
565 4739 604 4795 Vl
624 4742 683 4791 fiee.

317 5001 459 5065 iprettnm
479 5016 527 5050 om.
542 4999 569 5049 Γ
669 4999 873 5049 iternandtsv
974 4998 1118 5059 dlyeusV
1220 4998 1376 5062 rspertes
1475 4998 1686 5067 snpernnGunrl]
1704 5001 1853 5061 Salmasius,

229 5103 360 5153 supernam
373 5088 471 5149 gutturi
488 5084 556 5135 uso
660 5085 776 5135 hmedis
788 5088 901 5148 incoquit
914 5085 1032 5133 Heinsius
1136 5081 1231 5152 lima]
1244 5083 1305 5144 ΓΜ,
1326 5085 1412 5133 uuaV
1510 5087 1857 5147 suagaesororesfletmtm
1924 5092 1928 5099 '

228 5170 358 5242 ilsethra]
377 5172 406 5231 Γ,
433 5174 519 5221 ethera
541 5172 569 5233 V,
595 5173 686 5221 aethna
706 5170 734 5218 M
874 5170 902 5220 11
923 5165 1104 5236 renidens]I'‚
1129 5172 1241 5219 renitens
1264 5171 1292 5233 V,
1315 5172 1409 5219 tenitas
1428 5171 1456 5218 M
1596 5173 1628 5222 14
1647 5175 1757 5222 luxoriae
1780 5171 1826 5221 VI'

229 5265 312 5313 ebrlus
330 5255 435 5325 mentis]
453 5256 485 5319 Γ,
505 5272 552 5308 om.
570 5257 604 5319 Μ,
626 5260 720 5307 mentis
738 5271 787 5306 om.
807 5257 827 5304 V
926 5252 995 5322 ideo]
1017 5254 1095 5318 Vlld,
1116 5257 1177 5306 adeo
1197 5255 1222 5304 Φ
1336 5255 1366 5305 15
1385 5254 1563 5325 litteraturam]
1586 5258 1666 5320 void,
1686 5260 1814 5307 literarum
1833 5256 1860 5306 Γ

231 5348 259 5397 ll
278 5349 331 5411 poll
349 5346 463 5408 undique
482 5343 508 5393 Γ

315 5432 347 5483 19
365 5433 433 5481 Patri
453 5425 626 5496 Symmachus]
644 5427 675 5490 Γ,
696 5443 745 5478 om.
763 5428 813 5475 VM
914 5427 947 5477 23
967 5429 1166 5477 caussationibus
1184 5426 1211 5476 Γ

313 5518 346 5568 25
365 5518 394 5566 ab
407 5517 666 5578 haccplstalclrsetpr't
679 5515 949 5576 opoyrapbumcodtcis
962 5514 1022 5563 Pin
1035 5514 1069 5562 Π
1168 5515 1235 5564 Putrl
1248 5511 1419 5581 Symmachus]
1436 5515 1501 5576 (11),
1522 5530 1570 5565 om.
1591 5514 1640 5562 VM
1741 5512 1774 5564 26
1792 5529 1854 5577 quo·

229 5618 379 5667 qneucrsnm
403 5604 423 5650 V
525 5598 666 5668 contulero]
688 5599 766 5663 VU't,
790 5604 871 5650 tulero
891 5601 926 5664 M,
947 5601 1096 5649 contulerim
1118 5601 1169 5664 (Π)
1286 5600 1317 5650 nt
1337 5602 1537 5650 excdltlcsndum
1557 5602 1589 5650 Π
1690 5603 1806 5661 praeterit
1826 5602 1857 5649 II

230 5688 261 5740 28
279 5686 357 5756 cogit]
373 5688 454 5751 VI'M,
475 5690 554 5750 coegit
569 5689 621 5751 (Hi
729 5686 762 5736 29
780 5683 951 5753 imbecillum]
968 5685 1046 5749 VI'M‚
1068 5688 1211 5735 lndecorum
1229 5686 1279 5749 (Π)
1387 5687 1417 5736 31
1438 5683 1547 5753 amoliri]
1562 5687 1604 5745 111
1609 5688 1627 5749 l,
1647 5688 1754 5734 amoueri
1774 5686 1821 5733 VM

229 5776 312 5825 odlum
331 5775 373 5823 H·
465 5777 499 5823 lte
517 5790 532 5823 s
549 5775 687 5824 desiderato
707 5772 842 5821 Mommsen
