4686 6472
459 502 486 566 Ι,
1076 496 1128 551 DE
1146 493 1344 552 stannum
1362 488 1466 551 VITA.

460 724 593 807 Orfitus,
619 722 674 806 qui
696 743 725 788 a.
753 724 815 787 369
838 722 1142 787 55137055551555
1165 721 1288 803 551111),
1314 720 1414 785 liliam
1435 723 1511 784 ante
1534 720 1793 803 emancipaverat
1803 720 1865 803 111),
1894 719 1980 802 qnod
2009 720 2095 786 Suse

460 844 627 911 occasione
656 843 839 928 nuptiarum
867 840 988 908 iactum
1018 860 1090 908 esse
1113 846 1215 925 putat.
1262 840 1353 906 addit
1374 839 1492 921 Morin‚
1526 837 1637 904 villam
1661 839 1857 922 Banlanam,
1892 860 1975 922 quae
1998 839 2093 906 Orfiti

460 966 583 1049 fuerat,
617 970 786 1048 antequam
808 962 841 1028 in
864 960 1050 1047 Symmachi
1071 961 1309 1046 possessionem
1332 960 1539 1043 5551551111),
1570 979 1642 1024 cum
1665 960 1853 1025 Rusticiana
1873 961 1975 1045 patris
1997 960 2094 1026 bere-

461 1086 591 1152 ditatem
614 1091 697 1150 teste
720 1083 833 1149 marito
855 1101 920 1148 non
942 1081 1141 1165 adierit¹i⁵),
1176 1081 1260 1147 dotis
1282 1081 1410 1146 nomine
1433 1102 1453 1145 a
1476 1100 1588 1146 socero
1611 1079 1684 1145 vivo
1706 1081 1738 1145 in
1761 1100 1916 1164 generum
1940 1082 2093 1147 collatam

459 1206 571 1271 videri
618 1225 702 1289 qnae
731 1203 837 1270 omnia
866 1202 944 1269 satis
973 1201 1155 1287 probabilia
1184 1208 1274 1283 sunt,
1308 1201 1366 1266 sed
1389 1200 1608 1286 quaestionem
1630 1200 1705 1266 ideo
1725 1221 1789 1266 non
1811 1199 1980 1282 decidunt,
2016 1201 2094 1284 quia

459 1326 654 1410 ignoramus,
680 1325 881 1408 virginemne
903 1342 1034 1387 uxorem
1050 1321 1263 1406 Symmachus
1286 1320 1430 1403 duxerit3
1457 1342 1531 1386 nam
1556 1320 1584 1386 si
1606 1321 1795 1387 Rusticiana
1816 1321 1880 1386 iam
1900 1328 1975 1387 ante
1990 1328 2095 1406 nupta

459 1446 573 1527 fuerat,
601 1452 634 1512 et
654 1445 855 1531 emancipata
876 1462 949 1510 esse
971 1450 1004 1508 et
1025 1441 1132 1508 dotem
1155 1442 1320 1527 accepisse
1342 1448 1457 1526 potest,
1483 1448 1654 1525 antequam
1677 1448 1834 1508 oratorem
1857 1448 1999 1507 nostrum
2019 1461 2094 1506 urn-

458 1588 556 1651 qnam
589 1566 691 1633 oculis
723 1564 851 1631 viderit.
898 1564 974 1648 quin
1007 1564 1103 1629 immo
1136 1584 1178 1629 ex
1210 1562 1316 1649 prima
1345 1561 1644 1628 commemoratione
1673 1562 1862 1643 Baulorum,
1899 1581 1995 1644 quem
2030 1580 2093 1644 ego

459 1708 586 1771 quoque
615 1686 822 1752 Rusticianae
855 1682 990 1749 fundum
1024 1682 1162 1749 dotalem
1197 1682 1297 1748 fuisse
1327 1682 1535 1764 crediderim,
1572 1683 1704 1768 nuptias
1731 1689 1804 1766 post
1831 1681 2092 1767 proconsulatum

459 1809 588 1874 Africae
618 1813 743 1873 aestate
771 1826 803 1871 a.
829 1808 890 1869 375
921 1805 1100 1871 celebratas
1127 1822 1201 1868 esse
1231 1803 1398 1869 concludo.
1445 1803 1558 1869 scribit
1587 1803 1671 1868 enim
1695 1801 1908 1887 Symmachus
1937 1808 2092 1867 autumno

459 1928 604 1995 eiusdem
627 1929 722 1993 anni:
758 1932 785 2010 1,
816 1931 851 1990 11
882 1928 995 1989 Baulos
1018 1928 1156 1988 Lucrina
1177 1925 1247 1987 sede
1269 1928 1475 2001 5551αυὶ5155,
1503 1945 1564 1986 nan
1593 1925 1673 2006 quod
1702 1929 1767 1986 eius
1797 1925 1967 1986 deversorii
1992 1926 2092 1985 551155

460 2053 643 2134 ceperimus,
670 2050 749 2133 quod
771 2068 840 2111 cum
862 2049 978 2111 diutius
1000 2050 1131 2128 uisitur,
1153 2047 1226 2127 plus
1249 2054 1389 2125 amatur,
1416 2045 1469 2107 sed
1491 2046 1570 2127 quod
1592 2053 1687 2107 melun
1706 2045 1783 2126 fuit,
1810 2065 1848 2106 ne
1870 2047 1899 2107 si
1921 2045 2090 2106 Baulorum

458 2173 535 2235 mebi
555 2172 727 2234 inolevisset
748 2170 891 2252 adfectio,
924 2178 1039 2248 cetero,
1073 2187 1151 2249 quac
1173 2168 1302 2230 uisenda
1324 2175 1413 2246 auat,
1438 2167 1644 2247 displicerent.
1691 2170 1865 2246 quactum
1889 2162 2092 2229 demumin-

458 2292 672 2375 telleguntur,
698 2289 727 2354 si
748 2289 782 2353 in
803 2288 845 2354 iis
867 2287 1021 2372 gaudium
1043 2306 1156 2353 reeens
1178 2287 1220 2353 de
1242 2286 1448 2371 possessione
1470 2291 1535 2350 tam
1559 2284 1733 2370 splendida
1755 2290 1889 2368 accepta
1910 2302 2087 2365 agnoscas3

459 2411 617 2496 siqnidem
640 2409 692 2475 bis
715 2409 821 2477 verbis
843 2408 978 2492 scriptor
1003 2408 1049 2472 uti
1078 2406 1134 2473 vix
1161 2405 1281 2491 potuit,
1315 2413 1483 2490 postquam
1513 2405 1545 2471 ei
1573 2404 1714 2471 adfectio
1735 2404 1909 2469 Baulorum
1938 2403 2003 2468 iam
2032 2423 2093 2487 per

458 2532 581 2615 aliquot
601 2550 703 2596 annos
725 2529 859 2596 inolevit
880 2536 914 2595 et
935 2526 1155 2595 deversorium
1177 2526 1259 2593 illud
1280 2525 1345 2592 iam
1369 2527 1499 2612 saepius
1522 2532 1555 2592 et
1576 2525 1698 2591 diutins
1720 2524 1825 2591 visum
1841 2531 1921 2590 erat.
1961 2530 2091 2609 propter

458 2658 597 2718 aetatem
620 2657 728 2717 551555
750 2650 922 2716 liberorum
945 2648 1128 2733 Symmachi
1151 2646 1386 2713 matrimonium
1409 2645 1479 2712 eius
1502 2647 1553 2712 vel
1576 2644 1746 2731 posteriori
1767 2643 1904 2729 tempori
1925 2643 2092 2710 adscribe-

458 2792 582 2855 remus,
609 2772 673 2837 nisi
695 2772 729 2836 in
752 2769 898 2855 epistulis
921 2768 965 2835 ad
987 2774 1110 2854 patrem
1134 2766 1258 2850 missis,
1283 2767 1340 2849 qui
1362 2787 1446 2832 anno
1467 2766 1532 2832 ianr
1556 2770 1618 2832 376
1641 2773 1783 2832 mortuus
1806 2771 1873 2843 est,
1899 2784 1962 2829 non
1985 2765 2090 2831 solum

458 2893 566 2959 uxoris
588 2892 780 2958 mentionem
804 2889 999 2974 1555551111),
1026 2887 1085 2954 sed
1107 2888 1203 2954 etiam
1227 2907 1317 2972 spem
1339 2886 1440 2972 prolis
1464 2906 1500 2952 se
1523 2886 1709 2972 concepisse
1730 2886 1955 2969 55555551111).

543 3011 996 3094 85655555155155551555111)
1024 3008 1062 3086 Q.
1088 3008 1209 3074 Fabius
1232 3007 1401 3074 Memmius
1424 3007 1636 3091 Symmachus
1647 3010 1695 3091 1119)
1727 3005 1859 3091 Olybrio
1881 3011 1915 3070 et
1936 3003 2086 3086 Probino,

457 3134 511 3215 qni
538 3138 569 3197 ln
589 3137 727 3216 pueritie
748 3152 778 3197 a.
806 3134 867 3196 395
891 3128 1316 3213 555551551551155551111),
1348 3134 1455 3193 551515
1477 3126 1645 3191 5555551511
1668 3126 1846 3211 5555511111),
1881 3130 2089 3207 quaesturam

457 3274 488 3318 a.
508 3256 570 3319 393
586 3256 741 3337 paruulus
756 3251 936 3335 gessit¹⁷²);
963 3270 995 3315 a.
1014 3251 1075 3313 395
1099 3248 1233 3314 Graecis
1256 3248 1371 3315 litteris
1393 3247 1539 3312 initiatur
1549 3248 1614 3329 ¹⁷³),
1640 3268 1672 3312 a.
1691 3249 1753 3312 398
1775 3254 1868 3333 pater
1889 3245 2089 3312 institutione

457 3374 527 3440 eius
556 3379 730 3458 occupatus
760 3374 889 3453 est¹⁷⁴],
922 3368 1041 3436 ultimis
1063 3389 1094 3433 a.
1121 3371 1184 3433 399
1214 3367 1329 3435 diebus
1357 3367 1493 3452 primam
1522 3368 1565 3433 ad
1594 3388 1667 3434 eum
1697 3367 1871 3451 epistulam
1900 3366 2084 3451 5551611111),

458 3514 489 3559 5.
515 3498 575 3558 401
607 3494 733 3559 rhetore
761 3492 833 3559 eius
864 3498 986 3557 mortuo
1014 3509 1133 3555 novum
1161 3488 1228 3555 tilio
1258 3494 1496 3574 praeceptorem
1528 3489 1730 3574 5555511111).
1776 3488 1884 3571 itaque
1913 3506 1985 3551 enm
2013 3492 2089 3552 ante

546 3822 602 3886 162)
624 3822 684 3885 275,
706 3822 753 3885 23,
775 3821 834 3883 308,
854 3819 879 3870 2.

546 3908 601 3970 163)
624 3908 685 3970 275,
706 3907 748 3957 35.

547 3994 606 4057 164)
626 3993 652 4056 2,
674 3994 715 4043 15.

545 4080 603 4143 165)
624 4080 684 4143 275,
705 4078 753 4142 35,
774 4077 834 4141 308,
856 4078 897 4127 tl.
918 4077 960 4128 23.
981 4076 1023 4127 28.

545 4166 601 4226 166)
623 4164 647 4229 8,
669 4166 685 4215 6
709 4165 741 4216 sd
764 4171 877 4229 patrem:
902 4180 959 4214 eum
983 4168 1033 4213 iam
1055 4163 1122 4226 tiliae
1138 4167 1231 4212 uestrae
1249 4163 1300 4211 dies
1317 4163 1411 4210 5515115
1429 4161 1565 4223 adpeteret,
1592 4161 1748 4211 emnnwdum
1765 4159 1883 4223 aderant,
1907 4175 1971 4224 quae
1988 4163 2088 4209 muneri

456 4254 586 4301 miseratis.
624 4267 653 4301 ea
674 4253 745 4301 nobis
766 4255 865 4301 inmane
889 4254 1011 4313 ,5551555
1027 4264 1086 4297 carc
1105 4255 1129 4297 et
1145 4252 1234 4311 prauis
1250 4248 1329 4309 fuere.
1368 4247 2088 4307 511555551555551555118555556111156151555-

457 4343 509 4401 551,
530 4344 596 4388 55515
614 4339 758 4401 5515515551
774 4351 906 4399 pennense
923 4350 991 4386 meus
1008 4349 1058 4385 non
1076 4337 1143 4400 ,11155
1159 4341 1269 4399 cubae,
1291 4348 1373 4397 nequa
1391 4348 1435 4395 pro
1454 4348 1559 4383 munere
1576 4336 1652 4383 sororl
1670 4334 1727 4383 dato
1745 4348 1775 4382 es
1791 4335 1888 4383 ratione
1906 4333 1999 4395 gratias
2018 4333 2086 4396 egla-

457 4429 505 4485 set,
525 4426 597 4486 quasi
614 4425 666 4486 tpsi
684 4424 794 4473 delatam
813 4429 889 4473 55551.

545 4509 604 4572 167)
624 4510 649 4574 6,
673 4509 704 4559 14
721 4510 821 4572 praedio
838 4510 950 4559 Ostiensi
968 4514 1071 4571 epatre
1089 4508 1189 4557 muneri
1207 4511 1315 4571 accepto,
1336 4507 1395 4556 daos
1412 4511 1544 4569 precatur,
1562 4510 1592 4554 at
1610 4504 1676 4554 datie
1693 4508 1721 4555 in
1738 4519 1866 4554 commune
1882 4519 1968 4555 amnes
1984 4507 2087 4565 lanpum

456 4597 573 4657 fruamur
590 4600 720 4660 sintque
737 4610 772 4644 eu
788 4596 892 4658 nabis,
914 4596 1004 4657 quibus
1024 4594 1134 4643 Ostiense
1149 4593 1282 4655 praedicem
1299 4599 1382 4642 nostra
1401 4592 1500 4654 tradicio,
1520 4597 1599 4641 cestro
1617 4592 1732 4642 1551151555
1749 4594 1867 4653 exemplo.

546 4682 603 4745 168)
626 4683 685 4745 105,
707 4681 737 4745 3,
760 4681 819 4744 125,
843 4681 888 4744 18,
912 4681 969 4742 144,
992 4681 1038 4744 16,
1061 4680 1120 4744 154,
1140 4679 1188 4744 28,
1212 4678 1270 4742 183,
1290 4680 1316 4729 6.

545 4767 602 4831 169)
622 4769 717 4818 Nomen
737 4771 862 4829 integrum
880 4770 1002 4831 praebent
1018 4769 1089 4816 titnll
1107 4766 1137 4817 O.
1157 4766 1179 4816 1.
1201 4769 1229 4817 L.
1250 4767 1288 4816 VI
1308 4764 1388 4827 1699,
1412 4765 1477 4816 1782
1495 4770 1522 4815 51
1539 4767 1717 4829 inscriptiones
1735 4764 1848 4814 codicum
1865 4764 1893 4812 in
1912 4764 1969 4812 edu.
1991 4761 2023 4811 42
2043 4776 2084 4810 rs·
2118 4804 2123 4811 .

457 4857 531 4905 latae.
567 4862 653 4904 utrum
672 4857 715 4903 lex
732 4856 789 4904 data
807 4856 831 4904 d.
848 4853 880 4904 28
893 4857 959 4917 Aug.
980 4869 1002 4905 s.
1017 4854 1068 4904 415
1087 4854 1147 4903 Cod.
1169 4852 1263 4903 Theod.
1283 4853 1320 4901 XI
1340 4852 1383 4915 30,
1397 4852 1429 4902 65
1449 4852 1594 4915 Symmacho
1609 4851 1752 4914 proconsuli
1770 4851 1869 4911 Asrmae
1887 4849 1918 4897 sd
1935 4848 2084 4896 Memmium

456 4940 587 4989 referenda
604 4943 639 4990 sit
656 4955 688 4990 sa
707 4940 738 4990 sd
757 4942 889 4991 Aurelium
901 4943 1019 4992 Anulum
1032 4941 1207 5002 Symmachum
1225 4942 1379 5001 praetactum
1399 4941 1453 4988 urbi
1472 4955 1493 4988 a.
1509 4937 1638 5002 419-20,
1658 4940 1793 5000 ignoratur.
1832 4936 1862 4984 de
1881 4938 1987 4998 posteris
2006 4934 2083 4983 Mem-

370 5086 375 5099 ·
456 5029 501 5076 mli
520 5027 661 5088 Symmachi
680 5044 704 5077 r.
724 5028 785 5091 1151,
805 5031 823 5079 1.
844 5030 863 5077 l.
883 5043 909 5091 p.
929 5029 1018 5077 XXVI
1037 5028 1114 5077 5111.
1135 5029 1242 5089 7555555,
1263 5026 1407 5077 Anscdoton
1427 5026 1539 5089 Holdsri,
1559 5027 1660 5087 Lipsiae
1680 5024 1755 5075 1877.

544 5114 600 5176 170)
621 5115 726 5166 Hieron.
746 5116 820 5178 epist.
842 5114 900 5176 130,
921 5114 951 5179 3,
973 5115 1061 5164 Olaud.
1082 5116 1109 5163 ia
1128 5127 1194 5164 cons.
1217 5112 1301 5173 Olybr.
1322 5118 1348 5162 51
1366 5113 1437 5162 Proh.
1459 5112 1502 5162 62.

546 5199 602 5263 171)
623 5202 715 5262 symm.
739 5200 799 5264 144,
821 5201 852 5251 16
875 5201 988 5250 studium
1014 5203 1050 5249 551
1069 5201 1198 5249 venaticas
1217 5200 1243 5248 ln
1263 5200 1362 5258 Olybrio
1381 5205 1407 5247 51
1424 5199 1531 5249 Prohinc
1548 5198 1653 5247 laudans
1672 5197 1757 5246 addit:
1784 5195 1817 5245 cd
1836 5196 1894 5243 baec
1911 5197 1986 5243 etiam
2003 5208 2084 5244 mesen

462 5288 645 5351 Symmachum,
666 5305 733 5338 cum
751 5289 967 5350 subcreverit,
989 5302 1140 5350 quemqnam
1157 5288 1261 5335 unicum
1278 5285 1429 5335 cohortabor.

544 5373 603 5433 172)
626 5374 682 5438 130,
704 5375 720 5424 6
738 5378 905 5437 quaestorium
921 5374 1023 5435 paruuli
1040 5376 1118 5422 nestri
1134 5386 1226 5422 munus
1243 5371 1394 5421 5555155555.
1432 5373 1466 5421 51.
1486 5372 1569 5420 adnot.
1592 5369 1633 5420 tt.

544 5460 602 5524 173)
626 5461 684 5524 104,
707 5460 739 5510 35
757 5461 818 5510 dum
835 5462 904 5525 iilius
921 5474 990 5509 meus
1006 5460 1106 5509 Graecis
1124 5461 1210 5509 litteris
1228 5461 1351 5521 initiatur,
1372 5473 1414 5520 epa
1430 5472 1470 5507 me
1487 5458 1568 5507 denuo
1586 5456 1675 5506 stadiis
1693 5458 1745 5504 sins
1762 5456 1829 5503 uelut
1842 5455 1955 5516 aequalis
1966 5452 2082 5502 odiunai.

544 5545 600 5610 174)
624 5547 683 5609 125,
706 5546 752 5611 18,
775 5547 832 5609 170,
853 5546 894 5597 25.

545 5632 601 5696 175)
625 5633 684 5698 177,
704 5634 720 5683 5
738 5648 807 5683 sume
825 5635 908 5682 alacer
922 5616 1022 5693 paterni
1040 5634 1158 5680 senmnts
1175 5634 1358 5693 auspicium
1375 5635 1398 5679 et
1415 5630 1528 5693 deinceps
1546 5629 1625 5694 efflui
1640 5631 1730 5691 parilis
1748 5631 1776 5677 in
1791 5641 1837 5677 noe
1854 5631 1905 5675 eata
1923 5625 2064 5688 munificus.

546 5717 603 5779 176)
625 5718 682 5781 162,
703 5718 736 5770 28
754 5720 784 5768 55
803 5720 902 5769 inlustri
920 5722 973 5767 uiro
989 5716 1114 5780 praesecto
1131 5718 1263 5768 Hadriano
1285 5718 1384 5767 (iulium
1402 5719 1532 5780 rhetorem,
1552 5719 1747 5779 quamproxime
1768 5715 1886 5764 dometius
1903 5718 1985 5762 noster
2003 5715 2085 5772 tapes·

456 5810 528 5861 serat,
547 5806 706 5867 postulemus,
725 5822 756 5856 ne
772 5810 907 5868 pipponem
924 5810 1066 5857 nostrorum
1083 5804 1177 5854 indoles
1196 5807 1223 5853 in
1239 5805 1352 5866 prosectu
1368 5809 1450 5866 positu
1466 5804 1601 5853 deseratur.
