4746 6472
975 504 1088 558 arnan
1105 505 1143 559 11.
1828 514 1869 574 45

242 687 403 773 epistulae
424 688 594 785 paginam3
621 700 684 755 tam
707 691 809 756 multa
830 696 930 772 erant,
958 712 1041 776 quae
1063 693 1206 777 gaudere
1230 694 1397 775 deberem,
1425 715 1496 761 curn
1519 703 1629 762 essent
1650 717 1765 782 pauca,
1789 718 1874 782 quae
1897 702 2000 764 PVF

242 793 397 876 legerem.
443 798 478 858 tu
506 799 616 858 tamen
643 794 821 877 posthaec
851 802 1025 879 memento,
1062 797 1160 862 etiam
1193 797 1372 864 familiares
1405 799 1533 864 chartas
1562 798 1669 883 rigare
1698 800 1914 868 facundiael

243 902 317 961 tuae
352 895 463 981 copiis.
520 915 626 978 neque
659 896 744 962 enim
777 904 809 962 te
843 899 1007 980 exhaurit,
1048 900 1134 983 quod
1166 899 1353 966 adeuntium
1387 921 1500 986 preces
1533 902 1698 968 indefesso
1731 904 1874 970 absolvis

244 997 373 1080 adfatu,
414 998 499 1082 quod
528 999 706 1066 venerandi
735 1000 889 1085 principis
922 1009 1060 1068 mentem
1093 1003 1235 1087 loqueris
1267 1004 1415 1071 oraculis.
1477 1004 1541 1071 sint
1574 1005 1638 1071 ista
1674 1006 1778 1092 prima
1813 1027 1875 1073 nec

215 1110 349 1270 stpmen
373 1103 454 1167 sola.
501 1108 625 1168 tantum
655 1124 793 1186 namque
822 1105 952 1188 publico
982 1105 1055 1171 usui
1076 1127 1097 1171 a
1118 1113 1150 1172 te
1172 1107 1277 1192 patior
1297 1108 1446 1193 inpendi,
1481 1115 1517 1174 ut
1538 1109 1619 1174 nihil
1642 1110 1771 1175 solaciis
1793 1110 1873 1176 meis

266 1206 403 1272 etrabat.

885 1534 979 1599 VIIII
1012 1541 1087 1600 ante
1102 1556 1133 1599 a.
1152 1538 1226 1600 395.

708 1672 968 1738 SYMMAOHVS
993 1672 1212 1739 FLAVIANO
1234 1674 1404 1740 FRATRI.
1893 1683 1966 1744 PV

330 1846 372 1910 Et
399 1844 445 1911 tui
475 1844 582 1910 cultus
611 1851 643 1909 ct
672 1844 734 1910 mei
763 1843 859 1910 officii
888 1845 994 1929 gratia
1026 1846 1190 1929 quaelibet
1219 1845 1261 1911 ad
1292 1847 1495 1913 scribendum
1529 1850 1754 1934 amplectenda
1786 1860 1873 1918 esset

203 1967 228 2007 ¹⁰
247 1949 386 2030 occasio,
413 1954 537 2013 tantum
560 1947 662 2029 abest,
688 1955 724 2013 ut
745 1968 815 2013 eam
831 1950 1004 2032 praeterire
1021 1949 1196 2030 debuerim,
1223 1970 1319 2033 quam
1335 1951 1415 2016 civis
1429 1951 1576 2034 ingessit.
1624 1954 1772 2037 agnoscis
1787 1954 1871 2020 enim

246 2052 285 2118 de
314 2058 438 2137 septem
468 2051 630 2117 montibus
653 2051 755 2116 virum
778 2059 811 2118 et
833 2051 919 2118 domi
941 2054 1104 2136 cognitum
1126 2053 1267 2119 bonitate
1290 2055 1419 2138 generis
1442 2060 1474 2121 et
1495 2055 1573 2121 foris
1595 2063 1702 2124 aetate
1724 2057 1870 2124 militiae.

246 2175 300 2240 pro
329 2175 393 2238 quo
421 2155 500 2220 mihi
528 2153 616 2238 apud
645 2162 677 2221 te
706 2154 793 2237 loqui
823 2156 955 2239 longum
983 2162 1124 2222 nonest
1152 2175 1299 2223 necesse.
1345 2157 1579 2223 commendatio
1609 2159 1694 2225 enim
1717 2162 1874 2245 praestari

246 2257 342 2324 debet
362 2258 551 2342 incognitis,
583 2258 659 2324 huic
681 2278 756 2324 vero
778 2258 822 2324 ad
844 2259 1098 2325 conciliationem
1120 2260 1245 2344 gratiae
1267 2266 1342 2327 tuae
1372 2260 1509 2345 sufficit,
1542 2261 1628 2345 quod
1657 2270 1689 2328 et
1710 2264 1873 2331 Romanus

246 2368 278 2428 et
298 2360 423 2429 amicus
444 2369 505 2428 est.

918 2689 950 2753 X
979 2694 1055 2754 ante
1070 2711 1101 2754 a.
1122 2692 1195 2753 395.

708 2827 966 2894 SYMMAOHVS
988 2826 1207 2893 FLAVIANO
1230 2828 1400 2894 FRATRI.
1892 2831 2006 2893 PVM

329 2998 457 3065 Iustitia
478 2998 609 3081 quidem
633 2998 821 3083 suffragium
843 3020 906 3064 non
928 2999 1069 3083 requirit,
1097 3000 1155 3066 sed
1178 2999 1391 3065 amicitiarum
1413 3000 1603 3084 plerumque
1626 3006 1771 3085 respectu
1794 3021 1872 3067 eau-

245 3123 352 3169 sarum
382 3102 529 3168 celeritas
559 3103 740 3168 adiuvatur.
788 3122 939 3185 quorsum
967 3103 1073 3187 istud,
1103 3104 1253 3187 inquies‘t
1281 3111 1317 3169 ut
1347 3103 1470 3169 noverit
1496 3103 1615 3169 eximia
1637 3103 1782 3186 dignatio
1804 3111 1869 3187 tua,

246 3227 375 3293 sperare
397 3205 527 3289 quidem
550 3206 654 3271 virum
676 3206 873 3272 laudabilem
896 3206 1105 3272 Carissimum
1127 3228 1167 3274 en
1190 3207 1358 3275 comitibus
1380 3207 1420 3273 de
1442 3206 1564 3290 negotii
1585 3207 1755 3290 qualitate,
1788 3208 1874 3290 quod

199 3316 386 3395 cooptatum
417 3308 537 3374 exitum
564 3309 666 3394 poscit
692 3308 847 3394 adipisci,
881 3309 940 3374 sed
967 3309 1174 3394 intellegere,
1210 3328 1374 3376 cessurum
1397 3310 1458 3375 sibi
1480 3309 1603 3393 aliquid
1625 3309 1668 3375 ad
1690 3331 1875 3394 promeren-

246 3413 321 3478 dum
344 3412 484 3479 studium
506 3412 692 3496 cognitoris,
728 3413 756 3477 si
784 3412 865 3478 meis
888 3412 1002 3478 litteris
1025 3412 1186 3479 fulciatur.
1233 3432 1354 3496 quaeso
1376 3413 1491 3497 igitur,
1518 3419 1553 3477 ut
1575 3411 1662 3493 eius,
1688 3433 1784 3496 quem
1806 3413 1873 3478 fra-

245 3522 337 3581 terna
357 3515 538 3582 adfectione
561 3517 760 3601 conplector,
787 3522 877 3581 orata
899 3535 1099 3600 promoveas.
1145 3536 1228 3598 quae
1250 3516 1323 3582 ideo
1346 3514 1600 3582 commendanda
1623 3515 1765 3599 suscepi,
1797 3515 1874 3597 quia

246 3638 347 3685 mores
368 3623 506 3704 petentis
528 3618 716 3704 expendens
739 3638 845 3701 aequa
867 3637 940 3684 esse
961 3618 1174 3704 praesumpsi.

907 3945 956 4010 XI
991 3952 1067 4012 ante
1082 3967 1113 4010 a.
1133 3949 1207 4011 395.

202 4100 230 4142 rs
709 4083 969 4168 SYMMAOHVS
994 4083 1213 4149 FLAVIANO
1236 4083 1406 4148 FRATRI.

331 4256 383 4322 Ad
404 4256 479 4322 idus
501 4257 699 4322 Novembres
722 4256 857 4321 Romam
879 4273 1046 4339 regressus
1066 4292 1110 4302 -
1131 4275 1206 4319 nam
1228 4261 1260 4320 te
1282 4274 1409 4338 quoqne
1430 4254 1516 4321 idem
1539 4253 1650 4340 putavi
1671 4272 1744 4320 esse
1767 4253 1873 4319 faetu-

248 4382 314 4426 rum
343 4398 386 4408 -
413 4359 587 4426 adventum
616 4365 706 4424 tuum
733 4358 929 4444 inpatienter
958 4358 1117 4444 opperior.
1164 4365 1197 4425 et
1226 4376 1305 4424 sane
1335 4358 1402 4423 scio
1431 4357 1556 4423 litteras
1586 4376 1676 4423 meas
1705 4356 1764 4423 tibi
1786 4357 1874 4423 baud

248 4465 342 4548 longe
371 4464 413 4529 ab
441 4464 519 4529 urbe
549 4461 743 4529 reddendas.
790 4483 865 4527 nam
894 4468 1025 4528 sanctus
1046 4461 1221 4543 Patricius,
1254 4481 1349 4545 quem
1371 4462 1553 4547 praesulem
1580 4460 1705 4526 itineris
1731 4460 1779 4525 tui
1801 4478 1874 4525 esse

249 4567 393 4649 voluisti,
425 4566 515 4632 brevi
544 4573 577 4632 te
605 4564 718 4630 adfore
747 4564 917 4631 nuntiavit.
964 4563 1010 4630 dii
1041 4571 1166 4631 vertant
1187 4565 1285 4630 benel
1317 4584 1376 4648 pro
1396 4569 1539 4650 tempore
1561 4582 1666 4648 pauca
1687 4562 1870 4645 libavimus,

204 4685 230 4726 ³⁰
249 4670 306 4736 sed
328 4669 448 4736 fabulis
471 4669 566 4754 plura
588 4688 767 4734 servamus.

334 5031 431 5101 ltsm]
448 5033 587 5094 Scioppius,
607 5032 656 5080 lam
671 5029 751 5094 Pro,
771 5031 865 5079 camd*
966 5029 1104 5093 lpostbae
1122 5030 1216 5077 Pam.
1232 5030 1255 5076 Ρ
1356 5032 1435 5076 earm
1453 5027 1522 5074 PVF
1622 5026 1844 5075 3exbauseritF

247 5121 412 5170 adenuncium
438 5118 465 5182 V,
485 5119 644 5180 cupientium
663 5118 686 5164 Ρ
796 5116 934 5179 lquier>
1036 5121 1121 5164 mente
1138 5116 1248 5177 loqueris
1267 5121 1293 5163 at
1312 5114 1335 5160 Ρ
1436 5117 1496 5161 sunt
1515 5113 1538 5159 Ρ
1639 5110 1794 5180 bnamque]
1810 5128 1875 5175 quau

248 5207 284 5256 elo
301 5206 324 5254 Ρ
424 5204 440 5255 6
459 5204 575 5253 detrahas
598 5201 686 5266 VFll')
794 5203 851 5251 nale
869 5202 927 5251 cdd.
947 5201 967 5251 V

333 5292 415 5343 Rom.
434 5292 461 5352 V,
482 5296 559 5340 totam
577 5291 709 5352 epistolum
726 5302 773 5338 em.
790 5287 819 5336 Μ
931 5287 962 5336 10
981 5289 1052 5336 clueo
1069 5286 1117 5334 PV
1227 5286 1256 5335 11
1277 5291 1373 5348 reptem
1393 5283 1421 5347 F,
1442 5290 1515 5346 septe
1534 5282 1606 5333 Pro
1709 5283 1879 5331 meutlbnaP

250 5379 281 5429 13
298 5379 434 5440 incognitis
454 5379 491 5439 (iu
510 5380 537 5426 ln
553 5376 616 5439 rus.)
638 5375 661 5423 P
765 5374 795 5424 14
815 5376 871 5424 nale
888 5374 948 5423 odd.
967 5374 989 5423 l'

335 5465 433 5516 idern.
452 5462 502 5511 VM
632 5461 665 5511 20
683 5458 773 5528 possit]
792 5461 828 5523 M,
848 5462 929 5522 poscit
947 5461 995 5510 Pl'
1124 5461 1183 5522 sort.
1204 5459 1275 5509 scrib.
1296 5471 1453 5507 accessurum
1585 5455 1618 5505 23
1637 5450 1729 5521 mores]
1750 5454 1875 5511 trucetas,

249 5555 352 5602 maiores
372 5549 514 5613 Pullum)
621 5553 738 5611 petentes
757 5547 808 5607 Pl',
829 5552 934 5610 petente
953 5545 982 5594 Μ
1085 5548 1140 5595 eale
1158 5546 1216 5596 odd.
1235 5545 1283 5594 VM

317 5636 350 5687 25
368 5651 418 5686 em,
438 5635 486 5684 Vll
621 5634 654 5685 21
674 5640 719 5683 ant
737 5632 872 5683 le.l'
1002 5631 1035 5682 29
1054 5633 1221 5681 brenltatel'
1350 5629 1478 5679 nuutlabit
1498 5629 1545 5677 Pl
1559 5628 1632 5677 m.V
1769 5626 1801 5675 30
1821 5629 1877 5675 urle

251 5722 309 5773 odd.
333 5722 381 5773 VM
