4736 6478
904 490 1018 548 LIBER
1034 491 1101 546 1111.
1122 490 1157 547 V.
1194 544 1197 551 .

1000 855 1060 920 nr.

812 1008 1246 1085 commensurari.
1411 995 1419 1012 '
1818 1110 1822 1117 ι
1867 1013 1970 1077 rvr

270 1158 272 1162 v
306 1183 466 1269 Scriptum
488 1182 568 1248 mihi
590 1191 681 1259 tuum
699 1180 868 1248 Probatins
889 1201 992 1268 nuper
1014 1180 1169 1264 exhibuit,
1196 1188 1292 1266 atque
1314 1203 1355 1248 ex
1378 1202 1416 1248 eo
1439 1184 1518 1251 mihi
1539 1184 1712 1268 plurimum
1734 1191 1845 1266 gratn-

220 1288 349 1353 lationis
370 1287 524 1369 acoessit,
557 1286 643 1370 quod
671 1285 731 1353 tibi
759 1306 815 1370 pro
844 1293 918 1352 voto
948 1285 1056 1351 omnia
1085 1305 1256 1372 superesse
1285 1287 1430 1370 cognovi.
1471 1287 1507 1353 id
1536 1294 1571 1354 ut
1600 1307 1699 1374 saepe
1728 1287 1842 1372 facias,

190 1411 202 1450 ι
220 1412 348 1457 monere
371 1412 435 1457 non
456 1390 575 1467 debeo,
601 1410 672 1456 cum
695 1397 873 1476 spontanea
894 1389 1002 1455 officia
1024 1389 1152 1455 stimulo
1174 1390 1406 1457 exhortationis
1429 1414 1492 1457 non
1515 1398 1663 1477 oporteat
1683 1390 1820 1458 incitari.

812 1716 883 1793 AD
914 1716 1249 1795 THEODORVM.

871 1890 937 1956 IIII
969 1897 1092 1957 antea.
1112 1893 1186 1956 390.

305 2066 463 2131 Bonorum
486 2064 637 2148 frequens
659 2063 868 2147 adstipulatio
890 2062 931 2129 de
954 2061 1073 2129 sanetis
1091 2063 1232 2129 moribus
1255 2064 1318 2129 tuis
1340 2064 1373 2129 in
1396 2065 1456 2131 boc
1478 2084 1529 2130 me
1551 2063 1747 2131 desiderium
1770 2086 1844 2151 pro-

218 2168 358 2249 vocavit,
385 2175 420 2235 ut
440 2166 601 2233 amicitias
622 2174 695 2233 tuas
716 2166 911 2251 inpatienter
932 2172 1091 2251 exoptem.
1136 2187 1210 2232 nam
1233 2166 1288 2251 qui
1309 2167 1450 2233 omnium
1472 2184 1618 2235 sermone
1641 2169 1845 2236 celebrantur

174 2289 200 2330 ro
219 2278 251 2337 et
272 2270 441 2356 probitatis
467 2269 565 2336 laude
588 2269 750 2354 conspicui
774 2276 863 2351 sunt,
896 2268 1076 2352 incognitos
1098 2288 1241 2354 quosque
1270 2271 1313 2337 ad
1342 2292 1483 2338 amorem
1505 2272 1653 2357 propriae
1676 2272 1844 2339 familiari-

218 2374 294 2440 tatis
315 2374 463 2439 invitant.
504 2393 580 2457 ergo
603 2374 631 2439 si
653 2374 735 2440 baec
756 2373 930 2439 voluntatis
952 2393 1044 2439 meae
1066 2394 1129 2439 non
1152 2374 1336 2457 aspernaris
1357 2373 1495 2456 indicia,
1523 2375 1681 2460 repende,
1707 2396 1839 2459 quaeso,

105 2486 114 2495 ’
218 2478 439 2562 conloquium,
470 2483 505 2542 ut
533 2484 566 2542 et
593 2475 671 2543 facti
701 2475 764 2543 mei
786 2476 1025 2543 confirmatione
1048 2475 1207 2558 delecter,
1240 2478 1388 2561 quamvis
1411 2483 1542 2544 mutuae
1563 2477 1757 2546 adfectionis
1778 2479 1843 2545 iam

218 2587 345 2647 teneam
367 2578 582 2666 sponsionem.

937 2870 966 2937 V
995 2873 1120 2972 ⁸239&

173 3048 199 3091 ιι
848 3026 908 3092 ΑΙ)
930 3026 1209 3095 THEODORVM.

302 3200 455 3284 Spectata
476 3207 540 3281 est,
566 3207 602 3266 ut
623 3200 774 3281 arbitror,
801 3197 860 3265 tibi
880 3199 1042 3266 amicitiae
1063 3220 1156 3267 meae
1179 3202 1310 3268 veritas.
1349 3201 1424 3267 bine
1446 3202 1566 3268 factum
1589 3210 1651 3285 est,
1678 3209 1714 3269 ut
1732 3223 1787 3268 me
1808 3203 1842 3268 in

216 3302 407 3369 consortium
430 3302 582 3368 festorum
604 3310 729 3369 tuorum
752 3303 863 3369 consul
885 3302 1019 3369 accires.
1066 3311 1264 3388 praestetur,
1295 3325 1365 3387 oro,
1387 3304 1449 3379 ‚his
1471 3304 1587 3372 litteris
1609 3304 1724 3372 eadem
1746 3305 1839 3388 tides,

216 3425 300 3490 quae
328 3426 387 3472 nos
417 3405 603 3472 evocatione
633 3405 750 3489 dignos
778 3405 937 3489 probavit.
983 3404 1040 3472 diu
1068 3406 1152 3472 inter
1177 3404 1374 3473 desiderium
1403 3407 1450 3473 tui
1471 3414 1506 3474 et
1526 3407 1613 3474 unici
1641 3409 1705 3475 mei
1734 3430 1842 3476 euram

216 3508 333 3575 dubius
354 3506 523 3574 electionis
544 3508 697 3594 pependi.
735 3514 810 3574 tuus
832 3509 933 3575 honor
954 3508 1114 3576 suadebat
1135 3509 1384 3596 profectionem,
1407 3510 1494 3578 illius
1516 3511 1672 3579 institutio
1693 3521 1843 3600 praeten-

170 3631 198 3674 ιο
217 3612 316 3679 debat
337 3612 451 3678 obvias
472 3630 598 3677 manus.
638 3612 769 3679 tandem
792 3618 921 3679 secutus
941 3632 1022 3697 snm,
1048 3614 1133 3697 quod
1154 3615 1225 3701 ipse
1247 3614 1393 3682 fecisses.
1433 3614 1540 3682 officia
1561 3616 1646 3682 enim
1668 3616 1728 3682 illa
1749 3616 1842 3682 laeti-

117 3740 137 3771 s
216 3717 280 3783 tiae
304 3722 389 3798 sunt,
414 3716 477 3782 ista
498 3715 639 3803 pietatis.
679 3723 755 3783 tuae
777 3716 1000 3802 amplitudinis
1021 3718 1165 3785 curulem
1187 3718 1351 3803 stipabunt
1372 3717 1526 3803 obsequia
1547 3720 1737 3797 multorum;
1768 3719 1843 3785 huic

216 3818 248 3884 in
270 3821 340 3885 solo
362 3826 452 3903 patre
473 3826 574 3885 totum
596 3826 657 3885 est.
704 3821 798 3905 plura
820 3840 876 3905 pro
898 3820 992 3885 nobis
1014 3821 1316 3905 indulgentissimus
1337 3821 1371 3887 in
1394 3841 1469 3888 suos
1491 3821 1619 3889 animus
1640 3829 1715 3889 tuus
1736 3829 1842 3890 tecum

215 3922 378 4005 loquetur;
406 3922 456 3988 eui
472 3942 533 4005 ego
555 3922 772 3989 excusationis
787 3942 880 3990 meae
902 3923 1036 4007 iniungo
1050 3931 1169 4009 partes,
1194 3925 1271 4008 quia
1292 3925 1401 3991 verbis
1420 3924 1547 4009 agenda
1568 3945 1633 3991 non
1649 3930 1733 4008 sunt,
1759 3945 1842 4009 quae

215 4024 331 4091 melius
352 4025 581 4111 interpretatur
601 4024 753 4092 adfectio.
1641 4018 1643 4023 ’

169 4335 198 4380 rs
926 4319 972 4385 VI
1001 4339 1033 4386 a.
1052 4321 1126 4387 39&

846 4474 906 4540 AD
928 4474 1207 4543 THEODORVM.
1860 4484 1972 4549 PVM

300 4646 417 4710 Filium
440 4666 547 4711 mcum
569 4645 760 4711 Flavianum
784 4647 969 4713 consulatus
992 4655 1066 4713 tuus
1087 4626 1216 4714 revocat
1236 4650 1270 4714 in
1284 4652 1408 4740 ,lucem
1448 4653 1567 4735 nescio,
1592 4673 1634 4731 an
1657 4674 1729 4719 eum
1752 4674 1840 4719 eom-

215 4749 366 4814 mendare
388 4747 447 4813 tibi
469 4747 616 4831 debeam,
642 4748 694 4814 cui
716 4750 832 4815 summi
853 4749 965 4834 gaudii
986 4758 1097 4818 auctor
1118 4749 1219 4819 fuisti.
1266 4772 1362 4821 serra
1382 4754 1498 4840 igitur,
1524 4775 1595 4836 oro,
1630 4757 1838 4843 depromptae

214 4852 245 4917 in
268 4872 341 4918 eum
363 4851 572 4936 benignitatis
594 4858 753 4932 tenorem;
781 4853 841 4919 etsi
864 4853 924 4920 boc
945 4874 966 4920 a
985 4855 1167 4921 constantia
1187 4862 1244 4922 tna
1265 4857 1458 4943 sperandum
1482 4858 1587 4943 magis
1610 4879 1705 4942 quam
1729 4867 1835 4945 postu-

34 4968 38 4979 ’
170 4974 197 5017 so
214 4955 345 5022 landum
368 4961 428 5021 est.
474 4954 663 5022 indubium
686 4955 965 5024 enimvoluntarii
991 4959 1111 5024 amoris
1133 4959 1214 5026 fides
1237 4981 1300 5027 non
1323 4962 1421 5027 venit.

298 5287 314 5337 2
332 5287 362 5336 sd
380 5287 528 5336 iamlantam
547 5285 575 5348 P,
596 5300 644 5335 cm
663 5286 707 5334 Vl*
806 5286 821 5336 3
839 5289 977 5350 plurimum
995 5291 1058 5339 mlbl
1080 5290 1101 5338 V

299 5373 315 5423 6
332 5374 416 5436 explic
433 5374 464 5422 ad
482 5373 654 5434 resonantem
673 5375 704 5423 ad
721 5374 868 5423 theodorum
887 5375 915 5439 P,
935 5390 984 5427 cm.
1005 5377 1047 5424 VF
1173 5378 1189 5427 8
1207 5379 1328 5428 honorum
1347 5380 1371 5426 F
1500 5382 1617 5429 oneribus
1634 5396 1696 5431 corr.
1717 5385 1746 5430 ia
1763 5384 1838 5431 mori-

215 5461 260 5509 bus
277 5460 300 5507 P
403 5457 419 5507 9
436 5456 561 5526 sermone]
578 5472 620 5509 ors
638 5460 660 5508 F
763 5460 792 5511 11
812 5475 890 5524 quaro
913 5462 934 5509 V
1037 5461 1068 5514 12
1087 5471 1114 5513 et
1132 5478 1179 5514 om.
1199 5464 1241 5512 VF

264 5575 268 5588 ι
300 5546 331 5596 15
349 5562 398 5597 om.
418 5547 461 5594 VF
555 5546 585 5597 ll
604 5547 713 5596 adsclrss
729 5548 773 5596 VF
867 5548 898 5600 18
915 5547 1043 5617 probauit]
1060 5552 1220 5601 tuoioeuttr
1304 5551 1438 5622 dlnlnter]
1455 5554 1582 5603 diuinitus
1599 5554 1641 5600 VF
1739 5554 1769 5605 rs
1787 5556 1838 5604 lec

214 5634 288 5682 ttouls
310 5633 353 5682 Vl?
469 5634 594 5698 perpendi
611 5634 635 5682 F
753 5633 783 5685 21
805 5635 971 5699 stipabsntP
1090 5635 1122 5688 22
1141 5639 1238 5687 mimos
1256 5638 1397 5688 PimV
1518 5638 1550 5689 23
1569 5643 1687 5703 loquetur
1706 5642 1800 5692 le.

215 5731 263 5769 non
279 5733 327 5769 om.
349 5720 372 5767 1³
1706 5760 1710 5765 .

298 5804 398 5855 lborn.
419 5804 465 5852 VM
567 5805 600 5856 28
617 5821 718 5855 reseras
740 5806 789 5854 VM
890 5822 932 5857 oro
948 5808 1037 5861 orn.V
