4736 6478
957 512 1072 568 LIBER
1089 512 1140 568 ΙΙΙ.
1822 516 1861 577 77

242 719 363 782 quoque
398 700 432 766 in
468 720 542 767 eum
577 701 690 767 favore
726 701 882 785 delector,
921 711 1085 788 tamquam
1115 702 1239 787 aliquid
1268 702 1338 786 ipse
1366 702 1570 786 praestiterit.
1619 723 1689 768 oum
1719 722 1783 786 quo
1812 702 1863 767 in·
1887 700 1918 762 P
2012 706 2016 713 ’

241 804 369 869 lustrem
392 803 494 870 virum
518 805 691 890 Syagrium
713 804 794 871 fides
816 812 904 872 certa
925 813 975 874 est
997 828 1126 893 operam
1148 809 1252 873 bonae
1273 806 1377 889 frugis
1400 805 1560 871 adnisum.
1599 807 1686 890 quod
1708 827 1746 872 eo
1768 808 1810 872 ad
1831 813 1864 871 te

242 906 440 974 scribendum
462 907 584 993 putavi,
610 914 646 973 ut
666 908 803 993 gratiam
826 915 967 976 nostram
988 910 1134 978 adsertor
1155 909 1289 977 sedulus
1311 908 1511 994 exsequaris.

1012 1203 1086 1268 XX.

792 1341 1053 1408 SYMMnchs
1079 1341 1310 1409 sansonie.

324 1512 463 1596 Elegisti
485 1513 653 1579 materiam
676 1513 868 1597 proniorem.
915 1513 1186 1580 adcommodatior
1213 1523 1263 1580 est
1289 1514 1375 1581 enim
1404 1515 1568 1597 querellae
1594 1514 1695 1579 oratio
1726 1514 1867 1579 bumana

245 1635 335 1697 quam
358 1615 496 1698 gratiae.
543 1636 608 1698 qua
630 1636 728 1682 causa
750 1615 870 1682 factum
892 1623 986 1701 puto,
1013 1623 1048 1683 ut
1069 1638 1121 1683 me
1142 1617 1371 1684 taciturnitatis
1393 1618 1580 1699 incesseris,
1606 1636 1678 1682 curn
1701 1623 1866 1702 perpetem

244 1738 348 1784 curam
378 1718 506 1785 dandae
536 1727 569 1786 et
598 1719 784 1786 reddendae
814 1720 928 1786 salutis
957 1720 1096 1786 adnitar.
1144 1720 1230 1803 quod
1259 1721 1389 1805 quidem
1412 1741 1463 1786 me
1485 1721 1606 1786 libente
1628 1720 1744 1787 fecisti.
1790 1743 1866 1786 nam

245 1822 296 1905 qui
317 1821 412 1888 alteri
434 1824 549 1908 culpae
572 1822 660 1889 ducit
682 1823 780 1889 oflicii
801 1824 1052 1908 neglegentiam,
1078 1825 1247 1909 pollicetur
1269 1825 1310 1890 de
1333 1845 1368 1891 se
1383 1845 1513 1910 operam
1529 1824 1765 1909 promptiorem.
1809 1845 1868 1889 ex·

204 1945 229 1984 ro
245 1924 414 2010 postulatio
434 1925 534 2009 igitur
556 1933 612 1992 tua
634 1926 737 1993 instar
758 1934 807 1993 est
829 1927 1020 2013 sponsionis.
1065 1948 1128 1993 non
1150 1928 1329 1993 meditabor
1350 1947 1435 1993 nova
1457 1927 1566 2009 verba,
1591 1947 1654 1993 non
1677 1926 1868 2010 excogitabo

247 2028 435 2094 mntenbas:
461 2029 489 2094 si
511 2036 676 2115 peccatum
699 2030 825 2097 silendo
847 2030 1056 2113 contraxeris,
1081 2030 1146 2096 tuis
1167 2037 1290 2097 tuntum
1313 2029 1428 2098 litteris
1450 2031 1608 2114 argueris.
1654 2029 1740 2096 vale.

936 2324 1017 2389 XXI
1045 2344 1076 2390 a.
1097 2326 1170 2390 380.

798 2462 1057 2529 SYMMAOHVS
1079 2462 1310 2529 GREGORIO.
1891 2461 1994 2525 PVF

329 2635 455 2701 Vellem
484 2640 517 2701 te
545 2635 653 2719 legato
684 2635 728 2700 uti
759 2634 845 2720 apud
874 2634 1028 2720 optimum
1058 2634 1221 2701 consulem
1251 2634 1439 2719 purgandae
1465 2641 1563 2717 atque
1585 2633 1789 2699 excusandae
1811 2633 1871 2698 ab·

208 2739 368 2805 reuersae
397 2757 506 2819 meae,
540 2738 567 2804 si
597 2738 728 2817 scirem,
762 2738 849 2822 quod
869 2745 904 2804 tu
926 2737 1005 2803 mibi
1027 2738 1061 2803 in
1083 2759 1123 2804 ea
1144 2758 1179 2804 re
1201 2737 1325 2824 primus
1346 2738 1543 2823 ignosceres.
1589 2758 1665 2802 nam
1688 2757 1759 2803 curn
1782 2756 1873 2801 amo-

249 2861 311 2908 rem
340 2848 481 2907 vestrnm
511 2840 634 2924 cogito,
666 2862 795 2923 vereor,
827 2861 869 2907 ne
898 2847 933 2906 ut
962 2861 1013 2907 me
1043 2861 1146 2924 aeque
1171 2843 1266 2908 ambo
1289 2841 1442 2926 diligitis,
1476 2841 1523 2906 ita
1545 2840 1693 2905 similiter
1713 2839 1867 2921 arguatis.

248 2946 316 3029 quis
344 2945 443 3029 igitur
470 2944 549 3011 mibi
578 2944 674 3011 buius
702 2963 821 3011 causae
849 2944 1001 3011 defensor
1029 2945 1233 3011 adhibendus
1260 2951 1330 3012 esti
1365 2945 1494 3011 fortuna
1515 2942 1639 3009 scilieet
1660 2963 1750 3024 mea,
1783 2940 1874 3007 cuius

248 3055 279 3115 ut
307 3049 426 3115 misera
455 3048 502 3114 ita
532 3047 619 3113 iusta
647 3048 797 3133 purgatio
826 3055 885 3114 est.
932 3069 1037 3132 neque
1065 3049 1150 3114 enim
1179 3048 1231 3113 fas
1260 3049 1336 3114 sinit
1361 3048 1448 3114 laeta
1469 3047 1576 3113 officia
1597 3046 1687 3112 obire
1708 3045 1869 3128 lugentes.

248 3150 380 3218 fortasse
410 3151 508 3219 etiam
537 3158 677 3217 vestram
704 3151 901 3218 bilaritatem
931 3172 1004 3219 mea
1033 3150 1194 3218 tristitudo
1220 3151 1436 3233 contraherem
1471 3150 1632 3235 siquidem
1654 3169 1781 3234 semper
1803 3147 1872 3214 lieri

205 3266 230 3309 ²⁰
245 3261 345 3337 amat,
379 3261 415 3338 ut
436 3253 581 3320 habitum
603 3255 720 3322 mentis
742 3256 783 3322 de
805 3255 979 3321 amicorum
1001 3276 1056 3322 ore
1079 3256 1246 3322 ducamus.
1294 3275 1394 3339 quare
1416 3255 1564 3338 ignosce,
1598 3253 1685 3337 quod
1707 3253 1869 3335 desumus,

244 3368 276 3425 et
295 3358 387 3445 apud
409 3358 574 3442 egregium
597 3358 700 3425 virum
724 3360 887 3425 consulem
910 3360 985 3427 lave
1007 3359 1173 3426 absentiae
1197 3379 1298 3425 meae.
1339 3358 1430 3425 cuius
1448 3358 1567 3423 bonore
1582 3355 1714 3443 gloriari
1729 3360 1871 3422 nostrum

239 3470 302 3543 est,
329 3461 484 3546 auspiciis
505 3460 663 3529 interesse
685 3461 840 3529 felicium.

1005 3754 1114 3820 XXII.

802 3893 1063 3960 SYMMAOHVS
1089 3892 1318 3960 danubem.

156 4062 202 4113 ²⁵
336 4069 475 4133 Tantum
501 4065 559 4132 tibi
590 4066 733 4151 suppetit
759 4066 839 4132 uber
867 4065 1003 4149 eloquii,
1037 4072 1073 4132 ut
1099 4065 1213 4151 prioris
1236 4065 1358 4132 silentii
1379 4066 1506 4132 veniam
1530 4086 1602 4132 cum
1625 4065 1804 4150 praesentis
1827 4065 1877 4129 fa-

231 4171 388 4238 eundiae
411 4169 507 4236 laude
526 4168 688 4236 merearis.
729 4189 813 4252 quae
836 4168 921 4235 enim
943 4187 1019 4253 pars
1041 4169 1219 4235 litterarum
1241 4176 1367 4235 tuarum
1390 4170 1442 4235 vel
1464 4168 1683 4235 inventionum
1705 4166 1878 4253 prudentia

232 4274 354 4342 caruit
374 4273 427 4338 vel
449 4270 592 4338 novitate
614 4289 766 4338 sensuum
790 4272 842 4337 vel
865 4271 1055 4356 antiquitate
1077 4274 1268 4337 verborumr
1301 4291 1372 4337 curn
1401 4272 1499 4355 igitur
1528 4272 1586 4338 tibi
1615 4272 1762 4356 supellex
1786 4271 1878 4354 larga

233 4396 314 4445 non
343 4376 444 4457 desit,
476 4375 631 4460 innitere,
665 4394 785 4459 quaeso
815 4382 847 4441 te
881 4379 926 4458 [ut
956 4395 1019 4441 nou
1049 4375 1156 4441 minus
1177 4375 1333 4460 religione
1359 4397 1454 4460 qnam
1478 4375 1621 4442 oratione
1644 4374 1796 4459 probatus
1818 4374 1878 4438 ba-

234 4479 383 4563 beatisl,
409 4488 445 4546 ut
466 4480 560 4546 sicuti
582 4479 726 4546 oratione
741 4479 899 4545 mirabilis
914 4499 961 4561 es,
986 4479 1034 4544 its
1055 4479 1211 4564 religione
1234 4480 1386 4547 lauderis.
1430 4479 1528 4545 faciet
1550 4480 1611 4545 boc
1632 4478 1787 4545 crebritas
1809 4476 1878 4561 epi-

153 4579 199 4629 ³⁰
239 4586 409 4652 etularum
430 4591 567 4665 tuarum,
592 4603 678 4668 quae
699 4603 763 4648 non
785 4584 889 4649 solum
912 4583 971 4649 tibi
992 4581 1119 4668 parabit
1140 4582 1289 4667 gratiam,
1313 4583 1545 4650 verumetiam
1569 4604 1619 4649 me
1638 4579 1736 4647 faciet
1749 4600 1876 4665 promp-

236 4690 374 4756 tionem.

340 5052 356 5102 2
373 5053 458 5114 {roges
476 5051 522 5100 Pl
536 5066 571 5100 m.
676 5052 708 5100 ad
727 5048 763 5118 te]
782 5051 882 5115 Macer,
903 5058 962 5101 ante
980 5052 1003 5100 P

339 5139 355 5188 5
374 5139 532 5198 symmachus
550 5139 660 5201 gregorio
679 5141 706 5189 ln
722 5140 743 5186 V
758 5141 867 5201 sequitur
883 5144 938 5201 post
961 5140 1082 5201 V11,39,·
1101 5137 1185 5187 eodan
1202 5140 1255 5188 loco
1273 5138 1329 5185 boec
1346 5140 1453 5200 eptstuln
1471 5141 1559 5200 ἱερέων
1577 5141 1604 5187 tn
1623 5138 1658 5201 M,
1679 5140 1722 5200 qni
1740 5140 1879 5199 bucrlptlo·

245 5239 309 5273 nem
325 5226 407 5274 ombtt
512 5225 526 5273 7
545 5239 609 5289 quse
628 5240 702 5274 causa
719 5225 773 5287 PV,
793 5225 859 5287 qnod
879 5224 907 5272 Μ

341 5311 372 5361 12
390 5325 439 5361 om.
458 5312 501 5360 Vl'
597 5311 627 5360 ll
645 5308 786 5378 absentiae]
799 5312 978 5361 senteutiaeV
1077 5311 1108 5360 15
1126 5311 1396 5362 uestrumamoreml'
1489 5310 1520 5359 16
1539 5316 1602 5359 nent
1615 5309 1878 5372 meaequaele.,

248 5414 286 5449 me
298 5405 328 5449 ut
339 5413 379 5447 me
391 5413 465 5461 quem
483 5399 511 5458 V,
531 5412 564 5446 ne
576 5412 616 5447 me
628 5399 739 5461 qnemF
841 5397 873 5447 18
891 5400 960 5447 enlm
975 5399 1062 5447 ouuV
1164 5397 1195 5446 ru
1213 5397 1418 5460 slquideuuquod
1433 5397 1566 5459 semperF
1668 5396 1700 5445 20
1719 5401 1748 5444 ut
1762 5409 1811 5443 om.
1827 5395 1850 5440 F

248 5486 341 5536 babitu
360 5486 407 5534 Pr
422 5500 456 5534 m.
474 5483 550 5549 (N),
571 5485 658 5534 habitu
679 5486 700 5532 V
802 5483 833 5534 21
853 5499 941 5534 uerum
959 5484 1054 5533 le.
1162 5483 1194 5533 22
1214 5484 1271 5533 nale
1288 5483 1348 5533 add.
1367 5484 1409 5532 Vl'

340 5569 374 5620 24
392 5585 440 5621 om,
465 5571 508 5620 VF
642 5570 675 5621 25
693 5573 770 5620 ubere
788 5571 857 5634 loqui
879 5571 906 5634 V,
931 5572 1016 5620 uberis
1034 5571 1128 5633 eloquii
1148 5572 1170 5617 F
1306 5571 1403 5619 silentll
1420 5583 1482 5618 corr.
1503 5583 1532 5617 a
1549 5569 1650 5616 ullentle
1672 5568 1716 5616 Vl
1730 5583 1780 5629 m.,
1802 5568 1882 5616 ullen-

253 5660 292 5708 tiu
309 5659 354 5708 Pl
369 5673 404 5707 m.
522 5656 554 5706 27
573 5659 722 5722 antiquitate
742 5658 849 5721 (snthul
868 5660 895 5706 tn
911 5657 973 5719 rus.)
996 5656 1016 5703 Ρ
1120 5658 1225 5720 supplex
1247 5655 1342 5706 le.
1461 5655 1494 5705 28
1512 5656 1604 5703 luttere
1624 5653 1731 5715 Plau,
1751 5656 1832 5703 ultera
1855 5654 1882 5715 V,

254 5747 368 5795 annitere
388 5746 410 5792 F
554 5751 635 5795 nt-
653 5744 815 5794 29lrabeurls
833 5743 880 5792 del.
902 5745 1001 5792 Iuratus
1151 5742 1184 5792 211
1203 5742 1313 5792 laudula
1331 5742 1353 5790 P
1373 5746 1385 5790 1
1404 5758 1438 5791 m.
1592 5742 1669 5791 laniet
1687 5748 1712 5791 et
1732 5741 1784 5790 Pl
1805 5755 1839 5789 m.
1864 5742 1885 5788 V

258 5832 290 5882 30
307 5833 407 5897 parauit
424 5831 472 5880 Pr
485 5847 520 5880 m.
539 5833 560 5879 V
661 5829 692 5880 31
713 5830 769 5879 unle
787 5829 846 5880 cdd.
866 5830 887 5878 V

1879 6222 2049 6373 f

1913 6390 1986 6433 N
