4716 6476
943 502 1055 559 LIBER
1074 504 1138 560 Vll.

990 867 1089 933 CVII.

867 1022 927 1087 AD
949 1020 1214 1088 PATRVINVM.

314 1196 431 1262 Iuliani
454 1195 581 1280 agentis
603 1195 637 1261 in
659 1195 754 1262 rebus
777 1194 969 1261 modestiam
992 1193 1077 1275 novi,
1104 1194 1229 1259 natales
1252 1193 1361 1279 probo,
1387 1193 1481 1260 doleo
1496 1192 1672 1273 fortunam3
1701 1193 1855 1259 fatalibus

226 1298 313 1364 enim
343 1299 438 1365 malis
467 1299 523 1364 din
552 1304 585 1364 et
612 1298 753 1380 graviter
775 1299 952 1363 exhaustus
975 1304 1035 1363 est.
1082 1296 1140 1362 sed
1163 1297 1260 1363 oredo
1283 1317 1354 1362 cum
1377 1317 1416 1363 co
1437 1295 1545 1362 omnia
1566 1296 1600 1361 in
1622 1296 1760 1379 gratiam
1783 1315 1856 1362 esse

194 1402 386 1481 traditura,
421 1402 449 1467 si
470 1409 525 1467 tuo
548 1400 722 1486 patrocinio
745 1408 778 1466 et
799 1400 1000 1467 humanitate
1023 1399 1178 1465 foveatur.
1226 1401 1321 1485 plura
1342 1420 1405 1465 non
1428 1399 1552 1483 dicam,
1587 1419 1658 1464 cum
1680 1399 1856 1485 praeclaris

226 1504 369 1570 moribus
398 1504 462 1570 tuis
492 1503 650 1570 familiare
681 1504 723 1569 sit
752 1504 822 1589 opis
850 1503 979 1587 indigos
1008 1503 1178 1569 sublevare
1208 1510 1241 1569 et
1265 1503 1344 1569 'huic
1370 1503 1517 1589 petitioni
1546 1523 1637 1568 nicae
1660 1503 1757 1568 etiam
1780 1508 1856 1568 tuae

226 1607 345 1673 mentis
368 1613 483 1673 natura
504 1608 694 1674 consentiat.

855 1865 960 1932 CVIII
990 1887 1021 1932 a.
1046 1867 1228 1931 398-402.

868 2020 927 2085 AD
949 2021 1211 2086 PATRVINVM.
1877 2022 1991 2084 PVM

180 2214 209 2254 m
297 2194 390 2260 ‚Post
418 2212 608 2260 consensum
639 2192 795 2278 partium,
830 2201 903 2279 post
930 2193 1095 2259 vinculum
1123 2193 1281 2279 pactionis
1310 2193 1517 2281 allegataque
1546 2192 1580 2257 in
1603 2191 1721 2258 iudicio
1744 2213 1858 2259 monu-

226 2303 336 2361 menta
364 2296 552 2382 placitorum
580 2295 667 2362 lilius
695 2316 786 2362 meus
810 2296 1014 2363 Caecilianus
1044 2297 1149 2363 denuo
1171 2296 1213 2362 ad
1235 2296 1359 2361 incerta
1380 2280 1661 2362 litis‘adtrahitnr.
1708 2304 1785 2363 nota
1808 2303 1880 2363 cst.¹

227 2399 284 2465 tibi
307 2400 449 2483 qualitas
472 2418 607 2475 causam
633 2398 746 2466 merito
769 2399 878 2465 omitto
902 2407 1053 2485 conperta
1074 2400 1149 2466 stilo
1172 2399 1301 2482 exequi.
1340 2400 1400 2464 hoo
1422 2406 1545 2465 tantum
1566 2398 1607 2465 dc
1623 2406 1733 2465 sancto
1749 2399 1857 2465 animo

227 2510 281 2568 tuo
303 2502 497 2589 inpetratum
521 2505 608 2587 volo,
634 2512 669 2570 ut
692 2503 806 2568 iisdem
830 2503 967 2586 viribus,
993 2504 1109 2588 quibus
1132 2525 1189 2589 pro
1211 2523 1250 2569 eo
1273 2503 1447 2569 luctamina
1469 2502 1572 2587 prima
1595 2501 1737 2582 sedasti,
1763 2523 1857 2588 repe-

227 2605 304 2672 titae
327 2607 489 2672 medearis
510 2607 657 2690 iniuriae,
682 2607 760 2690 quia
781 2607 936 2673 iustitiam
958 2614 1046 2673 tuam
1069 2606 1167 2673 debet
1187 2606 1293 2672 acrius
1315 2606 1449 2672 incitare
1471 2606 1643 2672 adversum
1667 2605 1763 2671 iidem
1785 2607 1857 2690 pla-

182 2709 282 2774 taciti
305 2716 400 2794 rupta
422 2709 604 2776 concordia.
635 2778 645 2791 ,

847 2949 967 3016 CVIIII
996 2972 1027 3017 a.
1049 2952 1232 3016 398—402.

867 3105 927 3172 AD
950 3106 1211 3172 PATRVINVM.
1880 3106 2020 3169 PVMF

313 3281 434 3366 Aperta
463 3287 513 3346 est
540 3279 717 3366 inprobitas
744 3298 871 3360 comm,
905 3278 959 3362 qni
982 3278 1139 3345 reducunt
1160 3278 1193 3344 in
1217 3277 1439 3361 quaestionem
1462 3277 1663 3364 pactionibus
1685 3277 1858 3343 terminata

229 3389 261 3448 et
288 3403 346 3468 per
373 3383 597 3468 inpatientiam
627 3382 745 3466 quictis
774 3382 870 3447 finem
899 3381 994 3465 iurgii
1025 3381 1169 3447 secunda
1191 3381 1247 3447 lite
1270 3388 1474 3447 commutant.
1522 3381 1659 3447 aestima
1680 3381 1779 3464 igitur
1800 3379 1858 3444 filii

181 3504 210 3547 ao
229 3485 291 3550 mei
314 3484 493 3552 Caeciliani
515 3487 667 3567 dolorem,
694 3485 744 3552 cui
767 3485 866 3550 otium
889 3485 1062 3551 conciliare
1085 3504 1148 3550 non
1171 3484 1275 3569 potuit
1295 3483 1421 3549 damnis
1444 3484 1626 3568 patrimonii
1649 3491 1759 3568 empta
1781 3503 1858 3549 oon-

228 3589 347 3654 oordia.
395 3609 469 3654 nam
502 3588 665 3655 reducitur
696 3588 730 3653 in
763 3588 939 3672 longinqua
972 3587 1111 3670 iudicia,
1148 3587 1264 3671 quibus
1297 3587 1408 3668 facile,
1446 3587 1472 3652 si
1507 3587 1697 3670 suffragium
1731 3585 1852 3663 tuleris,

230 3698 367 3757 emetur.
416 3697 465 3757 est
492 3692 577 3757 enim
607 3692 641 3756 in
670 3697 702 3757 te
724 3698 822 3777 atque
844 3690 942 3758 fratre
964 3699 1076 3777 portus
1098 3691 1257 3770 omnium,
1292 3709 1371 3774 quos
1393 3689 1525 3757 fortuita
1548 3690 1732 3755 sollicitant.
1780 3710 1857 3774 pro-

229 3795 312 3860 lixus
341 3796 375 3860 in
406 3795 543 3878 petendo
572 3814 644 3861 esse
674 3816 736 3861 non
767 3795 885 3878 debeo,
917 3816 990 3861 curn
1014 3815 1131 3860 causae
1153 3795 1294 3878 qualitas
1316 3800 1349 3859 ct
1369 3802 1426 3859 tna
1448 3793 1571 3858 iustitia
1593 3794 1666 3876 plus
1689 3793 1730 3857 de
1752 3801 1785 3857 te
1807 3792 1858 3856 fa-

228 3899 312 3965 voris
334 3919 431 3982 quam
453 3918 545 3964 meus
567 3898 766 3965 interventus
788 3898 906 3964 eliciat.

182 4176 212 4220 aa
932 4156 991 4223 ΟΧ
1021 4178 1052 4222 a.
1072 4160 1148 4221 401.

868 4312 927 4378 ΑΙ)
950 4310 1212 4376 PATRVINVM.
1877 4311 1991 4374 PVM

314 4485 385 4551 Duo
414 4485 458 4551 ad
487 4506 538 4551 mc
563 4485 649 4551 bona
670 4483 784 4569 parilis
806 4482 982 4568 voluptatis
1004 4489 1151 4549 recentes
1172 4481 1276 4546 nuntii
1299 4480 1514 4566 pcrtnlemnt,
1548 4487 1581 4546 ct
1602 4499 1659 4545 vos
1682 4479 1777 4546 iustis
1798 4479 1858 4545 ho-

124 4674 130 4687 ·
227 4609 338 4654 norum
358 4590 364 4677 1
384 4589 523 4655 crevisse
546 4587 760 4674 processibus,
786 4593 818 4653 et
841 4586 969 4653 domino
992 4606 1031 4651 ac
1052 4586 1118 4652 filio
1141 4605 1211 4651 mec
1225 4584 1382 4649 Flaviano
1404 4583 1540 4648 fructum
1565 4582 1681 4667 privati
1703 4582 1760 4647 otii
1782 4601 1855 4648 esse
1886 4585 1993 4646 VMH
2099 4668 2101 4672 y

314 4867 398 4917 lom.
419 4867 489 4917 Vldl'
592 4866 607 4916 3
625 4868 717 4916 iuliani
739 4867 772 4929 (in
788 4865 928 4925 larnai?
1029 4867 1090 4913 noui
1106 4864 1201 4913 natales
1219 4877 1267 4912 om.
1283 4864 1306 4910 F
1406 4864 1531 4911 fortunam
1544 4862 1614 4911 doleo
1628 4861 1676 4909 PM
1780 4862 1795 4910 4
1813 4862 1857 4909 diu

229 4949 266 5020 et]
283 4953 355 5004 diues
377 4955 398 5001 V
500 4954 516 5003 5
534 4953 670 5017 patrocinio
687 4960 732 5002 tuo
750 4954 773 5001 F
874 4951 890 5002 6
908 4953 1044 5001 familiares
1062 4957 1089 5000 et
1112 4951 1131 4998 V
1706 4991 1708 4995 ,

314 5042 330 5090 9
348 5055 397 5089 om.
419 5039 480 5102 VM‚·
498 5041 660 5102 cptatatontm
680 5041 728 5090 108
746 5045 769 5088 et
789 5041 836 5087 1⁰9
856 5041 936 5087 altera
955 5038 987 5086 nd
1007 5037 1159 5098 Petroniam,
1181 5038 1260 5084 altasc
1278 5035 1312 5084 ad
1330 5035 1482 5084 Patauinum
1498 5037 1592 5096 scripto
1609 5039 1644 5083 eat
1767 5032 1795 5082 11
1816 5047 1857 5081 ce·

229 5127 335 5176 cilianus
354 5126 401 5175 PV
505 5126 536 5176 13
555 5127 687 5189 impetrato
710 5126 731 5173 V
832 5125 933 5186 piarem
950 5124 981 5185 P,
1000 5124 1098 5173 hisdem
1121 5122 1170 5171 VM
1273 5122 1305 5172 14
1324 5122 1441 5171 mediatis
1463 5122 1484 5168 V
1585 5117 1656 5187 quia]
1675 5120 1739 5183 quod
1764 5120 1785 5166 V

316 5214 347 5264 l'l
365 5228 413 5263 om.
432 5212 520 5275 mn,-
537 5212 572 5273 οἴ.
592 5213 651 5262 adn.
672 5212 705 5261 cd
722 5227 747 5261 v.
768 5214 784 5260 9
920 5209 951 5260 18
969 5206 1066 5276 aperta]
1088 5207 1217 5271 vurtl'),
1238 5215 1364 5273 comperta
1384 5209 1446 5271 (com
1465 5211 1492 5257 ia
1509 5207 1570 5268 ras.)
1592 5207 1615 5255 P
1752 5204 1783 5254 19
1801 5206 1857 5253 sine

228 5301 331 5361 iniurgli
355 5301 376 5348 V
494 5304 645 5350 commutata
667 5298 688 5344 V
824 5297 857 5346 20
875 5298 989 5346 ceciliani
1014 5295 1084 5343 VMF
1218 5294 1429 5345 taratantara
1551 5302 1626 5355 atque
1643 5294 1671 5340 in
1690 5293 1719 5352 F,
1739 5297 1766 5340 et
1783 5292 1811 5339 in
1830 5291 1857 5338 Μ

229 5385 261 5436 23
279 5383 346 5453 esse]
363 5392 404 5435 eat
426 5387 447 5433 V
549 5400 625 5434 causa
642 5385 767 5446 equalitas
784 5383 830 5431 P!
845 5400 879 5433 m.

275 5502 282 5519 .
314 5472 348 5523 26
366 5488 415 5522 om.
435 5471 491 5533 VM,
511 5471 544 5521 ad
561 5476 694 5533 utrumqne
711 5471 815 5533 fratrem
931 5468 962 5517 2⁷
983 5471 1092 5517 recentis
1110 5468 1158 5517 Pi
1171 5485 1205 5517 m.
1224 5469 1246 5517 V
1346 5469 1466 5516 bonorum
1489 5466 1518 5528 V,
1536 5479 1585 5513 om.
1607 5464 1635 5511 Μ
1748 5462 1782 5513 28
1801 5462 1857 5510 tacte

228 5574 244 5606 a
267 5573 325 5609 voce
342 5559 463 5608 honorum
480 5574 533 5608 nou
550 5562 682 5619 supersunt
701 5560 728 5604 ia
745 5556 768 5604 P
784 5558 834 5604 atsi
851 5556 925 5604 baec:
951 5571 978 5617 p.
999 5553 1063 5619 2⁰8,
1085 5554 1100 5604 2
1119 5569 1169 5617 qua
1187 5592 1194 5605 .
1212 5593 1216 5604 .
1235 5592 1241 5604 .
1261 5556 1333 5602 uobis
1352 5590 1358 5601 .
1375 5589 1404 5603 ..
1426 5554 1441 5603 3
1460 5552 1504 5600 did
1522 5551 1549 5599 in
1568 5564 1585 5598 n
1603 5587 1610 5599 .
1627 5587 1655 5600 ..
1678 5550 1726 5598 diis
1744 5550 1821 5597 etiam
1838 5550 1856 5594 ii

303 5644 400 5695 ltoria
418 5646 513 5694 edition
606 5646 657 5694 lata
674 5644 804 5692 meminist
823 5679 828 5692 .
845 5679 874 5691 ..
896 5643 1004 5691 binatis
1022 5650 1051 5690 ut
1068 5642 1185 5691 sollemni
1205 5678 1211 5690 .
1229 5677 1258 5690 ..
1285 5640 1301 5691 6
1319 5641 1468 5702 rescriptum
1486 5639 1538 5699 itaq
1558 5673 1564 5685 .
1581 5672 1610 5686 ..
1631 5650 1674 5684 sus
1687 5637 1857 5695 oranintpe·

229 5733 262 5781 tit
281 5770 286 5781 .
304 5769 333 5782 ..
355 5732 370 5783 7
388 5732 450 5781 mihi
469 5744 531 5781 uero
549 5730 672 5779 iucundas
692 5765 698 5777 .
715 5765 744 5777 ..
765 5731 842 5777 etiam
860 5728 984 5776 minorum
1002 5731 1105 5788 magistr
1123 5765 1129 5775 .
1144 5759 1153 5776 .
1171 5764 1176 5773 .
1198 5725 1213 5774 8
1233 5727 1348 5788 exempla
1362 5752 1397 5760 —
1410 5739 1463 5772 moa
1483 5761 1488 5771 .
1506 5761 1511 5771 .
1529 5759 1535 5771 .
1555 5724 1642 5770 iubeat
1653 5748 1688 5757 -
1700 5722 1783 5769 bened
1805 5755 1832 5769 ..
1850 5756 1855 5767 .

229 5817 245 5866 9
263 5820 313 5868 uiri
331 5845 366 5856 -
385 5834 459 5881 snpra
478 5855 484 5866 .
503 5854 530 5866 ..
552 5832 584 5865 nn
602 5822 711 5879 prestare
729 5828 808 5877 utaque
825 5815 859 5863 cd
875 5815 949 5878 tinem
1060 5819 1065 5826 ’
