4744 6476
800 489 880 546 v111.
900 487 973 545 PRO
991 486 1160 546 VALERIO
1179 487 1418 546 FORTVNATO.
1862 494 1924 557 339

385 679 527 748 Subicite
558 680 676 763 oculis,
709 688 817 766 patres
846 678 1035 766 conscripti,
1069 680 1243 764 imaginem
1273 679 1446 763 quamdam
1469 680 1678 764 subplicantis
1705 688 1870 747 matronae
1892 685 1967 747 et2

299 791 374 852 ante
397 784 575 870 principum
598 783 699 869 pedes
721 783 780 851 filii
802 791 991 850 ornamenta
1013 783 1171 868 ponentis.
1212 784 1300 850 dolet
1322 784 1440 850 misera
1463 792 1496 851 et
1516 784 1602 868 quod
1624 785 1767 870 queritur
1789 786 1928 871 siquod

297 896 446 974 precatur
479 887 523 971 [id
545 893 597 954 est
618 886 780 954 defectum
802 888 958 972 pecuniae
981 895 1014 953 et
1035 886 1102 953 voti
1125 887 1385 970 deformitatemi.
1432 908 1506 953 nam
1530 896 1616 954 certe
1639 892 1786 973 potuerat
1808 910 1927 955 conve-

298 991 437 1058 nientem
460 990 614 1057 censibus
637 989 723 1073 suis,
749 996 784 1056 ut
805 1012 890 1056 nunc
910 990 1065 1074 facimus,
1090 997 1200 1075 petere
1223 998 1439 1075 quaesturam,
1465 991 1525 1058 sed
1545 991 1674 1077 inopiae
1697 1012 1775 1058 suae
1798 994 1927 1059 conscia

266 1096 358 1161 ⁵hoc
379 1115 505 1179 quoque
527 1101 563 1161 ut
583 1093 810 1177 gravissimum
832 1093 956 1174 timuit,
990 1115 1052 1178 quo
1075 1093 1182 1160 minus
1205 1093 1285 1159 nihil
1308 1102 1368 1160 est.
1416 1101 1485 1160 erat
1507 1115 1661 1162 censurae
1688 1101 1834 1181 vestrae,
1866 1117 1927 1181 pa-

297 1206 363 1265 tres
385 1197 567 1284 conscripti,
594 1197 762 1263 Fortunati
785 1197 1031 1263 ostentationem
1053 1205 1176 1277 notare,
1203 1197 1288 1282 quod
1310 1198 1400 1264 nullo
1424 1205 1536 1284 postea
1558 1199 1606 1265 rei
1627 1198 1798 1266 familiaris
1813 1206 1927 1267 auctus

299 1301 444 1388 profectu
466 1303 518 1368 vel
541 1300 675 1366 minima
696 1300 789 1384 fungi
811 1308 901 1386 optat
923 1321 1021 1386 supra
1042 1301 1154 1367 matris
1177 1300 1422 1368 confessionem.

383 1404 449 1471 Sed
479 1411 515 1471 ut
542 1404 694 1470 narrandi
722 1405 808 1470 viam
837 1405 999 1488 relegam,
1032 1403 1087 1470 diu
1109 1409 1244 1469 acuitas
1265 1404 1388 1471 infelici
1409 1405 1550 1471 remedio
1573 1405 1644 1471 fuit.
1688 1413 1856 1491 postquam
1878 1406 1928 1472 illi
1950 1408 1969 1468 3

297 1516 388 1574 aetas
410 1509 557 1594 provenit
577 1508 619 1573 ad
642 1508 869 1590 maturitatem,
895 1507 1003 1590 agitur
1023 1507 1058 1572 in
1079 1513 1187 1575 votum
1211 1509 1436 1594 recuperandi,
1462 1510 1547 1593 quod
1569 1529 1687 1592 genere
1710 1510 1923 1593 quaesiverat,

249 1626 278 1667 ¹⁰
296 1612 427 1697 inpulsu
448 1611 585 1677 fortasse
607 1611 683 1677 boni
706 1611 890 1694 sanguinis,
922 1611 976 1694 qui
999 1630 1034 1677 se
1057 1630 1185 1696 semper
1206 1610 1369 1694 agnoscit3
1402 1632 1495 1695 nam,
1528 1614 1613 1696 quod
1642 1613 1759 1693 sciam,
1787 1614 1791 1699 l
1816 1614 1924 1678 nullus
1938 1626 1987 1670 vc.
2002 1639 2024 1678 s·
2040 1629 2064 1669 ¹0

296 1716 347 1782 illi
368 1715 527 1781 adventus
555 1715 630 1780 novi
659 1714 830 1800 conpendii
858 1713 1011 1780 fiduciam
1041 1714 1091 1781 sui
1120 1714 1252 1781 fecerat.
1300 1715 1462 1800 supplicat
1489 1722 1599 1783 ccnba
1626 1716 1737 1782 matris
1766 1723 1856 1782 orata
1884 1754 1928 1763 -

298 1819 375 1904 quid
398 1819 470 1885 dico
492 1819 624 1885 matris‘?
645 1854 688 1865 -
710 1817 881 1883 adversum
905 1838 941 1884 se
964 1818 1125 1904 supplicat
1147 1837 1204 1904 pro
1227 1825 1353 1884 senatu.
1394 1826 1427 1885 et
1445 1820 1530 1902 sorte
1552 1840 1591 1885 eo
1606 1827 1747 1905 tempore
1762 1827 1926 1903 tamquam

297 1943 434 1989 vacuum
458 1922 623 2005 dignitatis
644 1920 857 1987 Emeritensis
879 1919 957 1986 ordo
979 1921 1140 2006 pulsabat,
1166 1928 1257 1987 ratus
1280 1923 1395 1988 saltem
1418 1923 1632 1988 mediocritati
1659 1942 1738 1990 suae
1760 1923 1926 1989 Fortunati

298 2033 467 2111 conpetere
490 2025 668 2091 facultates.
715 2024 757 2090 lis
779 2023 925 2109 procedit
946 2023 989 2089 ad
1016 2024 1136 2101 forum3
1170 2026 1274 2091 multa
1302 2026 1343 2091 ds
1373 2046 1492 2109 genere
1519 2031 1552 2093 et
1579 2027 1740 2112 integrato
1768 2027 1926 2092 natalium

250 2143 279 2184 ¹⁶
299 2129 468 2215 splendore
491 2129 656 2209 dicuntur,
690 2149 774 2212 quae
796 2128 872 2194 licet
892 2135 1003 2195 essent
1024 2128 1135 2194 valida
1157 2128 1200 2194 ad
1222 2128 1405 2211 victoriam,
1438 2130 1512 2215 plus
1534 2137 1643 2195 tamen
1671 2129 1806 2215 profuit,
1839 2129 1926 2212 quod

298 2252 357 2299 neo
379 2232 445 2298 illis
465 2232 603 2299 idoneus
628 2232 718 2298 visus
746 2238 805 2298 est.
853 2231 925 2297 ideo
954 2239 1150 2297 rennuerunt
1175 2233 1286 2299 sterile
1313 2239 1493 2315 certarnen,
1528 2232 1635 2317 adque
1663 2233 1710 2298 ita
1739 2241 1847 2300 noster
1875 2233 1927 2299 bic

299 2334 503 2417 quaestorius
526 2333 718 2401 candidatus
739 2354 802 2401 non
825 2335 931 2418 magis
954 2341 989 2400 ut
1011 2343 1140 2401 senator
1160 2335 1298 2401 obtinuit
1318 2355 1413 2419 quam
1438 2342 1473 2401 ut
1494 2356 1618 2421 pauper
1639 2337 1753 2402 evasit.

384 2437 505 2520 Eligite
527 2458 612 2504 nnnc
633 2445 778 2523 tempus,
803 2458 866 2521 quo
888 2437 1005 2523 potuit,
1033 2437 1061 2503 si
1084 2438 1178 2504 modo
1202 2459 1352 2522 umquam
1376 2439 1501 2520 debuit,
1529 2438 1637 2505 vocari
1660 2439 1701 2504 ad
1724 2446 1833 2505 tantae
1856 2440 1927 2505 edi·
1950 2440 1969 2499 4

299 2541 394 2607 tionis
419 2541 588 2627 inpensas:
622 2541 733 2627 primis
754 2542 829 2607 aevi
851 2542 901 2607 sui
927 2541 1022 2607 annis
1050 2548 1179 2607 senator
1205 2560 1275 2608 esse
1308 2541 1465 2624 desierat,
1498 2541 1651 2627 proximis
1681 2543 1853 2623 laborauit,
1886 2562 1928 2608 ne

248 2657 279 2699 2⁰
299 2644 413 2710 minori
442 2645 551 2711 curiae
580 2645 777 2729 iungeretur.
824 2666 901 2711 num
924 2645 1087 2729 designari
1117 2646 1268 2729 potuita
1296 2646 1388 2712 vobis
1417 2651 1473 2710 aut
1501 2664 1560 2731 per
1587 2644 1778 2711 beneficium
1805 2644 1927 2729 primae

299 2748 543 2833 supplicationis
566 2748 693 2814 alienus
716 2755 773 2814 aut
795 2749 854 2814 sub
877 2748 1029 2834 periculo·
1042 2755 1171 2814 secutae
1195 2748 1260 2814 litis
1281 2749 1447 2815 incertust

384 2853 542 2937 Intellego
564 2852 810 2937 amplitudinem
833 2860 972 2918 vestram
996 2851 1050 2917 diu
1072 2852 1135 2916 ista
1156 2851 1311 2934 nescisse,
1338 2851 1444 2934 adque
1466 2852 1540 2917 ideo
1563 2857 1665 2917 ratum
1689 2870 1846 2916 essenon
1869 2851 1928 2916 de·
1950 2853 1968 2910 5

298 2954 383 3035 buit,
411 2955 496 3038 quod
519 2955 631 3021 statuit
652 2954 811 3039 ignorabo
834 2974 942 3020 aarum
977 3004 1923 3019 ...........................

387 3231 470 3294 l·pc·
585 3228 762 3299 subplicantis]
780 3245 831 3295 epo,
852 3232 1011 3294 publicantes
1126 3238 1238 3281 matrone
1352 3230 1514 3293 lqucsrltnr
1625 3228 1797 3300 bprsslcstur
1900 3234 1927 3281 id

298 3324 390 3366 est-
408 3320 590 3367 deformitatem
608 3322 680 3367 uncis
699 3320 789 3369 iactari
894 3318 979 3381 5·pr·
1086 3317 1159 3371 brol

385 3403 400 3453 8
420 3402 544 3471 tenuitas]
562 3419 615 3468 epo,
635 3400 702 3471 isias
832 3404 848 3455 9
865 3400 939 3472 sellas
1070 3402 1189 3472 agiturlin
1322 3403 1353 3453 12
1372 3409 1445 3467 ports
1580 3402 1609 3452 13
1630 3401 1774 3472 diguitatis]
1793 3404 1926 3467 Baehrens,

298 3490 435 3551 dignitates
542 3491 571 3540 ll
591 3492 716 3540 facultatis
822 3490 854 3541 lii
872 3487 940 3557 idco]
958 3491 1092 3555 Βοώτεω,
1111 3492 1173 3539 adeo
1378 3554 1383 3567 ι

387 3575 419 3626 18
437 3581 505 3624 tame
658 3577 688 3625 19
708 3583 807 3625 senator
825 3591 882 3625 esse
901 3574 1020 3643 desisset]
1038 3592 1090 3638 spo,
1112 3578 1370 3626 senatorissedcslsrct
1519 3575 1552 3628 10
1571 3589 1631 3630 num
1771 3572 1925 3645 beluliicium

299 3661 327 3711 ai
350 3660 444 3715 enisus
549 3664 609 3710 bitis

386 3747 418 3796 2²
437 3743 494 3813 iilia
599 3748 631 3797 13
650 3761 733 3801 aarum
