4746 6472
1033 502 1149 558 LIBER
1166 504 1189 558 1.

293 688 352 754 tibi
376 690 508 773 eloquio
531 710 603 757 esse
627 691 796 771 sadatum3
824 698 856 757 et
878 689 1028 773 qnoniam
1050 691 1206 776 pudorem
1229 711 1335 757 meum
1357 692 1427 776 ipse
1450 692 1605 759 ordiendo
1628 692 1767 775 solvisti,
1794 691 1929 758 anobis
1952 694 1971 755 2
2002 693 2065 756 Vs

292 810 423 874 quoqne
445 793 557 879 compo
578 793 733 859 bonorum
756 792 872 858 aetatis
893 813 987 859 meae
1010 799 1143 859 exarata
1164 813 1267 877 nuper
1288 793 1406 878 elogia.
1454 815 1529 860 uam
1551 794 1628 879 quia
1650 795 1732 860 nihil
1756 802 1815 875 est,
1842 794 1927 878 quod

293 913 408 977 agam,
443 903 475 960 et
498 897 525 961 si
548 896 593 962 nil
616 916 728 980 agaim
762 896 848 961 subit
876 916 927 961 me
956 897 1112 962 malorum
1141 916 1283 962 meorum
1312 898 1430 963 misera
1458 897 1654 979 recordatio,
1683 898 1811 980 inveni,
1842 897 1929 980 quod

293 995 363 1061 illis
386 996 519 1079 libellis,
545 1018 624 1083 quos
646 1018 751 1083 nuper
766 998 973 1074 dictaveram,
999 998 1160 1084 possimus
1182 998 1322 1065 adicere.
1370 1000 1434 1065 scis
1449 999 1645 1079 Terentium,
1672 1019 1735 1065 non
1757 999 1924 1080 comicum,

266 1124 279 1164 a
297 1097 356 1164 sed
379 1100 552 1166 Reatinum
573 1101 667 1167 illum
690 1103 853 1166 Romanae
875 1099 1064 1167 eruditionis
1087 1108 1268 1186 parentem,
1296 1100 1520 1168 hebdomadon
1541 1103 1639 1169 libros
1661 1102 1928 1187 epigrammatum

300 1200 478 1268 adiectione
501 1202 660 1269 condisse.
706 1202 790 1268 illud
811 1222 881 1287 nos,
907 1203 935 1269 si
957 1203 1022 1269 fors
1044 1204 1164 1285 tulerit,
1191 1223 1343 1270 conamur
1363 1204 1492 1271 imitari.
1541 1204 1599 1271 sed
1621 1226 1705 1289 quae
1727 1206 1830 1291 prima
1852 1226 1929 1272 con-

302 1303 386 1387 pegi,
411 1304 539 1370 interim
562 1325 666 1390 panca
689 1305 773 1387 misi,
800 1307 978 1372 obtestatus
1000 1313 1031 1371 te
1054 1306 1241 1391 per‘deum,
1268 1316 1303 1372 ut
1325 1307 1352 1372 si
1375 1306 1453 1391 quid
1475 1308 1508 1372 iu
1531 1308 1582 1372 his
1598 1307 1791 1393 displicebit,
1818 1327 1930 1372 emen*

305 1406 369 1471 des.
415 1407 502 1489 quod
524 1407 604 1472 mihi
626 1407 812 1492 pudendum
834 1428 897 1473 non
920 1414 985 1488 est3
1018 1429 1092 1474 nam
1116 1408 1184 1475 sive
1206 1408 1285 1492 quid
1314 1430 1356 1472 em
1378 1431 1423 1473 cae
1446 1414 1510 1473 eloe
1540 1430 1580 1476 ex
1602 1417 1633 1476 te
1657 1411 1829 1494 placuerit,
1856 1429 1929 1475 mea

306 1508 373 1574 laus
394 1516 454 1590 est,
479 1530 539 1576 nec
561 1510 626 1576 vito
649 1511 851 1593 consortium,
876 1510 910 1575 in
932 1531 995 1593 quo
1017 1511 1116 1577 talem
1139 1531 1202 1577 non
1225 1513 1378 1579 erubesco
1401 1519 1590 1579 consortem.

268 1707 293 1747 ro
906 1683 1101 1748 ARADIVS
1124 1683 1320 1748 RVFINVS.

609 1818 764 1903 Princeps
785 1817 931 1901 ingenio,
958 1819 1105 1885 fortunae
1128 1840 1259 1886 munere
1281 1820 1432 1905 princeps
1458 1813 1460 1817 ’

609 1920 741 2001 aemma,
768 1919 899 2001 Boline,
926 1928 1016 2001 tuae,
1045 1922 1096 1987 cni
1118 1943 1271 2007 prospera
1292 1943 1439 2007 quaeque

610 2022 801 2089 admiranda
822 2024 887 2089 tuis
909 2025 1071 2109 aequabat
1091 2026 1193 2109 gloria
1215 2026 1323 2091 rebus.

611 2145 695 2191 unus
717 2145 806 2191 amor
827 2126 950 2193 cunctis
972 2133 1005 2193 et
1026 2126 1224 2213 praesidium
1246 2128 1454 2213 trepidorum.

583 2301 584 2304 Ἴ
610 2227 823 2313 principibus,
851 2249 985 2312 quorum
1009 2230 1142 2315 viguisti
1163 2239 1323 2316 ternpore,
1350 2231 1463 2296 doctus

611 2339 667 2397 aut
689 2331 828 2397 calcaria
850 2332 933 2398 ferre
955 2334 1048 2399 honis
1072 2341 1128 2399 aut
1149 2334 1242 2400 frena
1263 2335 1421 2419 tyrannis.

883 2504 1094 2570 VALERIVS
1116 2504 1347 2573 PROCVLVS.

612 2639 693 2705 Cum
715 2640 845 2725 primis,
871 2660 951 2725 quos
973 2662 1037 2707 non
1059 2643 1204 2708 oneravit
1225 2642 1329 2726 gloria
1350 2650 1493 2728 patrum,

611 2762 768 2827 ponemus
790 2745 976 2826 Proculum,
1004 2746 1089 2811 vitae
1111 2765 1299 2828 morumque
1323 2745 1434 2811 decore

611 2845 700 2910 hand
721 2867 873 2929 umquam
896 2847 1064 2930 indiguum
1087 2867 1276 2930 magnorum
1299 2847 1547 2913 Publicolarum.

611 2949 668 3014 olli
691 2969 820 3034 semper
841 2969 930 3015 amor
951 2950 1020 3016 veri
1044 2958 1076 3017 et
1099 2950 1294 3031 constantia,
1321 2950 1459 3035 simplex

610 3051 800 3118 caelicolum
823 3052 938 3117 cultus.
986 3073 1051 3118 non
1073 3053 1164 3119 illum
1188 3072 1340 3138 spernere
1362 3071 1491 3138 posses,

611 3160 644 3219 et
665 3175 858 3237 quamquam
881 3155 1076 3222 reverendus
1098 3165 1181 3239 erut,
1207 3176 1270 3221 non
1292 3155 1368 3221 inde
1391 3156 1528 3221 timeres.

908 3327 1082 3393 ANIOIVS
1105 3327 1317 3393 IVLIANVS.

610 3462 709 3529 Cuius
731 3483 809 3548 opes
831 3472 888 3530 ant
909 3464 1061 3531 nobilitas
1083 3471 1139 3529 ant
1160 3472 1252 3531 tanta
1273 3471 1432 3549 potestas,

610 3565 738 3633 cedenti
760 3567 812 3632 cui
834 3587 898 3633 uon
920 3567 1117 3653 praeluserit
1140 3567 1275 3632 Amnius
1298 3572 1404 3632 unusl

609 3687 684 3734 acer
706 3669 748 3734 ab
770 3670 901 3754 ingenio
923 3671 1111 3755 cunctisque
1134 3670 1363 3737 adcommodus
1386 3670 1472 3737 idem

610 3771 662 3835 hic
684 3779 717 3837 et
738 3792 832 3837 carus
855 3780 939 3856 erat,
967 3772 1111 3839 conferre
1132 3773 1244 3839 iuvare
1267 3779 1416 3858 paratus,

608 3895 683 3939 nam
705 3874 814 3957 dives,
839 3883 907 3942 tum
931 3877 1037 3942 celsus
1059 3876 1248 3959 honoribus,
1275 3883 1307 3943 et
1328 3882 1438 3941 tamen
1459 3875 1524 3941 illis

608 3978 775 4060 grandior,
803 3986 934 4045 aeterno
957 3979 1129 4064 complebat
1151 3980 1279 4045 nomine
1302 3980 1446 4044 Romam.

851 4150 1094 4217 PETRONIVS
1116 4149 1370 4216 PROBIANVS.

607 4286 709 4352 lactet
730 4306 766 4353 se
789 4289 930 4353 Fortuna
951 4287 1043 4367 aliis,
1069 4307 1149 4371 qnos
1171 4285 1279 4352 iudice
1301 4287 1390 4352 nullo

607 4390 712 4456 lucem
734 4390 777 4455 ad
799 4391 988 4457 Romuleam
1010 4410 1070 4456 sua
1092 4391 1162 4456 sola
1184 4388 1316 4455 licentia
1338 4389 1441 4469 vexit3

607 4499 656 4573 te,
683 4492 860 4573 Probiane,
887 4493 1006 4577 pudor,
1033 4500 1065 4558 te
1088 4493 1168 4559 felix
1191 4493 1296 4576 gratia
1319 4499 1414 4574 teque

607 4595 690 4660 Itala
712 4596 900 4681 simplicitas
923 4615 1044 4661 morum
1067 4602 1100 4661 et
1122 4595 1266 4661 sollertia
1287 4594 1380 4660 iuvit.

607 4696 743 4762 adsidue
765 4699 932 4781 quocirca,
958 4698 1113 4782 Augustis
1136 4705 1231 4764 notus
1253 4705 1286 4763 et
1307 4698 1439 4784 hospes,

494 4847 496 4851 «
605 4799 750 4884 praemia
772 4821 960 4884 magnorum
983 4800 1118 4865 tetulisti
1142 4800 1259 4884 dignus
1282 4801 1446 4866 honorum.

285 4920 707 4949 x*

380 5003 497 5074 dagam]
514 5006 566 5068 W,
582 5005 721 5068 agamusl'
804 5007 909 5056 nihllI’
992 5009 1061 5057 subit
1073 5004 1125 5075 me]
1143 5009 1220 5056 subltl
1234 5006 1305 5056 ner
1387 5003 1716 5074 lnueut]Vd,muonit1’
1813 5006 1925 5054 delicta·

292 5090 390 5161 beram]
408 5092 462 5154 ΥΦ,
481 5093 624 5142 dlcanerum
643 5091 674 5152 Γ,
694 5092 753 5153 sort.
774 5093 913 5142 dlctnneras
1019 5093 1243 5143 hebdomadonl'
1344 5093 1478 5156 oconpuu
1492 5092 1518 5142 Γ
1619 5092 1686 5143 Sex
1704 5106 1743 5141 me
1762 5088 1829 5159 siue]
1848 5096 1921 5142 laser.

297 5168 431 5227 Mommsen
535 5177 551 5227 9
570 5184 717 5228 consortem.
738 5179 794 5228 nale
808 5177 855 5227 VI*
944 5181 1121 5241 epigrammata
1135 5182 1170 5228 ite
1182 5182 1210 5228 in
1227 5179 1349 5240 Vscrlptc
1361 5184 1427 5242 suat,
1441 5185 1470 5228 ut
1481 5194 1562 5229 uuum
1574 5178 1680 5241 quidque
1690 5192 1780 5227 nouom
1792 5178 1924 5239 epistulam

297 5261 389 5326 efficere
400 5264 513 5314 &demur
609 5264 640 5314 10
659 5264 766 5313 Aredlris
778 5262 898 5331 Rufinus]
911 5267 1019 5327 latretur,
1035 5266 1149 5314 aradius
1160 5267 1269 5315 ruffinus
1282 5264 1314 5328 Γ,
1327 5280 1375 5314 om.
1391 5267 1411 5313 V
1505 5264 1535 5314 13
1554 5265 1706 5314 admiranda.
1722 5259 1784 5330 tuis]
1801 5264 1828 5323 V,
1843 5265 1924 5311 tristi·

298 5349 604 5399 trrmtuamnmdlesc)
691 5350 870 5413 sequutae?
972 5351 1003 5400 15
1021 5353 1182 5414 principibus
1195 5350 1326 5413 qulbusF
1428 5350 1459 5401 lo
1478 5353 1592 5410 tyrannis
1604 5350 1699 5399 unlel'
1796 5347 1826 5397 ll
1846 5349 1923 5397 Vale·

297 5426 675 5502 nuusmcurnc]1'‚om.v'
769 5436 801 5487 18
819 5438 953 5487 honoranit
971 5435 998 5485 Γ
1111 5436 1142 5487 19
1160 5433 1260 5503 decore]
1282 5436 1456 5498 Wlnpmdoep,
1480 5436 1593 5485 decorem
1616 5433 1663 5483 Vs
1773 5432 1806 5483 22
1824 5430 1922 5501 posses]

297 5521 399 5585 loretus,
419 5526 501 5585 possis
517 5520 565 5571 VI*
665 5521 697 5571 23
716 5518 780 5589 erat]
793 5523 900 5584 luntas,
919 5525 969 5572 erle
986 5523 1013 5584 V,
1033 5537 1082 5575 om.
1095 5521 1142 5572 ΓΦ
1246 5536 1296 5571 nou
1309 5522 1401 5571 deinde
1414 5521 1463 5571 ΓΦ
1566 5516 1681 5586 timeres]
1693 5534 1745 5581 cco,
1766 5520 1863 5569 tlmerls
1880 5518 1927 5567 VF

297 5607 325 5656 il
344 5610 451 5657 Anicius
469 5605 596 5675 lulianus]
615 5607 646 5671 Γ,
666 5608 755 5659 om.V
857 5608 890 5658 26
908 5608 1009 5658 cedenti
1027 5622 1117 5659 cumon
1136 5607 1168 5669 Γ,
1188 5622 1238 5658 uon
1256 5610 1346 5659 cedent
1364 5611 1404 5657 cut
1422 5608 1515 5657 noul'
1617 5609 1716 5656 animus
1735 5604 1765 5669 Γ,
1786 5605 1922 5655 annius&

295 5694 324 5744 311
341 5701 444 5744 aeterna
462 5692 493 5755 Γ,
514 5700 643 5743 aeternam
659 5696 791 5759 ucopptos
904 5693 933 5744 31
955 5697 1089 5745 Petronius
1107 5691 1256 5762 Probianus]
1275 5693 1305 5757 Γ,
1326 5710 1375 5744 om.
1395 5695 1415 5742 l'
1526 5692 1558 5743 32
1576 5688 1649 5759 quos]
1668 5692 1774 5752 Lectius,
1795 5691 1861 5753 quod
1879 5689 1925 5740 VI'

294 5779 323 5831 33
341 5779 384 5849 ad]
403 5795 431 5829 ac
449 5778 476 5828 Γ
576 5779 609 5829 36
628 5781 729 5830 assidue
748 5783 807 5843 qula
825 5782 889 5831 circa
907 5781 934 5841 V,
952 5784 1069 5843 ‘quocirca
1087 5781 1204 5831 adsiduos
1223 5780 1250 5829 Γ
1351 5779 1388 5830 37.
1402 5781 1511 5830 retulisti
1529 5780 1549 5827 V

1677 5881 1684 5929 1
1698 5879 1713 5907 ἦ
