4686 6472
754 489 804 545 DE
823 488 1019 544 sterlinum
1037 485 1328 543 RELATIONIBVS.
1779 484 1860 549 XXI

223 714 362 799 quisque
377 712 489 795 editor,
517 711 546 779 si
568 714 649 779 baec
669 713 704 779 in
726 712 890 779 codicibus
911 712 1081 796 inveniret,
1107 718 1193 779 certe
1215 732 1273 798 pro
1295 713 1471 776 numinibus
1494 711 1650 779 scriberet
1670 712 1856 791 nominibus;

225 834 287 900 sed
308 835 344 900 in
363 834 386 898 Γ
407 839 571 920 receptum
594 839 643 899 est
664 835 893 917 muniminibus,
919 833 1005 916 quod
1027 832 1090 898 nisi
1112 854 1153 900 ex
1176 832 1286 900 codice
1308 831 1464 914 duxisset,
1491 852 1668 915 numquam¹
1687 830 1860 898 aGelenio

225 954 362 1039 reperiri
384 954 551 1040 potuisset.
1468 928 1472 935 ⁴

314 1078 389 1156 296,
408 1078 446 1140 31
471 1086 610 1139 senatum
629 1077 732 1158 prisco
755 1096 837 1137 more
859 1077 1011 1155 consului,
1037 1077 1111 1158 quid
1127 1078 1157 1138 in
1173 1078 1325 1137 communi
1339 1095 1437 1138 cerusa
1450 1083 1578 1157 patmum
1601 1076 1613 1136 i
1619 1083 1762 1136 averet
1784 1095 1860 1138 auc-

224 1200 338 1261 toritas
360 1196 434 1260 ΤΜ.
481 1197 595 1258 iuberet
622 1215 679 1280 pro
708 1198 825 1258 iaceret
849 1215 913 1260 non
936 1193 1117 1261 coniectura
1139 1201 1189 1259 est
1211 1195 1269 1261 sed
1291 1193 1446 1279 correctio
1469 1192 1585 1260 erroris
1608 1193 1855 1278 orthographici,

226 1337 289 1382 nec
311 1316 482 1401 quisquam
504 1315 572 1381 alia
594 1315 716 1380 ratione
739 1336 780 1381 ex
795 1315 925 1398 ingenio
940 1314 1026 1380 hunc
1041 1315 1146 1381 locum
1162 1313 1335 1381 emendare
1350 1320 1464 1399 potest.
1513 1320 1548 1380 at
1561 1312 1718 1380 Gelenius
1733 1313 1861 1399 scripsit

227 1441 384 1517 innueret,
412 1436 498 1519 quod
519 1436 619 1501 multo
641 1435 757 1501 melius
780 1441 840 1518 est,
866 1456 941 1501 nam
965 1435 1091 1501 senatui
1112 1434 1146 1499 in
1169 1455 1209 1500 ea
1230 1455 1264 1502 re
1286 1456 1351 1520 qua
1372 1434 1413 1501 de
1436 1434 1543 1519 agitur
1564 1454 1626 1499 non
1648 1424 1781 1501 iubendi
1802 1434 1862 1501 sed

228 1564 354 1623 tantum
377 1555 537 1622 suadendi
558 1556 610 1621 ius
632 1562 712 1623 erut.

316 1681 390 1761 292,
410 1681 451 1741 22
474 1681 504 1741 si
524 1677 696 1741 murenas
719 1681 798 1740 virus
820 1680 919 1759 officr'a
942 1679 1052 1740 intra
1074 1697 1185 1738 mura
1207 1678 1356 1739 mandetis
1371 1676 1409 1741 T.
1457 1675 1522 1742 iam
1545 1676 1579 1742 in
1593 1676 1625 1741 Μ
1649 1675 1710 1741 hoe
1724 1675 1758 1741 in
1773 1679 1858 1740 intra

227 1820 335 1864 maroc
356 1805 532 1864 conectam
555 1804 615 1881 est,
641 1816 700 1863 nec
722 1796 875 1863 editorem
898 1796 1019 1863 saeculi
1042 1794 1158 1862 decimi
1180 1795 1265 1862 sexti
1287 1817 1438 1881 umquam
1460 1797 1555 1863 aliter
1573 1796 1751 1863 correxisse
1766 1802 1862 1882 puta·

227 1919 346 1999 verim3
373 1918 529 1985 Gelenius
550 1924 659 1984 numm
681 1917 815 1984 verbum
837 1917 1034 1983 rarissimum
1058 1921 1278 1983 intramurana
1299 1917 1416 2001 posuit.

315 2041 395 2121 314,
423 2041 443 2102 6
472 2041 598 2123 dipsium
620 2048 664 2102 est
694 2042 787 2123 ipitur
816 2040 925 2102 diuina
955 2049 1122 2122 temporum
1153 2046 1326 2101 uestrorum
1352 2039 1513 2121 felicitate,
1546 2048 1580 2102 ut
1606 2046 1766 2123 peractam
1795 2042 1861 2102 sine

228 2161 392 2242 offensione
420 2162 578 2241 militiam,
610 2163 641 2221 si
665 2162 867 2241 perennitatis
890 2168 1011 2223 vestrae
1032 2163 1103 2241 pius
1126 2168 1246 2221 natus
1268 2160 1434 2241 adriserit,
1464 2161 1686 2243 praeropativa
1707 2161 1861 2223 sollemnis

230 2291 359 2344 anunm
381 2280 453 2344 TM.
500 2300 557 2364 pro
580 2290 673 2343 natus
699 2285 765 2344 tam
787 2278 899 2364 Meyer
926 2299 1022 2362 quam
1044 2279 1141 2344 Halm
1169 2278 1375 2345 coniecerunt
1396 2288 1489 2343 nutus
1510 2298 1571 2344 nec
1593 2277 1749 2345 Gelenius
1772 2279 1863 2345 aliud

231 2400 439 2483 comecisset,
467 2400 495 2464 si
518 2400 701 2466 coniectura
723 2399 754 2465 ei
775 2420 856 2485 opus
878 2398 1010 2479 inisset3
1042 2399 1170 2484 scripsit
1191 2405 1298 2466 summ
1320 2402 1437 2464 uultus.
1483 2419 1549 2484 qua
1571 2419 1611 2464 ex
1633 2399 1771 2466 lectione
1793 2420 1863 2466 cor-

229 2523 357 2607 ruptela
378 2519 523 2587 codicum
545 2520 642 2586 facile
665 2520 854 2605 explicatur,
880 2520 908 2587 si
930 2520 1070 2587 litteram
1094 2523 1105 2584 t
1125 2517 1327 2586 intercidisse
1351 2539 1514 2586 sumamus
1536 2526 1569 2586 et
1590 2542 1633 2584 uu
1651 2520 1685 2586 in
1700 2542 1743 2584 na
1756 2527 1864 2587 mutu-

230 2649 311 2708 tum.
357 2641 441 2725 quod
464 2647 571 2706 autem
594 2640 766 2726 praecipue
789 2661 840 2706 me
862 2640 970 2723 movit,
998 2648 1032 2707 ut
1047 2639 1239 2725 scripturam
1257 2638 1469 2705 Geleniunnm
1484 2661 1594 2707 veram
1609 2641 1784 2724 crederem,
1810 2660 1863 2708 res

233 2761 306 2847 ipse
327 2768 387 2828 est.
436 2782 510 2827 nam
533 2760 579 2843 ei,
614 2760 669 2845 qui
693 2760 808 2826 militia
829 2761 862 2826 in
886 2760 992 2826 officio
1015 2760 1174 2846 perfuncti
1197 2766 1304 2841 eraut,
1338 2767 1511 2846 antequam
1533 2760 1577 2827 ad
1599 2762 1730 2829 altiores
1754 2761 1862 2846 digni-

232 2888 315 2947 tates
344 2889 606 2968 promoverentur
632 2884 860 2967 (praeroputivn
882 2884 1061 2964 sollemnis),
1094 2900 1269 2967 purpuram
1298 2879 1433 2947 adorare
1463 2882 1627 2964 solebant,
1659 2883 1694 2949 id
1723 2889 1774 2949 est
1802 2882 1863 2948 ad-

233 3001 440 3069 mittebantur
461 3002 505 3069 ad
526 3003 713 3089 principem,
739 3023 833 3087 quem
856 3023 943 3087 genu
958 3000 1042 3068 flexo
1058 3002 1307 3068 consalutarent.
1355 3001 1397 3066 cf.
1416 3001 1561 3069 Gothofr.
1579 3002 1623 3070 ed
1638 3002 1717 3069 Cod.
1736 3002 1860 3070 Theod.

233 3123 278 3187 VI
300 3125 331 3188 8.
378 3143 456 3208 ergo
484 3143 548 3189 non
578 3125 681 3191 solnm
711 3134 789 3189 nutu
810 3124 949 3207 Augusti
970 3122 1146 3189 honoribus
1169 3121 1313 3188 exornati
1337 3130 1426 3206 sant,
1460 3122 1639 3191 sedetiam
1663 3126 1781 3188 cultum
1802 3123 1865 3189 im-

235 3242 393 3327 peratoris
414 3243 626 3329 aspiciebant,
652 3244 687 3311 id
708 3245 795 3329 quod
817 3244 946 3311 Gelenii
967 3243 1062 3310 lectio
1084 3242 1216 3309 indicat.

319 3382 400 3447 Cum
423 3382 642 3450 recensionem
661 3382 828 3450 relationis
842 3382 957 3449 tertiae
972 3382 1218 3448 Ambrosianum
1234 3400 1306 3446 cum
1323 3381 1574 3466 Symmachiana
1588 3402 1861 3468 componeremus,

236 3502 358 3568 nullum
382 3501 414 3566 in
437 3501 499 3568 hac
520 3502 632 3568 vitium
657 3503 856 3588 frequentius
878 3522 951 3570 esse
980 3502 1178 3583 invenimus,
1210 3522 1308 3586 quarn
1337 3502 1472 3568 lacunas
1494 3522 1668 3586 paucerum
1690 3504 1742 3569 vel
1766 3502 1864 3569 etiam

236 3622 435 3706 singularum
458 3622 649 3689 litterarum.
694 3624 767 3707 quis
789 3623 909 3708 credat,
935 3632 1079 3709 tempore
1100 3622 1336 3689 renascentium
1352 3622 1530 3689 litterarum
1546 3621 1707 3690 hominem
1723 3624 1864 3708 aliquem

236 3743 280 3808 ita
308 3743 341 3808 in
369 3743 514 3809 codicum
545 3742 671 3810 indoles
700 3744 923 3829 inquisivisse,
960 3750 997 3810 ut
1025 3743 1068 3810 ad
1097 3742 1280 3810 huiusmodi
1309 3743 1462 3808 minutias
1491 3743 1633 3809 animum
1663 3745 1866 3811 emendaret?

236 3870 383 3947 quabuor
411 3871 536 3947 numm,
570 3884 650 3948 quos
679 3865 773 3930 modo
802 3864 1042 3950 proposuimus,
1074 3863 1154 3931 locis
1183 3864 1248 3929 iam
1276 3862 1432 3947 vidimus,
1466 3862 1637 3930 Gelenium
1667 3864 1865 3931 coniecturas

237 3984 372 4050 maxime
394 3983 507 4051 obvias
529 3986 690 4070 sprevisse
713 3993 746 4052 et
767 4005 824 4051 eus
847 3985 1019 4071 scripturas
1042 3985 1214 4070 recepisse,
1241 4003 1325 4068 quae
1347 3983 1412 4049 nisi
1434 3983 1496 4050 hac
1511 3984 1655 4052 codicum
1670 3985 1865 4070 proprietate

151 4131 156 4140 ·
237 4110 405 4188 pompeam
426 4104 564 4169 inveniri
585 4126 650 4170 non
673 4105 863 4191 potuissent.
911 4105 1039 4171 omnino
1062 4112 1170 4173 summ
1193 4104 1313 4170 similia
1334 4110 1409 4170 sunt
1430 4101 1528 4170 haec:

338 4244 397 4309 280,
430 4247 450 4310 ,7
477 4245 532 4314 nup
549 4241 602 4296 ΤΜ
1217 4246 1359 4313 numatam
1377 4238 1397 4295 Γ

418 4333 451 4383 14
475 4332 586 4385 herard
603 4329 656 4385 Til
1217 4329 1345 4383 Meum
1363 4325 1383 4383 Γ

338 4417 397 4482 284,
422 4420 448 4470 11
476 4417 586 4472 modern
603 4416 657 4472 Tlt
1217 4410 1409 4469 moderatori*

338 4503 396 4569 285,
417 4505 450 4556 ³0
469 4508 625 4575 promptam
642 4503 696 4557 ΤΜ
1213 4505 1404 4572 promptamne
1422 4496 1449 4562 Γ,
1477 4515 1532 4570 quo
1555 4500 1618 4554 loco
1643 4518 1676 4555 ne
1699 4516 1734 4556 eo
1752 4499 1864 4556 facilius

1252 4586 1384 4642 excidere
1399 4586 1502 4654 potnit,
1523 4587 1590 4657 quia
1607 4587 1725 4643 uerbum
1744 4602 1865 4658 sequeus

1253 4674 1350 4728 litters
1367 4691 1385 4725 n
1403 4672 1512 4741 incipit.

339 4761 397 4825 288,
420 4763 451 4814 16
475 4767 500 4815 ut
517 4777 570 4815 om.
589 4761 654 4828 Tll;
676 4761 794 4818 verbum
811 4761 986 4831 praecedens
1004 4760 1116 4831 syllaba
1133 4765 1160 4812 et
1177 4759 1283 4814 finitur.

340 4846 398 4908 let,
419 4848 453 4900 20
477 4848 575 4918 affeetu
593 4847 646 4902 ΤΜ
1216 4847 1345 4916 affectata
1363 4840 1383 4897 Γ

418 4936 451 4986 st
475 4933 565 4987 urcino
582 4932 635 4988 ΤΜ
1217 4930 1331 4986 martiae
1349 4926 1369 4983 Γ
1387 4945 1438 4998 pro
1457 4930 1579 4984 marnes

342 5019 400 5084 288,
422 5021 453 5072 18
476 5022 596 5073 uestrum
614 5020 667 5074 Tlt
1217 5021 1385 5086 metrumque
1404 5013 1423 5070 Γ

339 5106 398 5167 292,
419 5106 448 5156 21
476 5106 539 5158 nolo
557 5120 610 5159 our.
628 5104 681 5160 Tll

340 5192 398 5254 293,
436 5192 452 5242 2
476 5190 590 5244 niueum
607 5191 661 5245 Tlt
1216 5190 1358 5243 minimum
1376 5185 1396 5242 Γ

341 5278 400 5340 295,
420 5279 454 5329 36
476 5275 606 5329 umnam
622 5275 676 5331 Tu
1217 5276 1304 5330 81088
1321 5295 1335 5328 e
1352 5274 1408 5329 surb
1426 5270 1446 5327 Γ

477 5378 567 5415 arcere
583 5361 637 5417 Tu
1217 5378 1323 5417 amoene
1342 5358 1361 5414 Γ

341 5450 399 5513 nsi,
422 5450 453 5501 rs
474 5446 605 5520 paona
622 5448 676 5503 Tu
1216 5444 1415 5517 probamur

340 5537 398 5599 298,
422 5537 452 5587 12
476 5551 570 5589 erana
587 5534 622 5597 T,
641 5553 731 5590 masse
750 5534 776 5587 Μ
1219 5534 1339 5588 wastina
1356 5530 1376 5587 Γ

340 5623 398 5686 802,
422 5623 452 5674 11
477 5639 537 5674 cunr
554 5620 608 5677 ΤΜ
1219 5620 1249 5674 in
1266 5636 1326 5672 eum
1345 5615 1365 5672 Γ

341 5709 399 5771 803,
421 5709 453 5759 19
477 5707 561 5761 salius
577 5706 730 5776 potionibus
748 5707 784 5768 lt,
804 5706 887 5759 solius
903 5706 1058 5777 petionibus
1075 5707 1099 5761 'l'
1218 5704 1304 5760 saluis
1320 5702 1523 5777 adunabunibus
1542 5699 1561 5756 Γ

341 5794 399 5856 306,
420 5794 453 5848 20
477 5791 575 5848 radun
592 5791 645 5849 Tlt
1218 5791 1346 5847 resedam
1364 5787 1384 5844 Γ
