4736 6478
961 484 1075 540 LIBER
1092 484 1159 539 1111.
1554 546 1558 549 ,
1809 489 1870 551 123

248 677 290 743 ad
317 698 429 758 unum,
463 696 559 759 quem
580 683 692 760 sponte
714 675 894 759 delegeris,
927 675 1143 759 inquisitionis
1166 695 1290 740 summa
1312 674 1482 741 referenda
1504 675 1640 741 adiectis
1662 682 1789 742 vestrae
1811 696 1869 762 ap-
1891 679 2001 743 PVM

249 780 417 873 peritionis
447 779 594 862 auxiliis,
633 800 696 862 quo
726 780 848 846 minora
880 779 986 845 officia
1021 779 1117 844 fidem
1153 779 1366 878 prag-luterum
1401 779 1453 844 vel
1487 778 1682 869 inv-edorum
1716 786 1872 863 cogantur

248 885 384 968 aperire.
424 883 571 969 probabit
593 883 709 963 exitus,
735 890 886 966 quantum
911 882 989 967 reip.
1017 891 1073 947 tua
1095 902 1172 947 cura
1192 881 1402 967 prospexerit,
1428 902 1500 946 cum
1523 880 1670 947 cohibitis
1692 883 1871 967 sumptibus

248 988 338 1054 noris
360 988 625 1055 consummationi
647 1007 778 1072 operum
801 986 992 1053 satisfecerit
1014 1006 1140 1052 summa
1166 986 1370 1068 reliquorum.

838 1295 945 1359 uxxr
965 1296 1109 1379 (um)
1144 1317 1175 1361 a,
1195 1298 1280 1360 aare

892 1451 952 1515 no
975 1451 1224 1517 nvsrcurvn.

332 1627 462 1692 Summo
485 1625 621 1711 gaudio,
648 1625 794 1708 quotiens
818 1624 948 1705 scribis,
974 1623 1123 1705 adficior,
1152 1631 1185 1689 et
1206 1631 1272 1689 tum
1295 1626 1450 1707 maxime,
1484 1646 1555 1691 eum
1578 1625 1671 1691 abest
1692 1626 1871 1693 amaritudo

244 1731 472 1815 querimoniae.
527 1748 610 1793 nunc
640 1728 735 1793 stilum
762 1736 836 1792 tuus
865 1728 907 1792 ab
930 1728 1050 1793 usitata
1071 1728 1270 1793 iucunditate
1293 1727 1456 1794 dissensit.
1502 1729 1660 1813 arguebat
1680 1729 1765 1794 euim
1787 1729 1871 1794 falso

245 1833 447 1917 iniquitatem
470 1831 631 1916 quandam
655 1831 798 1916 pignoris
820 1831 902 1913 mei,
937 1851 1007 1896 cum
1031 1851 1094 1913 quo
1124 1831 1183 1896 tibi
1211 1832 1347 1896 limitum
1377 1833 1467 1898 nulla
1496 1832 1627 1899 certatio
1656 1838 1715 1898 est.
1761 1831 1870 1915 itaque

202 1951 229 1992 1⁰
248 1938 372 2003 litteras
388 1936 562 2003 contraius
577 1934 739 2000 amicitiae
754 1933 796 1999 ad
812 1955 884 2000 eum
909 1934 1027 1999 missas
1050 1935 1199 2019 repressi,
1225 1956 1266 2001 ne
1281 1943 1441 2001 amantem
1463 1936 1508 2001 tni
1532 1935 1623 2001 dolor
1642 1935 1747 2000 iustus
1769 1934 1872 2002 offen-

245 2039 346 2105 deret.
387 2039 448 2105 fuit
476 2046 582 2104 autem
606 2038 700 2104 matri
730 2036 800 2103 eius
831 2057 902 2102 oum
933 2043 1138 2121 procuratore
1167 2044 1222 2102 tuo
1252 2038 1360 2103 finalis
1387 2039 1420 2103 in
1444 2038 1557 2105 Sicilia
1578 2038 1741 2121 quaestio,
1774 2058 1869 2121 quam

245 2142 435 2227 disceptatio
464 2162 545 2223 uon,
577 2147 613 2206 ut
635 2141 763 2221 scribis,
799 2141 949 2221 Venusti,
981 2138 1040 2206 sed
1070 2140 1204 2207 alterius
1227 2141 1357 2207 rectoris
1386 2141 1534 2207 absolvit.
1582 2162 1658 2225 ergo
1678 2132 1714 2207 in
1736 2148 1870 2226 ubsque

244 2264 382 2331 persona
409 2265 497 2310 error
524 2244 728 2327 suggerentis
756 2252 896 2310 retectus
924 2265 994 2309 eam
1017 2244 1162 2329 pignoris
1184 2243 1248 2310 mei
1277 2249 1393 2310 eximet
1413 2244 1579 2311 iuvidiam.
1626 2245 1772 2311 advertes
1794 2266 1871 2328 ergo
1894 2252 1913 2310 2

244 2370 301 2434 pro
323 2348 481 2431 singulari
502 2348 698 2414 verecundia
719 2354 790 2428 tua,
823 2348 873 2413 cui
903 2347 1102 2433 potissimum
1133 2348 1218 2432 parti
1246 2347 1424 2414 satisfactio
1447 2347 1612 2414 debeatur.
1659 2356 1693 2415 et
1720 2348 1801 2414 nibil
1830 2348 1871 2415 de

204 2468 232 2508 ιτ»
249 2451 412 2537 praesenti
436 2452 561 2518 fortuna
582 2451 676 2516 istius
698 2452 826 2535 loquor,
851 2472 937 2535 quae
959 2451 1151 2517 scribentem
1173 2450 1285 2516 debuit
1307 2459 1497 2536 temperare.
1544 2451 1640 2534 udde,
1666 2451 1752 2534 quod
1773 2472 1871 2537 pecu-

244 2554 366 2620 niarias
389 2574 504 2621 causas
526 2574 627 2639 unque
649 2555 693 2620 ad
715 2554 939 2621 detrimentum
963 2554 1174 2619 amicitiarum
1198 2575 1260 2620 non
1283 2562 1407 2639 oportet
1427 2554 1569 2621 extendi.
1613 2556 1670 2621 sod
1691 2554 1769 2639 quid
1790 2554 1872 2621 haec

244 2657 412 2744 pluribus?
433 2659 566 2743 posthac
588 2665 662 2743 opto
684 2677 861 2724 sermonem
885 2666 974 2723 tuum
999 2657 1206 2742 placidiorem
1229 2658 1344 2723 mereri
1367 2665 1400 2724 et
1421 2659 1632 2725 constantiam
1651 2659 1769 2725 veteris
1792 2679 1871 2742 erga

243 2781 294 2828 me
317 2761 542 2828 observantiae
563 2769 638 2828 tuae
660 2768 803 2847 porrecto
826 2762 922 2827 etiam
953 2761 986 2826 in
1009 2781 1097 2826 meos
1119 2781 1227 2827 amore
1250 2760 1411 2845 colligere.

776 3070 901 3136 LXXII
922 3069 1083 3154 (LXXIII)
1117 3077 1193 3136 ante
1208 3091 1239 3135 a.
1259 3072 1333 3135 388.

196 3240 224 3284 ro
961 3224 1021 3290 AD
1044 3225 1082 3304 Q.
1109 3226 1144 3290 S.
1888 3229 1987 3296 PVF

331 3399 496 3481 Frequens
527 3418 604 3463 usus
633 3398 772 3464 ostendit
802 3405 834 3462 et
856 3399 944 3463 clara
971 3397 1069 3465 animi
1097 3398 1144 3462 tui
1174 3399 1364 3465 documenta
1391 3406 1566 3479 testantur,
1603 3400 1753 3484 exempla
1773 3421 1870 3467 verae

245 3502 408 3568 amicitiae
431 3502 472 3568 de
492 3510 525 3568 te
548 3522 619 3568 esse
642 3501 810 3587 capienda.
850 3522 953 3585 neque
976 3502 1061 3568 enim
1083 3502 1252 3586 quisquam
1275 3503 1485 3569 constantiam
1509 3502 1678 3568 firmiorem
1702 3502 1871 3570 familiari-

246 3605 306 3671 bus
328 3604 475 3690 inpendit
496 3604 620 3684 officiis,
646 3605 679 3670 in
701 3612 792 3672 tanta
814 3606 1002 3691 praesertim
1026 3605 1225 3691 publicarum
1248 3607 1332 3673 mole
1354 3627 1516 3690 curarum,
1541 3627 1624 3690 quae
1647 3607 1779 3673 alterius
1802 3615 1871 3674 stu-

244 3707 331 3775 dium
355 3709 458 3793 possit
478 3709 645 3790 hebetare,
671 3708 734 3774 nisi
756 3710 978 3793 obstrepentes
1000 3708 1211 3775 necessitates
1233 3709 1373 3776 adfectio
1396 3709 1538 3776 fraterna
1560 3716 1736 3795 superaret.
1784 3710 1870 3792 quod

194 3828 224 3869 ²⁵
242 3812 346 3878 solum
377 3811 474 3896 igitur
503 3811 716 3877 verecundiae
746 3811 909 3892 convenit,
953 3810 1034 3877 cedo
1070 3812 1368 3896 praestantissimae
1406 3812 1553 3897 religioni
1583 3833 1696 3896 meque
1726 3814 1868 3898 inparem

242 3916 432 3983 referendae
463 3915 676 3982 vicissitudini
707 3915 862 4000 pudenter
891 3935 1042 3998 agnosco.
1089 3935 1150 3981 nee
1178 3936 1307 3999 vereor,
1340 3936 1382 3983 ne
1404 3917 1574 4002 diligentia
1602 3924 1658 3983 tua
1685 3915 1743 3982 tali
1772 3917 1870 3984 laude
1900 3911 1905 3919 ’

240 4021 414 4097 lentescat3
453 4019 529 4102 quin
551 4019 656 4104 potius
680 4038 775 4102 spero
797 4017 1047 4084 benivolentiam
1069 4024 1173 4101 tuam,
1211 4019 1239 4084 si
1262 4018 1339 4103 quid
1361 4021 1457 4105 pleno
1479 4026 1585 4105 potest
1607 4019 1709 4101 adici,
1748 4021 1869 4103 largio-

238 4142 323 4199 rem3
357 4120 436 4205 quia
458 4121 548 4187 bonis
571 4120 732 4186 familiare
755 4128 806 4187 est
827 4119 936 4187 studia
956 4121 1099 4203 benigna
1121 4123 1300 4203 cumulare,
1326 4143 1460 4206 quorum
1482 4122 1618 4206 gratiam
1642 4121 1783 4188 sentiunt
1804 4143 1866 4189 non

238 4245 356 4309 perrre.

749 4533 890 4599 nxxnr
911 4534 1087 4618 (nxxmn
1125 4555 1156 4601 a.
1176 4537 1358 4600 aar-asu.

885 4689 944 4754 uo
967 4690 1216 4757 nvsrcurvu.
1885 4697 1999 4761 Pru
2082 4674 2084 4678 “

325 4861 438 4945 Facio,
471 4860 557 4944 quod
586 4860 700 4927 suadet
728 4861 928 4945 humanitas,
967 4869 1002 4928 ut
1022 4862 1185 4928 amicitiae
1214 4872 1289 4929 tuae
1311 4863 1396 4929 viros
1426 4864 1529 4930 bonae
1551 4865 1654 4948 frugis
1676 4866 1861 4949 adiungam.

238 4968 350 5033 horum
373 4984 456 5031 uuus
479 4970 528 5029 est
544 4963 639 5029 Felix
660 4963 856 5030 honorabilis
878 4964 982 5049 gradu
1004 4973 1102 5050 atque
1125 4965 1354 5034 exercitatione
1377 4966 1522 5049 militiae,
1550 4969 1601 5035 eui
1624 4968 1751 5053 siquid
1774 4990 1863 5034 amo-

237 5071 282 5137 ris
304 5068 504 5155 inpendens,
531 5067 574 5133 ad
596 5087 701 5134 meam
724 5068 860 5152 gratiam
884 5069 1066 5154 pertinebit.

325 5363 396 5414 3101
414 5370 519 5426 protus
539 5365 565 5427 V,
586 5363 731 5413 reltuaM
832 5365 1025 5427 froloqnorum
1046 5366 1140 5415 Pim.

325 5452 408 5502 bom.
434 5449 480 5497 VM
582 5451 710 5510 'ignudso
731 5451 777 5499 Pl
791 5467 825 5501 ur.
932 5449 996 5500 8ab
1015 5454 1183 5502 sbusltntel'
1286 5453 1317 5502 lb
1336 5453 1403 5501 dolor
1421 5454 1532 5501 irriustus
1550 5455 1613 5503 aaa
1720 5452 1746 5502 ll
1768 5451 1863 5520 sutem]

238 5537 283 5586 hoo
305 5537 332 5597 V,
351 5550 399 5585 oua
421 5536 449 5584 Μ
565 5536 596 5587 13
615 5534 720 5603 exunat]
739 5536 809 5602 Fuso,
830 5539 928 5586 exemit
945 5537 1020 5589 Pru
1121 5537 1247 5607 advertes]
1267 5539 1621 5600 transmarinarumve
1737 5539 1768 5588 ld
1787 5541 1861 5589 sutb-

239 5623 346 5672 taelol'
449 5622 480 5672 lb
498 5623 559 5673 haec
576 5625 608 5672 de
625 5624 784 5685 plnrlbusV

325 5708 359 5758 20
376 5723 425 5760 eru.
444 5710 485 5758 FF
587 5709 619 5759 m
638 5711 798 5759 amltltlael'
901 5709 934 5759 24
952 5711 1144 5773 porsanm.
1262 5712 1294 5763 ‘28
1313 5710 1433 5780 boulena]
1447 5714 1547 5762 bonaF
1647 5710 1681 5761 29
1699 5710 1826 5761 naloudd.
1839 5712 1866 5759 F

325 5793 355 5843 31
375 5807 424 5843 orn.
443 5794 491 5843 VM
594 5794 626 5844 33
646 5795 724 5844 foelix
748 5795 796 5843 VM
898 5798 979 5845 tuli'
1314 5800 1319 5809 “

1602 5900 1656 5951 16*
