4744 6476
1090 452 1287 508 SYMMACHI
1305 452 1541 508 RELATIONES

974 817 1137 883 xxxxn
1158 817 1250 897 (nur.
1269 816 1387 899 nxnn
1421 838 1453 882 a.
1473 817 1655 880 ser-ass.

385 993 482 1055 ΤΜΓ
587 989 798 1055 Petronianus
820 991 1012 1055 urbanarum
1035 987 1156 1053 dudum
1179 988 1354 1053 cohortium
1378 987 1471 1052 miles
1493 986 1536 1052 ad
1559 986 1788 1052 corniculorum
1811 987 1948 1070 gradum
1971 988 2124 1073 inculpati

501 1093 620 1158 laboris
636 1093 843 1158 diuturnitate
864 1099 1034 1177 provectus
1056 1111 1143 1156 more
1166 1091 1373 1172 institutoque
1396 1091 1550 1155 maiorum
1574 1089 1790 1155 testimonium
1811 1090 1928 1156 meruit
1949 1090 2124 1157 castrensis

499 1195 688 1278 industriae,
714 1197 799 1278 quod
815 1196 929 1261 ceteris
947 1215 1073 1277 quoque
1096 1201 1168 1279 post
1189 1195 1358 1259 honestum
1382 1213 1507 1258 cursum
1532 1193 1763 1278 stipendiorum
1785 1193 1906 1259 iudicia
1929 1194 2119 1276 detulerunt,

499 1299 577 1366 ddd.
603 1299 724 1384 imppp.
743 1299 968 1365 Valentiniana
990 1297 1152 1362 Theodosi
1176 1304 1208 1362 et
1229 1295 1348 1361 Arcadi
1371 1295 1483 1380 inclyti
1506 1296 1642 1361 victores
1665 1316 1704 1360 ac
1725 1295 1972 1380 triumphatores
1994 1316 2154 1381 sempera

498 1402 647 1485 Augusti.
695 1402 826 1485 dignum
857 1409 906 1467 est
934 1400 1033 1483 igitur
1061 1399 1172 1464 divina
1200 1406 1377 1482 temporum
1400 1406 1578 1464 vestrorum
1605 1398 1776 1479 felicitate,
1811 1404 1845 1463 ut
1867 1406 2031 1483 peractam
2055 1399 2123 1464 sine

496 1505 672 1570 offensione
690 1504 850 1585 militiam,
877 1505 904 1568 si
927 1503 1136 1587 perennitatis
1158 1510 1285 1569 vestrae
1308 1503 1381 1587 pius
1403 1503 1511 1567 vultus
1531 1502 1690 1584 adriserit
1716 1502 1941 1587 praerogativa
1957 1502 2123 1566 sollemnis

497 1615 640 1674 exornet.

965 1950 1146 2015 xxxxrn
1167 1951 1276 2034 (nvn.
1296 1951 1430 2033 nxrrn)
1465 1972 1497 2014 a.
1516 1952 1698 2016 ser-sss.

580 2124 684 2189 Curae
707 2123 785 2189 mihi
808 2131 874 2205 est,
904 2130 939 2188 ut
961 2122 1016 2206 qui
1039 2121 1155 2188 animis
1178 2127 1210 2187 et
1231 2121 1399 2187 maiestate
1423 2121 1614 2205 congmitis,
1641 2127 1752 2186 mutua
1773 2121 2015 2188 honorificentia
2035 2144 2118 2206 gau-
2138 2148 2165 2187 ro

493 2226 608 2292 deatis.
649 2226 781 2309 dignum
798 2232 848 2291 est
863 2225 970 2309 igitur,
998 2227 1125 2291 domine
1148 2225 1323 2308 imperator
1337 2225 1563 2290 Valentiniano
1585 2224 1704 2309 inclyte
1726 2224 1827 2291 victor
1848 2245 1887 2291 ac
1908 2225 2120 2310 triumphator

491 2349 619 2414 semper
645 2329 809 2413 Auguste,
851 2336 886 2394 ut
915 2329 1079 2395 decretum
1110 2336 1241 2394 senatus
1271 2328 1313 2394 ad
1338 2327 1567 2393 invictissimos
1597 2328 1712 2393 iratres
1740 2327 1882 2393 numinis
1910 2328 1976 2410 tui,
2016 2328 2046 2393 si
2074 2329 2119 2395 ita

448 2445 468 2505 2
491 2434 607 2517 placet,
635 2432 806 2498 clementia
827 2438 884 2497 tna
905 2433 1091 2498 insinuante
1114 2433 1291 2518 perveniat.
1331 2452 1463 2515 quorum
1486 2439 1599 2497 auctor
1621 2439 1653 2497 et
1674 2452 1801 2515 parens,
1830 2440 1864 2499 ut
1886 2432 2008 2497 dudum
2030 2453 2061 2496 v.
2086 2454 2114 2498 c.

490 2544 522 2602 et
542 2536 668 2602 inlustri
685 2535 861 2601 officiorum
877 2535 1031 2619 magistro
1047 2535 1217 2619 scripsisse
1234 2534 1374 2616 memini,
1402 2542 1579 2601 statuarum
1602 2534 1796 2619 equestrium
1814 2536 1932 2601 honore
1949 2536 2117 2602 decoratus

488 2645 548 2719 est,
575 2658 656 2721 quas
679 2639 709 2703 ei
732 2638 809 2703 ordo
831 2638 1026 2704 venerabilis
1045 2637 1190 2703 Africani
1214 2645 1246 2703 et
1268 2637 1457 2703 Brittannici
1478 2638 1555 2702 beili
1579 2637 1798 2704 recordatione
1821 2637 1964 2704 decrevit
1985 2659 2027 2705 ea
2049 2639 2113 2704 sci-
2135 2663 2163 2702 rs

488 2741 563 2806 iicet
578 2761 688 2823 causa,
717 2748 751 2806 ut
765 2741 858 2807 iustis
874 2741 1073 2826 superiorum
1090 2741 1206 2806 ducum
1221 2741 1324 2807 titulis
1340 2740 1558 2825 praesentium
1582 2742 1667 2806 circa
1681 2761 1738 2806 vos
1761 2741 1889 2806 devotio
1913 2748 2110 2826 provocetur.

572 3278 652 3343 Cum
667 3276 834 3360 mancipes
850 3275 1024 3340 salinarum
1041 3295 1158 3358 magno
1174 3294 1215 3341 ex
1230 3293 1363 3339 nurnero
1385 3273 1428 3338 ad
1450 3293 1571 3359 paucos
1593 3274 1714 3342 redacti
1736 3277 1939 3342 necessitatis
1962 3278 2110 3362 publicae

489 3380 604 3444 molem
634 3379 717 3445 ferre
748 3399 810 3444 non
841 3386 989 3463 possent,
1025 3378 1135 3443 delata
1158 3377 1392 3463 supplicatione
1415 3383 1616 3459 meruerunt,
1650 3379 1758 3443 uthis
1784 3428 1933 3444 ......
1960 3381 2111 3463 quiante

484 3483 599 3549 secreti
621 3489 718 3565 atque
741 3482 885 3548 excusati
909 3482 1055 3564 fuerant,
1081 3481 1291 3547 redderentur
1314 3488 1407 3546 etex
1431 3481 1505 3546 aliis
1529 3480 1712 3565 corporibus
1736 3501 1793 3546 seu
1816 3482 2005 3548 vacantibus
2027 3484 2110 3548 iusta
2128 3505 2158 3546 ro

484 3587 710 3671 supplementa
732 3585 953 3651 incunctanter
974 3585 1166 3670 acciperent,
1198 3583 1276 3649 ddd.
1301 3583 1423 3669 imppp.
1448 3585 1592 3668 allegata
1615 3584 1714 3666 igitur
1735 3585 1967 3670 praeceptione
1986 3585 2105 3661 divina,

2352 2294 2360 2335 r

935 3103 1133 3169 XXXXIIII
1154 3102 1280 3187 (LVIII.
1298 3102 1395 3186 LXV)
1430 3124 1462 3168 a.
1482 3104 1664 3168 ser-385.
2330 3170 2344 3191 ⁸
2354 3118 2362 3381 p

483 3710 554 3754 cnm
584 3690 754 3774 plerosque
784 3688 942 3754 consortio
972 3706 1029 3753 suo
1059 3695 1135 3753 ante
1164 3693 1303 3752 secretos
1335 3687 1451 3753 muniri
1480 3688 1661 3753 Macedonii
1695 3688 1847 3772 suffragio
1879 3688 2105 3773 repperissent,

2361 3916 2362 3969 l

482 3791 670 3857 relationem
693 3811 791 3876 super
813 3812 922 3857 eorum
944 3790 1173 3856 muniminibus
1196 3791 1418 3877 impetrarunt.
1465 3798 1591 3856 veehae
1614 3797 1737 3856 tantum
1761 3792 1951 3858 clementiae
1974 3793 2108 3858 liberum

440 3907 458 3966 2
482 3903 531 3961 eet
553 3895 663 3989 isium
686 3882 795 3961 elicita
816 3894 973 3980 rescripta
995 3894 1188 3960 rescindere.
1228 3903 1304 3960 tunc
1330 3901 1465 3978 urgente
1488 3894 1616 3960 defectu
1639 3894 1853 3959 navicularios
1876 3915 1980 3978 aeque
2004 3897 2109 3978 ligno-

479 4019 548 4063 rum
565 3999 719 4064 obnoxios
735 3997 890 4064 functioni
906 3997 947 4062 ad
966 4018 1075 4083 parem
1099 3998 1348 4064 sollicitudinem
1371 4018 1485 4064 vocare
1508 4006 1691 4083 coeperunt,
1719 4005 1753 4063 ut
1776 3998 1942 4082 utriusque
1965 4000 2154 4084 corporisne

480 4121 556 4166 cura
585 4101 754 4167 coniuncta
784 4100 991 4167 indiscretum
1023 4121 1138 4166 munus
1168 4107 1370 4185 agnosceret.
1418 4108 1452 4167 at
1479 4101 1529 4166 iili
1559 4101 1731 4166 nonnullos
1762 4100 1802 4166 de
1825 4102 2017 4167 turmalibus
2039 4102 2105 4167 suis

478 4205 607 4270 tradere
637 4205 818 4270 maluemnt
847 4225 943 4286 quam
971 4204 1003 4269 in
1026 4205 1212 4270 societatem
1234 4205 1316 4270 tanti
1338 4204 1444 4269 oneris
1468 4204 1649 4270 convenire.
1696 4205 1804 4289 itaque
1827 4204 2038 4288 factumest,
2074 4212 2108 4271 ut

478 4308 660 4374 volentibus
688 4308 803 4375 iisdem
834 4307 914 4373 certi
944 4308 1089 4374 homines
1119 4309 1321 4394 mancipibus
1351 4308 1569 4392 iungerentur.
1624 4329 1709 4374 nunc
1738 4307 1950 4393 perennitatis
1980 4316 2106 4375 vennae

477 4411 624 4477 stabilem
655 4409 839 4484 censionem
868 4411 999 4496 publica
1027 4432 1127 4477 causa
1156 4412 1317 4497 deposcit,
1355 4432 1396 4477 ne
1429 4412 1603 4496 obreptivis
1637 4409 1923 4496 supplicationibus
1959 4413 2106 4479 subsidia

631 4605 888 4612 .-——-...-.—.-

563 4724 573 4773 l
596 4725 628 4773 D.
643 4724 782 4773 Theodosio
801 4738 900 4787 semper
918 4725 984 4783 Aug.
1002 4724 1163 4784 Symmachus
1182 4726 1261 4787 praei.
1283 4727 1339 4774 urb.
1355 4722 1382 4772 Γ
1483 4725 1497 4774 2
1517 4726 1735 4774 corniculariorum
1749 4721 1775 4771 Γ
1877 4724 1891 4772 3
1910 4723 2100 4793 prouectus]i'‚

474 4816 608 4874 peruectus
626 4824 690 4859 corr.
709 4823 739 4858 ca
756 4818 891 4874 prouectus
912 4810 943 4873 T,
962 4817 1098 4873 peruectus
1117 4809 1145 4857 M
1272 4806 1360 4861 sudo
1377 4812 1442 4875 imp}
1463 4811 1497 4873 Μ,
1519 4813 1550 4859 D.
1572 4813 1709 4874 Imperator
1728 4810 1753 4858 Γ
1873 4813 2052 4861 Valentiniana
2069 4840 2103 4848 -

474 4897 490 4945 6
510 4898 617 4957 Augusti
636 4911 685 4946 om.
706 4895 732 4944 Γ
859 4897 874 4945 5
893 4897 993 4946 archadi
1014 4897 1065 4945 ΤΜ
1194 4898 1210 4947 6
1228 4900 1277 4959 aa&
1296 4898 1325 4946 Μ
1443 4904 1586 4948 uestrorum
1604 4905 1745 4962 temporum
1764 4896 1790 4944 Γ
1915 4898 1928 4947 i
1949 4896 2050 4965 nultus]
2069 4898 2101 4959 Γ,

473 4989 548 5031 natus
569 4983 625 5044 ΤΜ,
647 4991 725 5033 nutus
744 4982 825 5046 Meyer
843 4988 866 5031 er
885 4984 962 5031 Helm

558 5070 574 5118 o
591 5072 623 5119 D.
639 5070 777 5119 TheodosIo
790 5083 888 5133 semper
901 5071 967 5131 Aug.
983 5070 1146 5131 Symmachus
1159 5073 1235 5132 praei.
1252 5073 1307 5120 urb.
1323 5070 1349 5120 Γ
1462 5071 1489 5121 11
1511 5072 1576 5130 im'pi
1595 5070 1623 5118 Μ
1734 5067 1922 5136 Valentiniano]
1942 5071 2064 5119 Theodosi
2078 5070 2103 5118 Γ

473 5153 505 5203 12
523 5156 709 5205 addictissimoa
730 5156 751 5202 Τ
857 5155 889 5205 ii
907 5170 947 5205 me
964 5159 1095 5218 scripsisse
1114 5155 1141 5205 Γ
1243 5157 1274 5206 15
1293 5154 1328 5224 ei]
1347 5159 1386 5206 illi
1406 5156 1434 5204 Μ
1536 5158 1659 5206 brittanni
1680 5155 1732 5204 ΓΜ
1836 5155 1867 5205 16
1887 5170 1931 5205 nos
1950 5156 1977 5205 Γ

559 5242 590 5290 i'i
611 5242 643 5291 D.
664 5242 801 5291 Theodosio
819 5254 918 5304 semper
937 5245 1002 5304 Aug.
1024 5243 1188 5303 Symmachus
1207 5246 1285 5307 praei.
1308 5245 1363 5292 urb.
1385 5242 1412 5292 Γ
1526 5243 1557 5293 18
1575 5243 1716 5306 municipes
1735 5242 1762 5291 Γ
1871 5245 1987 5305 publicae
2005 5256 2055 5294 om.
2076 5243 2105 5291 Μ

472 5327 503 5377 19
522 5342 570 5376 non
590 5334 693 5392 possent
709 5344 757 5377 om.
779 5327 806 5375 M
952 5331 993 5377 his
1012 5330 1056 5391 qui
1078 5328 1157 5391 ΤΜΓ,
1179 5332 1268 5391 supple
1287 5331 1421 5392 obsequiis
1432 5332 1471 5379 oei
1488 5331 1568 5379 simile
1587 5330 1645 5392 quad
1786 5334 1845 5378 ante
1861 5334 1918 5390 post
1936 5329 1970 5380 20
1988 5331 2101 5379 excusati

470 5415 555 5464 cotton.
577 5412 603 5461 Γ
732 5414 766 5464 ho
784 5414 885 5483 secreti]
904 5415 994 5477 Meyer,
1015 5417 1108 5464 decreti
1134 5416 1215 5478 I'MF,
1236 5417 1340 5465 dlacreti
1358 5416 1457 5464 Leonas
1595 5414 1625 5464 21
1645 5408 1700 5464 dds
1718 5416 1784 5478 imp-r
1802 5414 1839 5477 Μ,
1858 5417 1889 5468 Ι).
1912 5418 2050 5479 Imperator
2068 5416 2099 5477 Γ,

469 5500 504 5560 cs.
522 5517 548 5561 p.
570 5500 666 5562 atat
772 5500 804 5549 22
823 5498 944 5568 secretos]
964 5501 1056 5563 Meyer,
1077 5503 1189 5551 decretos
1210 5500 1292 5565 ΤΜΓ,
1313 5504 1433 5552 discretos
1453 5502 1550 5550 hetha
1655 5503 1780 5551 macedoni
1802 5504 1855 5551 Tb!
1964 5502 1996 5551 ²3
2015 5506 2100 5551 muni·

468 5583 590 5652 minibus]
609 5584 640 5646 Γ,
662 5589 809 5636 numinibus
830 5587 878 5635 ΓΜ
983 5591 1051 5636 enirn
1069 5594 1127 5637 unte
1146 5595 1244 5637 tanturn
1264 5592 1335 5637 ἡκεν.
1353 5588 1378 5636 Γ
1479 5586 1740 5655 rosaemannus]
1760 5588 1819 5651 ΜΓ,
1838 5591 1912 5638 detur
1929 5592 2046 5638 manibus
2068 5590 2096 5647 Τ,

466 5678 526 5741 Μ.
547 5674 618 5722 mro.
638 5674 669 5720 de
688 5674 854 5725 decurialibus
970 5675 1004 5724 28
1023 5676 1112 5725 iisdem
1132 5677 1276 5727 uolentibus
1295 5674 1321 5724 Γ
1432 5678 1528 5724 hindam
1548 5691 1609 5724 corr.
1634 5680 1644 5722 1
1665 5693 1699 5724 m.
1721 5692 1750 5723 ea
1768 5677 1847 5724 isdem
1870 5677 1899 5735 Γ,
1920 5677 2017 5723 hisdem
2039 5675 2066 5722 Μ

467 5760 638 5820 munioIpibus
659 5757 716 5823 ΜΓ,
738 5763 909 5824 municipibus
929 5758 984 5824 spis
1004 5762 1025 5808 Τ
1131 5762 1163 5810 ab
1182 5764 1393 5824 publicationibus
1412 5762 1438 5810 Γ
