4722 6470
861 490 887 545 V
906 490 990 541 ‹i—to
1009 487 1062 544 AD
1081 487 1325 544 THEODORVM.
1772 489 1908 556 CXLIX

271 719 356 783 inter
378 736 415 782 se
439 715 644 780 dissentiunt.
693 734 766 779 eum
790 713 904 796 igitur,
937 713 992 796 qui
1014 712 1078 779 tide
1101 712 1310 797 dignissimus
1332 718 1395 794 est,
1429 710 1660 795 Claudianum,
1693 714 1727 779 in
1749 713 1906 799 principie

272 856 458 921 sequamur,
486 855 549 917 qno
571 834 656 899 facte
679 833 870 917 videbimus,
898 832 1055 915 quomodo
1078 832 1194 916 reliqui
1217 852 1288 898 eum
1312 852 1349 898 eo
1372 832 1536 898 conciliari
1558 833 1692 918 possint.
1723 852 1726 857 ·

359 955 549 1022 Theodorus
565 954 809 1039 Mediolanii⁷⁴⁵l
836 975 876 1021 ex
899 953 1088 1039 parentibus
1109 953 1305 1038 ignobilibus
1327 958 1416 1018 ortus
1438 959 1503 1033 est;
1531 973 1606 1017 nam
1629 954 1657 1018 si
1679 954 1816 1021 maiores
1835 956 1905 1022 eius

271 1079 448 1145 honoribus
481 1076 619 1161 publicis
654 1075 911 1160 splenduissent,
949 1075 1064 1140 laudes
1094 1094 1202 1141 eorum
1231 1095 1252 1138 a
1280 1080 1376 1158 poeta
1404 1073 1596 1159 praeteritae
1627 1094 1691 1140 non
1720 1080 1903 1161 assentur).

273 1199 471 1265 christianae
502 1218 574 1264 eum
596 1196 673 1262 fidei
694 1196 858 1263 addietum
882 1195 1000 1279 fuisse,
1034 1195 1234 1279 Augustinus
1256 1200 1405 1276 testatur,
1439 1193 1493 1277 qui
1516 1194 1634 1260 librum
1657 1195 1698 1261 de
1721 1197 1818 1262 beata
1839 1198 1908 1263 vita

271 1321 316 1387 ad
338 1317 543 1385 Theodomm
565 1317 765 1403 scripsitlttj.
810 1316 1003 1382 adulescens
1026 1315 1247 1382 advocationis
1269 1334 1401 1380 munere
1422 1314 1456 1379 iu
1477 1314 1547 1381 fere
1569 1315 1725 1400 praefecti
1748 1319 1907 1401 praeterio

273 1442 405 1507 funotus
429 1445 496 1522 est,
530 1459 571 1504 ex
593 1457 655 1520 que
678 1435 875 1522 provinciam
899 1437 1041 1520 aliquam
1063 1436 1248 1502 Africanam
1270 1434 1446 1519 regendam
1470 1435 1669 1520 aceepitlti).
1716 1438 1757 1504 ab
1780 1458 1844 1503 una
1867 1459 1908 1504 ex

272 1562 316 1626 iis
344 1559 547 1641 civitatibus,
584 1556 701 1641 quibus
729 1556 888 1642 praefuit,
922 1565 1076 1643 patronus
1106 1563 1273 1642 cooptatus
1302 1556 1398 1622 rediit
1428 1556 1669 1640 consulariaque
1698 1558 1908 1625 Macedoniae

274 1682 382 1747 factus
405 1688 457 1747 est
466 1682 532 1763 719).
578 1686 771 1765 postquam
793 1676 1103 1744 administrationem
1125 1678 1158 1743 in
1182 1677 1329 1744 Gratiani
1352 1676 1462 1741 aulam
1484 1683 1617 1742 vocatus
1639 1683 1708 1760 est,
1735 1685 1770 1743 ut
1791 1678 1908 1744 scrinio

272 1803 487 1888 epistularum
516 1801 672 1885 magister
700 1798 1008 1884 praeficeretor⁷⁵⁰);
1042 1805 1110 1864 tum
1140 1798 1183 1864 ad
1212 1797 1396 1864 comitivam
1419 1816 1585 1862 sacramm
1607 1797 1812 1882 largitionum
1834 1820 1910 1885 pro-

274 1923 373 1989 cessit
381 1925 433 2007 751)
472 1942 574 2005 eaque
608 1919 795 2005 perfunctus
828 1918 1011 2004 praefectus
1044 1919 1203 2004 praeterio
1236 1939 1294 2003 per
1328 1916 1455 1983 Gallias
1489 1925 1616 1984 creatus
1649 1920 1777 2004 est⁷⁵²).
1830 1941 1910 2004 quos

273 2043 412 2109 honores
446 2060 558 2108 omues
590 2060 696 2125 paene
729 2039 896 2105 continuos
930 2039 1048 2123 gessit,
1087 2039 1245 2122 siquidem
1279 2059 1300 2104 a
1328 2045 1472 2123 tempore
1502 2037 1705 2124 praesidatus
1735 2060 1838 2123 usque
1867 2040 1911 2106 ad

272 2164 510 2251 praefecturam
533 2182 629 2226 unam
651 2167 775 2227 mutum
798 2166 956 2227 aestatem
978 2160 1124 2244 privatus
1146 2161 1327 2245 fuerat⁷⁵³).

363 2284 570 2350 Praefectura
599 2282 703 2367 prima
733 2280 880 2367 deposita
909 2282 1027 2347 multos
1049 2300 1151 2347 annes
1173 2281 1207 2346 in
1229 2279 1312 2346 ruris
1334 2281 1399 2346 etio
1421 2280 1530 2363 exegit
1538 2284 1587 2364 ⁷⁵¹)
1615 2280 1825 2366 dialogosque
1847 2282 1912 2348 ali·

360 2528 422 2591 iss)
443 2528 530 2577 Olaud.
552 2528 584 2575 de
602 2540 671 2574 cous.
693 2526 785 2574 Theod.
809 2525 857 2575 124
883 2527 927 2573 illa
950 2540 993 2587 per
1016 2527 1140 2574 oecultum
1159 2524 1312 2585 Lipurum
1336 2538 1360 2572 se
1383 2525 1544 2573 moenibus
1568 2527 1645 2588 insert
1668 2531 1692 2574 et
1715 2531 1793 2574 canes
1816 2528 1910 2576 levibus

273 2618 369 2677 plantis
388 2618 500 2677 inpressa
518 2614 622 2662 Penates
640 2613 735 2660 invenit
752 2611 869 2660 aetherios
886 2615 1025 2672 sipnantem
1045 2612 1111 2673 (seii.
1132 2611 1296 2673 Theodorum)
1316 2611 1419 2671 pulvere
1436 2625 1533 2660 cursus.
1571 2625 1629 2659 eum
1646 2618 1750 2661 senatus
1768 2629 1791 2660 a.
1812 2612 1862 2663 397
1882 2616 1912 2662 ab

273 2702 386 2751 Honorio
408 2702 540 2764 petiisset,
565 2706 595 2748 ut
616 2699 774 2747 consulatum
799 2705 917 2759 quartum
936 2699 1028 2746 Romae
1053 2698 1145 2757 iniret,
1174 2696 1318 2745 Theodorus
1336 2697 1460 2758 legatione
1479 2697 1706 2749 Mediolanensium
1724 2704 1854 2761 suscepta,
1881 2705 1913 2748 ut

272 2792 428 2850 remaneret,
454 2788 563 2847 rogavit3
591 2785 657 2848 quod
681 2789 747 2833 certe
770 2797 820 2832 nen
846 2785 961 2843 iecisset,
991 2785 1042 2832 nisi
1060 2784 1240 2832 Mediolanium
1258 2785 1340 2845 patria
1358 2784 1414 2831 eins
1432 2784 1532 2833 fuisset.
1572 2782 1711 2842 symmach.
1735 2784 1792 2847 167,
1815 2784 1844 2834 31
1865 2786 1913 2833 ad-

273 2878 362 2922 uentus
385 2873 481 2922 domini
503 2876 525 2921 et
548 2873 670 2932 principis
693 2873 770 2918 nestri
796 2869 881 2919 denuo
897 2870 1065 2931 postulandus
1087 2874 1130 2919 est.
1171 2870 1312 2918 Theodoreus
1331 2872 1396 2918 enirn
1414 2872 1455 2919 vir
1472 2872 1583 2919 inlustris
1602 2869 1825 2920 Mediolanensium
1842 2873 1911 2932 lepa-

274 2965 340 3009 tiene
358 2966 471 3021 sssseepta
488 2960 549 3007 eniti
566 2957 671 3017 dieitur,
692 2962 720 3004 ut
739 2963 838 3005 senatus
856 2957 1012 3017 petitionibus
1027 2957 1180 3018 provinciale
1198 2955 1346 3005 desiderium
1362 2956 1527 3017 praeferatur.
1565 2970 1672 3018 quocum
1691 2959 1823 3019 convenit,
1845 2960 1909 3020 qued

277 3050 385 3108 August.
401 3048 432 3094 de
445 3048 489 3094 vit.
505 3044 604 3093 beatad
622 3042 653 3090 ad
666 3043 822 3092 Theodorum
841 3045 955 3092 scribens
968 3044 1127 3092 Ambrosium
1145 3044 1294 3107 episcopum
1312 3042 1527 3092 Mediolanensem
1545 3043 1693 3092 sacerdotem
1710 3048 1822 3092 nestmm
1839 3045 1909 3093 dicit.

363 3132 423 3192 7-16)
444 3132 483 3180 Gi.
504 3129 556 3181 262
579 3131 683 3190 ingeniis
705 3132 789 3190 potuit
811 3143 912 3190 eampsss
935 3134 1062 3191 certumque
1083 3131 1186 3178 memnii
1208 3133 1257 3176 stat
1280 3128 1369 3191 suver,
1395 3134 1499 3177 ansatur
1519 3132 1663 3190 propriis
1688 3130 1811 3178 industria
1829 3130 1909 3194 denis,

274 3221 294 3267 i.
316 3233 339 3267 e.
360 3219 448 3280 deum,
473 3231 539 3278 quae
561 3230 611 3264 nen
630 3215 770 3263 hereditate
789 3218 901 3277 quseslte
921 3222 991 3265 sunt.
1029 3216 1128 3263 nullum
1147 3230 1161 3263 e
1180 3214 1303 3264 Theodori
1322 3217 1456 3264 maioribus
1474 3217 1603 3265 consulem
1621 3217 1715 3279 inisse,
1742 3216 1803 3265 diets
1821 3216 1909 3267 Claud.

277 3304 328 3355 336
346 3306 454 3365 accipiat
471 3305 549 3364 patris
567 3304 704 3363 exemplum
721 3302 860 3364 tribuatque
877 3305 960 3364 nepoti
977 3302 1045 3365 (llius
1062 3307 1085 3350 et
1103 3305 1229 3362 coeptis
1247 3316 1278 3349 ne
1296 3301 1357 3350 desit
1374 3302 1485 3363 fascibus
1502 3302 1576 3351 bnes.

364 3389 423 3449 747)
444 3390 553 3438 Retinet.
574 3388 619 3437 12
638 3389 750 3450 displicet
767 3393 850 3436 aulem
869 3390 920 3436 illie
943 3388 1006 3447 (seii.
1025 3389 1054 3436 in
1072 3389 1135 3436 libro
1153 3389 1184 3437 de
1202 3389 1275 3435 besta
1293 3388 1365 3450 vita),
1388 3388 1453 3449 qued
1472 3387 1559 3437 Mallio
1579 3388 1719 3451 Theodoro,
1738 3388 1772 3437 ud
1790 3404 1861 3453 quem
1878 3391 1912 3438 li·

278 3478 351 3527 brum
369 3481 444 3525 utum
460 3478 559 3536 scripsi,
580 3474 692 3537 quamvls
712 3475 782 3523 deete
800 3480 823 3522 et
839 3474 971 3525 christiane
988 3477 1050 3533 etro,
1069 3476 1128 3536 plus
1146 3473 1231 3535 tribui,
1252 3489 1326 3536 quam
1344 3474 1461 3524 deberem.
1803 3524 1808 3530 ,

367 3562 426 3625 718)
449 3561 481 3614 16
499 3563 573 3611 tatem
590 3568 613 3610 te
628 3566 743 3622 protinus
761 3563 823 3608 anni
841 3560 978 3620 semovere
996 3560 1069 3608 rudes
1087 3565 1111 3608 et
1128 3560 1233 3619 dianam
1251 3563 1302 3609 vita
1320 3563 1403 3609 curuli
1421 3564 1496 3608 trusit
1514 3564 1559 3611 iter
1574 3565 1716 3623 primaeque
1734 3576 1803 3610 senes
1820 3577 1911 3611 cessere

276 3655 401 3699 iuuentae.
426 3677 459 3687 -
481 3664 538 3698 mes
559 3650 655 3697 undare
677 3651 734 3711 sere
756 3650 846 3696 nicerte
869 3648 995 3708 opulentia
1019 3649 1120 3707 tinpuae
1145 3650 1272 3709 tutarique
1295 3661 1356 3696 reos.
1395 3651 1450 3709 ipso
1468 3647 1526 3696 baec
1543 3649 1698 3708 amplissima
1714 3648 1781 3695 sedes
1799 3654 1910 3698 orantem

279 3741 385 3799 stupuit,
404 3737 439 3785 bis
457 3736 593 3784 laudatura
610 3739 739 3794 repentem.
777 3734 833 3781 bine
851 3738 874 3781 te
889 3748 949 3794 pars
967 3733 1058 3797 Libyae
1075 3732 1242 3781 moderantem
1260 3735 1318 3783 iuro
1331 3732 1452 3795 molesti,
1474 3746 1535 3795 quae
1552 3747 1619 3781 nune
1637 3739 1689 3783 teta
1705 3734 1802 3794 probat.

363 3821 423 3885 719)
444 3821 477 3872 26
499 3822 668 3884 populumque
692 3822 808 3868 clientem
824 3819 926 3879 publiea
943 3822 1068 3867 mansuris
1086 3824 1210 3869 testantur
1227 3819 1327 3867 uocibus
1345 3833 1410 3869 aera.
1449 3818 1505 3866 inde
1523 3817 1567 3866 tibi
1586 3817 1709 3869 Macetum
1727 3820 1801 3867 tellus
1819 3824 1842 3866 et
1858 3834 1911 3866 ere-

277 3909 330 3957 dita
349 3909 432 3957 Petlae
449 3910 558 3957 moenia.
596 3908 618 3955 si
637 3907 780 3955 Theodorus
805 3906 914 3954 sicarius
932 3905 1091 3954 Macedoniae
1116 3912 1215 3954 creatus
1240 3911 1324 3965 esset,
1350 3905 1376 3952 id
1394 3905 1459 3966 quod
1478 3905 1522 3952 alii
1540 3906 1636 3966 opinati
1653 3909 1728 3963 sunt,
1756 3904 1909 3953 claudimus

276 4008 326 4044 nen
344 3995 426 4043 seium
443 3995 553 4055 Pellam,
574 3993 617 4041 sed
636 3993 712 4040 etism
731 3993 807 4040 claras
826 3991 900 4039 urbes
919 3991 1077 4052 Thessaliae,
1103 3991 1186 4054 Epiri,
1213 3991 1302 4040 Oratae
1321 3996 1551 4052 commemorasset,
1579 4005 1644 4052 quae
1662 3991 1804 4052 provintiae
1823 4004 1909 4040 omnes

277 4080 334 4130 baie
352 4082 510 4141 magistratui
528 4080 657 4142 parebant.

363 4167 424 4228 759)
443 4165 476 4217 33
494 4166 537 4217 sed
554 4181 607 4216 non
623 4168 729 4214 ulterius
747 4170 768 4212 te
785 4165 896 4226 praebuit
913 4165 1015 4213 urbibus
1033 4165 1109 4212 aute:
1133 4165 1224 4213 maluit
1242 4178 1291 4213 esse
1308 4178 1389 4213 suum.
1428 4167 1498 4213 terris
1516 4163 1596 4212 edicta
1613 4164 1735 4226 daturus,
1756 4163 1910 4225 supplicibus

275 4268 392 4315 responsa
410 4256 495 4315 uenis,·
523 4254 625 4303 macuta
642 4255 704 4314 repis
722 4254 818 4313 eloquio
835 4265 931 4300 ereeere
949 4256 992 4300 tue
1009 4265 1055 4300 nee
1073 4252 1173 4312 dipnius
1191 4266 1310 4312 umquam
1327 4253 1443 4299 maiestas
1461 4254 1572 4299 meminit
1590 4264 1639 4299 sese
1657 4251 1771 4300 Remuria
1790 4253 1907 4299 locutam.

277 4340 309 4389 ef.
330 4342 386 4390 Not.
408 4342 484 4400 Dign.
504 4341 546 4389 Or.
570 4339 615 4400 19,
638 4338 666 4403 83
693 4339 736 4388 Oe.
760 4338 800 4399 17,
824 4337 855 4387 12
878 4341 996 4398 maqister
1020 4339 1185 4400 epistularum
1209 4340 1344 4398 legationes
1369 4340 1498 4386 civitatum
1520 4342 1544 4385 et
1567 4338 1761 4385 consultationes
1783 4340 1806 4385 et
1826 4350 1910 4397 preses

277 4431 374 4477 troetat.
414 4427 508 4485 symm.
530 4441 555 4487 p.
578 4424 619 4487 36,
643 4424 674 4474 19
692 4427 791 4484 maenis
809 4424 881 4473 rebus
899 4424 1088 4473 adcommodam
1105 4430 1128 4472 et
1145 4425 1280 4472 maiestatis
1297 4426 1392 4484 scriptis
1410 4428 1520 4485 aptatam
1538 4425 1656 4485 pieriam,
1677 4437 1751 4486 quam
1767 4424 1909 4482 nsapisterie

277 4518 334 4561 anie
353 4515 479 4575 quaesisti.
518 4528 544 4574 p.
568 4510 624 4573 193,
646 4510 677 4560 27
701 4525 736 4559 an
752 4524 796 4570 epe
814 4510 946 4559 adeersum
964 4511 1085 4560 iudicium
1100 4511 1228 4571 publicum
1243 4524 1372 4571 proooeem
1390 4513 1487 4570 seriptis
1505 4511 1669 4570 epistularum
1686 4512 1810 4570 sepianum
1827 4513 1910 4570 mept-

277 4602 374 4647 strum?
399 4604 511 4647 nostrum
529 4603 565 4646 est
580 4599 716 4658 pastorales
735 4599 826 4661 inflare
843 4598 961 4659 salomes,
982 4601 1053 4645 tuum
1071 4600 1148 4645 saeris
1165 4597 1230 4645 tibiis
1247 4610 1346 4644 carmen
1364 4599 1480 4645 incinere.
1500 4596 1685 4645 —Claudiani
1704 4597 1777 4643 rerba
1795 4597 1910 4657 plerique

277 4686 308 4734 de
331 4690 466 4748 quaestura
489 4686 702 4747 interpretantur,
728 4685 770 4732 eui
794 4684 816 4731 ei
843 4683 904 4731 baec
928 4683 979 4731 sels
1003 4684 1138 4744 spectanda
1162 4688 1263 4744 essent,
1289 4684 1366 4731 etiam
1384 4683 1477 4731 melius
1496 4684 1658 4730 convenirent
1676 4697 1750 4743 quam
1767 4683 1910 4742 magisterio

277 4773 370 4822 serinii.
411 4772 455 4819 sed
478 4773 499 4818 si
520 4771 663 4820 Theodorus
687 4771 763 4831 paule
785 4778 843 4819 aute
867 4771 1005 4818 consularis
1031 4772 1127 4829 iuerat,
1155 4783 1204 4818 nen
1223 4770 1308 4817 stetim
1327 4770 1357 4817 ad
1375 4770 1492 4818 honorem
1510 4770 1641 4817 inlustrem
1659 4770 1798 4831 promoveri
1816 4770 1908 4830 potuit,

276 4866 302 4907 et
320 4859 420 4906 nullum
438 4859 549 4920 alioquin
568 4859 711 4920 exemplum
730 4858 840 4919 invenie,
861 4857 929 4918 quod
948 4856 1040 4917 aliquis
1058 4871 1089 4905 er
1109 4862 1240 4918 quaestore
1258 4857 1320 4904 sacri
1338 4857 1425 4919 palatii
1444 4869 1527 4904 eomes
1545 4862 1590 4903 sut
1608 4870 1730 4903 sacrarum
1748 4856 1908 4915 largitionum

278 4951 322 4994 aut
339 4959 423 4993 rerum
440 4947 594 5007 privatarum
613 4946 693 4992 iactus
711 4945 755 5006 sit,
776 4945 819 5005 qui
838 4942 943 4991 honores
961 4945 1010 4991 etsi
1028 4956 1077 4990 nen
1097 4944 1235 5003 dignitste,
1258 4943 1432 4990 aestimatione
1451 4948 1534 4991 tamen
1554 4943 1683 4991 bominum
1702 4943 1808 4990 minores
1826 4947 1906 4989 erant.

365 5030 424 5091 751)
446 5030 479 5080 38
502 5032 556 5079 bine
579 5045 664 5078 sacrae
682 5030 836 5077 mandantur
854 5043 910 5090 opes
928 5029 1038 5091 orbisque
1056 5028 1150 5077 tributa
1166 5030 1283 5089 possessi,
1311 5028 1432 5090 quidquid
1450 5030 1535 5091 fluviis
1553 5031 1674 5077 evolvitur
1692 5030 1763 5090 auri,
1789 5026 1910 5088 quidquid

277 5119 331 5166 luce
347 5118 435 5178 proesd
453 5130 528 5165 omas
545 5120 636 5165 runata
654 5130 768 5179 sequaces
786 5115 872 5164 abdita
888 5116 1002 5175 pallentis
1020 5114 1085 5174 sedit
1103 5115 1213 5162 sollertia
1231 5116 1309 5164 Bessi.
1349 5129 1424 5177 aare,
1446 5129 1478 5163 ue
1496 5115 1556 5162 haee
1574 5128 1632 5162 eum
1650 5113 1799 5163 Getheirede
1817 5113 1848 5160 de
1866 5126 1908 5160 eo·

280 5205 341 5251 mite
365 5216 449 5251 rerum
473 5204 626 5265 privatarum
650 5203 838 5264 interpreteris,
864 5203 937 5250 auius
961 5202 1058 5263 propria
1076 5201 1204 5262 preriueIa
1222 5200 1294 5250 tundi
1313 5201 1499 5263 patrimoniales
1517 5205 1601 5262 erant,
1629 5212 1677 5248 nen
1695 5201 1789 5248 tributa
1807 5200 1909 5260 provin·

278 5289 379 5338 cislium
397 5297 423 5338 et
441 5290 550 5339 metalla.

364 5375 421 5438 752)
443 5376 476 5424 59
495 5377 610 5438 Hispana
629 5375 671 5423 tibi
692 5375 862 5435 Germanoque
883 5373 969 5437 Tethys
985 5375 1071 5434 paruit
1088 5378 1111 5421 et
1128 5378 1213 5421 nostro
1230 5372 1335 5421 diducta
1353 5374 1485 5421 Britannia
1503 5370 1604 5422 mundo.

365 5462 424 5523 753)
444 5461 477 5512 58
495 5477 548 5510 una
564 5466 712 5523 potestatum
729 5464 816 5522 spatiis
834 5459 948 5520 interfuit
967 5465 1064 5509 aestas:
1091 5465 1142 5509 tom
1160 5461 1222 5508 celer
1239 5459 1357 5509 adsiduos
1375 5461 1479 5521 explevit
1497 5472 1583 5507 sursus
1601 5458 1702 5506 lienem
1720 5461 1801 5518 totque
1818 5456 1910 5516 aradus

278 5549 328 5609 fati
346 5549 492 5598 iuuenilibus
510 5550 593 5597 intulit
611 5551 692 5597 annis.
731 5562 820 5597 versus
839 5546 872 5596 58
890 5553 916 5595 et
935 5546 967 5596 59
986 5549 1014 5595 iu
1033 5548 1160 5596 codicibus
1178 5547 1264 5595 ordine
1282 5549 1382 5595 inverse
1401 5546 1530 5606 leguntur.

366 5635 424 5697 751)
446 5634 494 5685 138
518 5636 620 5683 Iustitia
645 5635 800 5683 Theodorum
823 5635 977 5696 adloquitur:
1004 5637 1054 5681 iam
1076 5635 1136 5681 sutis
1161 5632 1287 5681 indultum
1311 5632 1414 5695 studiis,
1444 5632 1574 5693 Musaeque
1596 5634 1643 5676 tot
1666 5642 1782 5677 annuos
1800 5630 1909 5689 eripuere

279 5721 347 5771 milti.
384 5721 518 5783 respondet
536 5721 681 5770 Theodorus
702 5720 764 5769 tit:
791 5725 910 5781 aprestem
927 5720 1047 5769 dudum
1062 5735 1101 5769 me
1120 5718 1178 5768 dieo
1196 5722 1284 5768 reoerlt
1301 5721 1367 5780 cepis
1386 5724 1408 5766 et
1427 5718 1547 5779 insertum
1564 5716 1653 5775 tongi
1670 5714 1825 5776 rubtpine
1842 5716 1908 5761 ruris

278 5807 312 5857 ad
334 5812 377 5856 tua
399 5810 472 5870 siena
495 5820 577 5856 cosas.
613 5821 672 5859 nam
696 5822 757 5873 quae
779 5808 839 5855 mili
863 5821 921 5854 eura
945 5812 990 5855 tet
1008 5809 1105 5855 annis
1122 5807 1212 5866 altera,
1239 5820 1313 5867 quam
1330 5804 1407 5853 duras
1424 5806 1498 5852 saleis
1515 5804 1609 5853 mollire
1626 5803 1726 5850 nooalu
1744 5808 1770 5850 et
1788 5817 1812 5865 q.
1832 5816 1852 5850 s.
1872 5826 1907 5837 -
