4722 6470
502 512 594 581 CXX
1031 512 1294 570 ennononucm
1314 507 1601 570 emaculans.

503 738 688 826 peregrinos
718 758 759 804 ex
789 738 867 804 urbe
890 738 1001 823 pulsos
1024 757 1096 805 esse
1119 738 1404 821 conqueritar⁶⁰¹),
1436 737 1584 821 quamvis
1606 737 1640 803 in
1662 738 1795 821 reliquis
1816 759 1880 804 non
1902 758 2034 824 prorsus
2058 759 2138 805 con-

504 860 655 927 sentiant.
703 858 813 926 scribit
834 858 920 925 enim
935 859 1126 925 Ambrosius
1148 859 1171 924 l.
1197 860 1220 924 l.
1245 869 1274 923 et
1295 868 1374 923 certe
1396 860 1554 923 adruunt
1574 862 1653 922 anni
1669 859 1855 942 fecunditas,
1880 862 2035 923 r‘noeclicio
2058 861 2138 924 urbs

502 984 568 1046 sola
590 981 695 1066 epebot
712 980 885 1062 frumento:
906 983 1054 1063 potuisset
1075 982 1190 1061 iuuari,
1216 983 1246 1044 si
1263 989 1418 1063 peteretur
1440 980 1478 1043 ab
1500 981 1590 1043 italis
1609 979 1817 1062 frumentum,
1843 1000 1974 1064 quorum
1992 983 2055 1063 flii
2076 1001 2138 1044 esc-

500 1103 706 1186 pellebontur.
753 1108 788 1167 at
809 1107 919 1167 mntra
940 1099 1153 1184 Symmachus
1175 1104 1228 1182 44,
1255 1104 1399 1164 bannus
1420 1101 1550 1184 ubique
1579 1101 1621 1163 ad
1644 1101 1759 1183 famem
1786 1103 1953 1182 promimus
1979 1106 2011 1167 et
2035 1103 2088 1183 59,
2118 1105 2138 1166 6

502 1243 572 1307 spes
595 1226 684 1306 ipsa,
715 1225 848 1303 quaein
871 1222 1011 1285 aduersis
1034 1223 1118 1284 alere
1140 1224 1257 1285 animos
1285 1223 1374 1303 solet,
1411 1230 1534 1284 recusat
1562 1222 1707 1304 effupium
1731 1222 1887 1303 polliceri,
1918 1242 1987 1285 cum
2016 1224 2137 1285 sterilis

503 1363 605 1407 annus
634 1362 672 1405 ne
693 1345 811 1405 semina
832 1342 952 1424 quidem
974 1345 1069 1405 terris
1091 1344 1252 1405 commissa
1273 1343 1453 1405 reddiderit.
1500 1341 1558 1407 sed
1587 1340 1702 1406 eadem
1732 1339 1949 1425 discrepantia
1976 1342 2138 1427 reperitur

504 1463 601 1530 etiam
629 1461 663 1527 in
692 1460 848 1527 relatione
877 1460 1064 1545 Symmachi
1094 1459 1135 1527 de
1167 1481 1225 1526 ara
1252 1461 1411 1527 Victoriae
1441 1466 1474 1526 et
1501 1460 1663 1526 Ambrosii
1691 1459 1895 1526 refutatione.
1943 1461 1984 1527 cf.
2011 1466 2087 1545 283,
2115 1466 2136 1527 6

504 1593 607 1649 secuta
630 1593 673 1647 est
694 1584 747 1646 loc
766 1582 885 1664 facturn
904 1582 1003 1664 fames
1023 1582 1148 1664 publica
1170 1591 1199 1645 et
1219 1601 1301 1664 spem
1322 1584 1555 1664 provinciarum
1577 1583 1743 1644 omniurn
1765 1585 1872 1646 messis
1895 1603 1991 1665 aspra
2005 1584 2134 1667 decepit.

504 1743 547 1755 —
569 1705 729 1787 sacrilepio
758 1722 860 1765 annus
890 1705 1028 1765 emeruit.
1060 1738 1103 1749 -
1132 1681 1254 1786 quando
1285 1704 1419 1766 alternos
1448 1704 1606 1786 reqionum
1636 1682 1770 1785 defectus
1799 1703 1934 1766 desemsit
1958 1704 2138 1786 fecunditas

504 1834 622 1908 mutua,
647 1843 715 1887 cum
736 1825 847 1906 populo
869 1831 897 1886 el
919 1823 1092 1906 cirpinibus
1114 1825 1214 1886 sacris
1237 1825 1403 1885 communis
1426 1832 1502 1886 esset
1524 1826 1673 1885 annona?
1696 1827 1728 1887 et
1746 1821 1894 1888 Ambrae.
1919 1822 2012 1907 epist.
2038 1825 2054 1888 1
2081 1828 2133 1908 18,

505 1948 544 2009 21
570 1956 598 2009 el
619 1955 718 2009 mmen
741 1946 832 2006 etiarn
853 1945 1012 2025 superiore
1034 1963 1114 2005 anno
1133 1944 1301 2026 plerasque
1322 1945 1461 2007 novimus
1481 1945 1660 2025 prouincias
1682 1944 1872 2007 redundasse
1890 1944 2067 2026 fmsctibus:
2099 1949 2138 2010 de

508 2067 617 2129 Galliis
638 2066 712 2148 quid
733 2065 844 2147 loquar
874 2065 960 2127 solito
991 2062 1174 2126 ditioribus?
1200 2063 1390 2145 frumentum
1414 2065 1605 2146 Pannoniae,
1639 2064 1718 2147 quod
1746 2083 1806 2125 non
1834 2073 1994 2148 severant,
2026 2067 2138 2129 vurdi-

505 2189 631 2267 derunt,
664 2193 692 2248 et
713 2184 848 2247 secunda
869 2186 976 2246 licetia
994 2184 1165 2266 fertilitatis
1187 2203 1262 2246 suae
1284 2187 1375 2246 mouit
1404 2185 1570 2261 inuidiam;
1599 2203 1672 2246 nans
1701 2203 1778 2265 quae
1805 2183 1919 2247 solebat
1948 2188 2041 2248 tutior
2069 2207 2137 2251 esse

505 2310 632 2388 ieiunio,
656 2306 844 2388 fecunditate
864 2304 977 2368 bostem
999 2307 1032 2367 in
1053 2324 1086 2368 se
1108 2306 1274 2382 encitaoit;
1298 2307 1457 2388 Lipariam
1485 2306 1677 2387 Veneriaeque
1699 2307 1840 2367 autumni
1857 2304 2016 2386 frumenta
2034 2327 2136 2389 pave-

504 2436 589 2491 runt.
636 2446 707 2510 erpo
728 2446 783 2489 nec
805 2426 855 2489 ille
877 2427 1037 2509 sacrilepio
1060 2444 1162 2488 annus
1185 2428 1312 2488 emeruit
1334 2433 1361 2487 el
1384 2427 1439 2487 r'ste
1458 2425 1531 2507 fidei
1548 2424 1702 2507 fructibus
1724 2443 1825 2486 onnus
1851 2425 1993 2506 effloruit.
2041 2425 2136 2493 vide-

505 2565 578 2612 mus
605 2546 688 2630 iam,
721 2564 777 2611 our
798 2544 988 2611 Ambrosius
1018 2544 1120 2625 dicat,
1154 2543 1231 2609 anni
1258 2542 1487 2610 fecunditatem
1510 2543 1681 2626 adrisisse,
1713 2563 1828 2628 nempe
1851 2563 1891 2609 ea
1913 2545 2079 2630 producis
2101 2546 2135 2613 in

505 2688 570 2752 qua
592 2666 662 2751 ipse
685 2664 795 2731 sedem
818 2665 1041 2747 collocaverat,
1068 2663 1210 2747 Liguria,
1238 2663 1325 2730 same
1346 2684 1411 2729 non
1434 2664 1617 2743 laborabat,
1643 2670 1768 2729 etcum
1791 2664 1973 2748 exemplum
1997 2666 2038 2732 de
2060 2687 2136 2751 pro-

504 2787 601 2854 ximis
622 2792 780 2869 sumeret,
813 2781 938 2867 reliqua
959 2804 1086 2869 quaque
1108 2784 1242 2850 meliora
1263 2785 1293 2850 ei
1323 2783 1531 2865 videbantur,
1564 2803 1660 2866 quam
1688 2804 1723 2849 re
1751 2803 1829 2848 vers
1858 2790 1960 2850 erant.
2008 2792 2135 2872 tempus

504 2908 603 2992 igitar
632 2905 729 2971 famis
757 2904 864 2987 illius,
898 2903 940 2971 de
969 2925 1033 2988 qua
1055 2904 1266 2989 Symmachus
1296 2904 1330 2968 in
1359 2904 1507 2989 epistulis
1535 2904 1686 2969 114-7.
1714 2907 1754 2966 52
1783 2904 1937 2987 loquitur,
1971 2905 2034 2972 hac
2060 2907 2136 2992 ipsa

505 3026 757 3095 testimoniorum
781 3024 969 3091 diversitate
999 3024 1163 3105 definitum
1196 3024 1310 3090 eadem
1340 3023 1494 3090 videlicet
1521 3031 1587 3105 est,
1620 3044 1704 3107 quae
1734 3024 1869 3089 oratoris
1898 3025 2134 3110 praefecturam

507 3146 701 3233 praecessit,
734 3165 818 3211 anno
841 3146 916 3210 383.
962 3166 1027 3229 qna
1049 3164 1121 3210 cum
1144 3164 1179 3210 re
1200 3143 1235 3208 id
1257 3163 1385 3227 quaque
1408 3144 1570 3228 congruit,
1606 3143 1691 3227 quod
1713 3143 1820 3208 omnia
1841 3144 1887 3209 rei
1911 3145 2060 3230 publicae
2082 3146 2133 3212 iu-

507 3265 673 3335 commoda
700 3265 743 3331 ad
766 3284 860 3331 sacra
881 3264 1030 3347 neglecta
1052 3264 1251 3349 referat⁰⁰²);
1285 3284 1370 3330 anno
1392 3264 1477 3330 enim
1500 3264 1714 3350 praecedente
1737 3266 1799 3328 382
1823 3264 1999 3331 Gratianus
2020 3267 2135 3350 Augu-

507 3396 577 3454 stus
606 3406 696 3452 aram
721 3384 878 3451 Victoriae
909 3385 1082 3450 sustulerat
1111 3391 1145 3450 et
1173 3383 1339 3450 maritimis
1368 3384 1536 3468 gentilium
1567 3391 1713 3469 sumptus
1735 3384 1882 3468 publicos
1905 3386 2133 3470 denegaverat.

509 3529 541 3573 v.
567 3529 599 3592 p.
625 3505 711 3570 LIII.
757 3503 901 3589 scriptae
930 3503 1030 3588 igitur
1060 3512 1134 3571 sunt
1162 3504 1336 3590 epistulae,
1365 3503 1489 3589 ‚quibus
1518 3503 1558 3571 de
1587 3504 1707 3588 agitat,
1742 3525 1772 3570 a.
1799 3507 1861 3570 383
1884 3507 1971 3573 circa
1992 3527 2134 3574 mensem

508 3627 746 3711 Septembrem
772 3646 804 3691 v.
831 3630 884 3708 44,
911 3628 929 3688 7
954 3637 1055 3690 aestas
1073 3647 1171 3709 prope
1192 3627 1319 3689 decessit
1340 3634 1496 3690 autumno.

595 3750 614 3811 8
638 3746 810 3831 respondet
839 3745 870 3813 ei
891 3745 1042 3811 Flaviani
1064 3745 1239 3831 epistulae,
1272 3765 1368 3828 quam
1398 3751 1572 3828 quaestura
1593 3744 1868 3831 Constantinopoli
1895 3747 1977 3815 inita
1998 3749 2134 3835 primam

510 3867 658 3947 miserat;
684 3886 760 3933 vere
782 3870 839 3932 aut
860 3871 985 3932 aestate
1007 3887 1037 3932 a.
1064 3868 1138 3932 382.

594 3989 700 4052 9-12
722 3985 797 4052 vide
820 3984 937 4072 adep.
966 3989 1059 4051 1-3.

598 4110 636 4171 13
659 4106 799 4174 continet
821 4105 936 4172 laudes
958 4104 1194 4173 constitutionis
1216 4105 1312 4172 datae
1336 4105 1368 4172 d.
1395 4108 1435 4169 23
1459 4106 1528 4172 Ian.
1554 4127 1587 4172 a.
1612 4110 1686 4173 389.

598 4232 723 4293 14-16
746 4248 777 4293 v.
803 4226 846 4293 od
868 4246 920 4313 cp.
949 4231 1043 4292 1—3.

598 4350 1022 4413 17—1a.22-2somncs
1050 4345 1086 4412 id
1114 4352 1242 4432 tempus
1272 4352 1435 4432 spectant,
1468 4367 1531 4430 quo
1553 4347 1729 4414 Flavianus
1757 4349 1894 4435 primum
1923 4354 2134 4434 quaestoria

509 4468 585 4533 aula
600 4467 785 4552 Theodosii,
810 4488 884 4533 mox
905 4467 1090 4552 praefectus
1112 4467 1270 4552 practorio
1291 4467 1325 4532 in
1347 4466 1448 4533 limite
1470 4466 1655 4552 Illyriciano
1677 4476 1819 4536 maratus
1841 4477 1901 4536 ast.
1951 4475 1989 4536 17
2013 4473 2053 4540 dc
2069 4474 2134 4540 filio

508 4587 610 4654 accito
632 4587 788 4673 loquitur;
820 4594 989 4675 praeterea
1010 4585 1207 4653 desiderium
1235 4587 1360 4673 patriae
1387 4594 1629 4673 commemorat,
1662 4590 1747 4670 quad
1770 4590 1963 4657 Flavianum
1992 4594 2026 4659 in
2053 4595 2134 4661 locis

808 4765 920 4772 ———-

595 4865 655 4928 scr)
676 4866 770 4926 symm.
790 4865 833 4925 44,
853 4864 886 4916 22
914 4865 1037 4927 defectum
1054 4868 1168 4915 tlmernus
1186 4879 1302 4915 annonae
1317 4869 1398 4928 pulsis
1415 4866 1542 4930 amatim,
1563 4881 1622 4931 quos
1640 4873 1719 4917 merto
1737 4874 1760 4918 et
1774 4872 1849 4931 pleno
1866 4872 1938 4920 edere
1956 4872 2034 4922 Roma
2052 4887 2134 4922 susee-

508 4957 589 5015 peroi.
619 4951 672 5015 fae,
692 4957 721 5002 ut
738 4951 774 5000 bis
791 4950 904 5000 recredita
921 4954 1132 5002 mnoclescamas:
1153 4958 1244 5015 quanta
1262 4954 1332 5002 nobis
1349 4953 1406 5003 odia
1422 4956 1608 5015 provinciarum
1626 4961 1720 5004 eomtat
1733 4959 1780 5005 ista
1791 4962 1926 5008 securitas?
1954 4960 2068 5011 Ambrae.
2082 4960 2099 5010 1.
2115 4964 2133 5010 l.

511 5043 602 5101 quanto
619 5038 664 5088 lsoc
681 5041 769 5087 utilius
787 5051 860 5100 marn
878 5038 955 5101 illud,
978 5038 1044 5102 quod
1060 5042 1170 5101 proxime
1188 5039 1282 5089 Boutae
1298 5040 1395 5101 factum
1413 5044 1461 5103 est,
1487 5043 1574 5090 eleetos
1592 5055 1642 5090 esse
1658 5042 1718 5091 ssrir
1735 5045 1900 5107 amplissima,
1927 5049 1970 5108 qui
1987 5048 2037 5094 iam
2052 5047 2136 5107 pluri·

509 5138 577 5172 mam
595 5125 647 5173 illic
664 5129 768 5174 aetatem
785 5129 967 5188 transcurrant,
988 5126 1074 5189 flentes
1092 5140 1149 5174 nim
1166 5126 1226 5189 fiiis
1243 5125 1347 5190 obiisse,
1367 5125 1455 5189 quibus
1472 5128 1541 5176 uelut
1558 5127 1652 5176 ciuibus
1670 5129 1838 5179 amoliendum
1854 5132 1955 5180 ezitisan
1972 5131 2134 5194 deplorarent

509 5211 542 5259 ci.
560 5209 594 5259 45
613 5210 655 5258 sed
673 5215 695 5258 et
713 5212 760 5274 4414,
782 5212 823 5273 qul
837 5215 979 5273 peremisset
995 5211 1055 5261 urbe
1069 5211 1207 5274 probibent,
1228 5226 1386 5275 nequaquam
1401 5213 1540 5276 mandi.-
1558 5216 1676 5276 espellere
1693 5230 1720 5264 eo
1738 5221 1853 5281 tempore,
1874 5233 1920 5280 qua
1937 5218 2023 5268 debuit
2040 5221 2134 5280 tunore,

508 5322 544 5333 —
561 5311 619 5346 eum
643 5297 729 5359 quibus
750 5296 845 5358 fuerint
866 5300 1008 5348 eommunia
1032 5301 1104 5358 iura,
1128 5312 1185 5348 cum
1207 5300 1237 5347 its
1259 5300 1326 5348 nolle
1348 5302 1375 5348 in
1398 5304 1504 5362 tempore
1526 5303 1675 5351 necessitatis
1692 5303 1803 5353 subsidia
1819 5306 1918 5366 partiri.
1954 5306 1985 5354 de
2003 5306 2091 5355 cadam
2108 5318 2135 5354 re

509 5384 649 5445 loquuntur
666 5384 748 5432 Amm.
768 5382 831 5432 XIV
848 5382 874 5444 6,
892 5382 922 5433 13
939 5389 1061 5446 postrema
1078 5385 1112 5433 ad
1130 5384 1156 5433 td
1175 5383 1330 5446 indimaiiatis
1347 5392 1382 5436 est
1399 5392 1510 5449 omnum,
1529 5393 1558 5437 at
1575 5402 1632 5436 curn
1647 5393 1773 5451 perecrini
1790 5391 1818 5440 ab
1837 5391 1999 5454 fanntdaiam
2017 5391 2084 5440 baud
2101 5396 2137 5442 ita

509 5468 606 5518 dudum
624 5470 797 5519 obmentorum
815 5472 925 5531 inopiam
940 5471 1090 5531 pellerentur
1106 5471 1137 5520 ab
1154 5470 1214 5520 urbe
1230 5474 1376 5534 praecipites
1394 5483 1419 5521 st
1437 5489 1462 5536 q.
1482 5488 1504 5523 s.
1543 5475 1666 5526 Tbemlst.
1686 5490 1721 5525 or.
1742 5477 1832 5526 XVIII
1850 5492 1877 5540 p.
1892 5476 1964 5527 222⁸.
1985 5473 2077 5529 οὔκουν
2096 5476 2139 5530 δεῖ

508 5551 573 5622 ἡμῖν
591 5551 739 5622 ξενηλασίας
757 5557 887 5626 συνεχοῦς,
907 5552 1026 5624 καθάπερ
1043 5555 1076 5625 τῇ
1095 5553 1264 5625 μητροπόλει.
1302 5559 1391 5609 Libia.
1405 5560 1523 5610 Antiocb.
1538 5562 1551 5610 l
1569 5578 1595 5626 p.
1611 5560 1661 5611 328
1678 5560 1762 5614 auitos
1780 5561 1809 5614 τὸ
1827 5561 1987 5635 παράδειγμα
2003 5567 2050 5633 τῆς
2066 5555 2135 5615 ‘Pa

508 5657 561 5777 pp<
579 5637 692 5711 ἔχοντες,
711 5638 729 5709 ἢ
748 5639 864 5711 τὴντῶν
882 5638 1026 5712 ἀναγκαίων
1045 5639 1144 5705 σπάνιν,
1164 5639 1241 5710 baino
1258 5639 1289 5695 ἂν
1306 5648 1382 5696 τοῦτο
1401 5644 1528 5716 supnloq,
1548 5647 1580 5719 τῇ
1598 5654 1650 5699 τῶν
1668 5645 1745 5708 ξένων
1763 5646 1849 5701 ἐλάσει
1867 5648 1929 5721 πρὸς
1947 5646 2071 5720 ἀφθονίαν
2092 5666 2138 5717 με·

537 5740 634 5794 arquis.

597 5810 654 5874 602]
676 5813 718 5875 44,
738 5811 771 5862 24
789 5815 825 5863 dii
840 5816 930 5876 patrii,
949 5814 1026 5875 facile
1043 5818 1150 5876 pralium
1167 5821 1332 5878 monetarum
1349 5825 1491 5868 sacrarunt
1509 5825 1623 5871 miseram
1640 5822 1735 5883 famem
1750 5824 1850 5884 pellite!
