4736 6478
929 910 978 975 XI
1006 932 1039 977 a.
1058 913 1132 975 398.

851 1064 912 1129 AD
933 1063 1212 1132 nflnononvn.
1865 1065 1979 1128 PVM

304 1240 486 1306 Adventum
509 1246 599 1305 tuum
622 1259 728 1305 serum
757 1257 829 1303 esse
851 1236 1002 1319 mirabar,
1028 1236 1085 1304 sed
1108 1237 1164 1303 ubi
1187 1257 1285 1304 eausa
1307 1238 1469 1324 patefacta
1491 1244 1542 1304 est
1569 1236 1732 1304 tarditatis
1761 1243 1793 1303 et
1814 1244 1846 1303 te

220 1345 310 1410 brevi
340 1344 452 1409 adfore
483 1341 602 1427 scripta
629 1341 821 1427 praenuntia
850 1339 1106 1425 spoponderunt,
1139 1341 1172 1405 in
1200 1340 1355 1424 gaudium
1386 1361 1462 1406 cura
1487 1361 1642 1407 conversa
1664 1348 1724 1406 est.
1770 1359 1847 1422 ergo

188 1471 200 1509 c
219 1447 350 1532 hospitii
373 1465 504 1513 securus
525 1445 723 1531 adpropero,
756 1451 789 1510 et
810 1442 1008 1528 aliquamdiu
1032 1445 1152 1508 Romae
1180 1443 1351 1509 intervallo
1373 1443 1490 1527 qrrietis
1512 1444 1632 1510 refotus
1655 1443 1847 1528 auspicatis-

217 1550 316 1616 simos
339 1549 458 1615 adtolle
478 1548 596 1615 fasces.
636 1554 749 1619 nostra
770 1568 849 1632 erga
870 1555 902 1612 te
925 1546 1105 1629 diligentia,
1131 1545 1288 1631 quidquid
1310 1546 1483 1613 instructus
1506 1547 1685 1613 consularis
1708 1544 1843 1629 flagitat,

218 1653 412 1738 providebit.

917 1996 983 2061 XII
1011 2015 1043 2061 a.
1063 1996 1149 2061 396⁶?

851 2150 910 2215 AD
933 2150 1210 2217 THEODORVM.

172 2351 200 2390 ιο
304 2325 438 2391 Frustra
466 2325 593 2409 speravi
616 2323 657 2390 de
680 2323 936 2409 peregrinatione
958 2322 1131 2404 solacium,
1164 2342 1236 2388 cum
1265 2322 1405 2388 omnium
1435 2323 1576 2390 locorum
1598 2331 1722 2390 maesta
1746 2323 1847 2391 facies

220 2430 327 2494 nullas
355 2448 454 2512 aegro
484 2428 591 2494 animo
613 2434 756 2512 praestet
784 2425 937 2492 indutias.
984 2445 1027 2490 au
1048 2425 1220 2521 quisquam
1249 2433 1316 2492 tam
1344 2427 1424 2493 duro
1450 2426 1581 2511 ingenio
1603 2436 1698 2494 natus
1720 2434 1788 2509 est,
1813 2434 1849 2493 ut

219 2534 391 2598 multorum
414 2532 499 2598 euris
520 2530 640 2597 doloris
662 2549 784 2596 vacuus
804 2529 952 2596 intersit?
989 2528 1073 2613 quod
1097 2528 1124 2594 si
1147 2549 1258 2595 verum
1281 2548 1353 2595 esse
1369 2530 1531 2614 concedis,
1558 2551 1609 2597 me
1632 2531 1730 2597 etiam
1752 2530 1847 2598 crede

219 2637 302 2702 iuter
323 2634 438 2701 anxios
460 2655 553 2701 usum
574 2634 681 2718 ipsum
703 2633 938 2716 quodammodo
960 2617 1108 2699 amisisse
1131 2633 1285 2699 laetitiae.
1304 2692 1306 2697 ,
1324 2639 1434 2716 restat,
1461 2640 1495 2699 ut
1509 2640 1585 2699 tuae
1601 2634 1727 2700 litterae
1743 2634 1846 2700 medi-

174 2788 178 2795 .
221 2739 325 2804 cinam
354 2738 432 2804 mibi
454 2738 591 2820 faciant,
623 2756 705 2821 quas
734 2737 780 2802 ita
809 2737 947 2803 libenter
968 2736 1111 2821 accipio,
1143 2744 1178 2802 ut
1205 2737 1296 2802 nulla
1324 2737 1403 2802 mibi
1431 2736 1613 2803 adsiduitas
1642 2738 1846 2803 satisfactura

175 2841 379 2907 irrideatur.
427 2863 487 2925 ego
509 2863 563 2927 pro
586 2848 704 2908 eventu
726 2841 946 2920 occasionum,
978 2859 1060 2923 quas
1083 2840 1149 2905 fors
1171 2839 1339 2924 optulerit,
1372 2842 1556 2926 exemplum
1586 2840 1645 2907 tibi
1674 2840 1758 2906 dabo
1780 2841 1846 2907 fre-

220 2945 348 3028 quentis
361 2944 469 3010 officii.
510 2952 585 3010 tunc
598 2944 683 3009 cuim
699 2944 860 3029 probabis,
887 2951 997 3026 gratas
1012 2962 1084 3009 esse
1106 2943 1184 3009 mibi
1208 2943 1331 3009 litteras
1348 2952 1432 3023 tuas,
1458 2963 1531 3009 cum
1547 2963 1636 3010 meae
1653 2945 1838 3030 sumpseris.

986 3289 1078 3354 XIII.

853 3443 912 3508 AD
934 3443 1213 3510 THEODORVII.
1868 3449 1970 3511 PVF

307 3618 501 3705 Iampridem
523 3617 603 3684 nibil
619 3616 742 3682 scribis.
782 3636 920 3698 aequum
944 3622 1031 3682 esset
1052 3616 1127 3682 huic
1148 3617 1264 3700 culpae
1283 3615 1436 3682 talionem
1455 3618 1582 3703 repoui;
1609 3618 1668 3683 sed
1682 3637 1744 3701 ego
1759 3615 1847 3682 arbi·

173 3748 204 3789 ro
222 3730 287 3788 tror
300 3721 459 3788 imitanda
472 3739 634 3803 nonense,
659 3739 742 3802 quae
758 3717 881 3801 doleas,
908 3726 940 3786 et
953 3719 1061 3785 auimo
1076 3719 1266 3804 persuadeo,
1285 3718 1367 3785 alias
1383 3720 1488 3804 potius
1502 3719 1715 3787 intervenisse
1731 3740 1847 3786 causas

221 3826 318 3892 officii
342 3824 512 3895 differendi
533 3844 629 3909 quam
652 3822 791 3889 residem
814 3824 1020 3889 voluntatem.
1067 3843 1261 3907 quamquam
1283 3843 1412 3906 vereor,
1445 3836 1486 3889 ne
1508 3822 1628 3889 factum
1656 3830 1743 3890 tuum
1767 3824 1848 3890 haee
1922 3816 1929 3835 ‘

221 3930 292 4014 ipsa
313 3935 428 4013 gravet
449 3927 643 3993 humanitas.
690 3947 764 4013 nam
787 3926 842 4009 qui
863 3926 941 3992 mibi
964 3947 1021 4011 pro
1043 3933 1075 3993 te
1097 3926 1278 4007 satisfacio,
1305 3927 1449 4009 ostendo,
1474 3926 1556 3993 nibil
1578 3947 1630 3995 mc
1651 3929 1718 3994 tale
1739 3948 1847 3994 meru-

222 4032 297 4098 isse.
346 4031 450 4097 scribe
473 4051 550 4115 ergo
571 4030 637 4095 iam
660 4029 791 4115 saepius
814 4037 847 4096 et
867 4029 1047 4116 copiosius,
1074 4030 1260 4114 priusquam
1281 4030 1429 4115 praefata
1450 4051 1511 4116 ope
1532 4029 1664 4097 deorum
1686 4032 1719 4095 in
1741 4031 1847 4097 Luca-

223 4156 280 4200 nos
302 4135 377 4202 vela
398 4134 555 4200 faciamus
583 4172 626 4181 —
655 4134 734 4217 quid
755 4134 839 4200 euim
861 4134 951 4199 iuvat
972 4133 1125 4219 proximis
1147 4133 1332 4218 regionibus
1353 4134 1522 4217 inmorari,
1548 4155 1619 4201 cunr
1641 4156 1663 4201 a
1683 4143 1716 4201 te
1738 4135 1847 4199 nullae

176 4264 205 4305 rc
223 4240 350 4305 litterae
373 4237 581 4304 deferantur?
603 4277 644 4285 ρ
667 4245 701 4304 ct
721 4238 882 4304 silentium
905 4245 993 4303 tuum
1017 4238 1149 4304 honeste
1171 4237 1273 4322 possit
1295 4258 1450 4303 excusare
1472 4238 1702 4323 longinquitas.

979 4583 1086 4648 XIIII.

851 4737 910 4801 AD
936 4737 1213 4804 THEODORVM.
1868 4746 1980 4809 PVM

308 4913 503 4997 Ademptum
525 4911 677 4994 gencrale
699 4909 758 4976 tibi
782 4909 979 4995 perfugium:
1021 4910 1233 4994 nequeenim
1257 4916 1349 4995 potes
1370 4911 1526 4977 sollemne
1553 4910 1637 4978 illud
1661 4920 1693 4979 et
1714 4915 1846 4999 pervul-

224 5025 333 5100 gatum
356 5036 460 5101 genus
482 5014 680 5081 defensionis
701 5013 867 5096 inducere,
892 5033 981 5079 meas
1003 5020 1036 5080 te
1051 5015 1157 5080 adbuc
1172 5015 1295 5080 litteras
1309 5014 1460 5100 opperiri,
1486 5022 1521 5081 ut
1534 5015 1675 5099 quadam
1690 5016 1846 5100 religione

177 5140 206 5180 uu
225 5121 371 5186 solvaris.
418 5117 604 5184 iamdudum
627 5117 685 5183 tibi
707 5117 801 5182 stilus
824 5136 915 5182 meus
937 5118 1013 5183 facit
1034 5117 1230 5203 auspicium
1261 5117 1313 5183 cui
1334 5138 1398 5183 uon
1419 5118 1526 5184 abnuo
1547 5119 1704 5185 redditam
1727 5119 1842 5203 ricem,

311 5484 393 5535 Iom.
411 5483 459 5532 Vllf
562 5483 578 5530 3
596 5487 623 5531 et
639 5496 687 5531 om.
709 5482 758 5531 VM
859 5481 976 5530 ludicro
996 5484 1042 5532 Pl
1056 5499 1091 5532 m.
1198 5479 1328 5549 bnoctrr]
1347 5483 1375 5531 M
1391 5487 1418 5533 ta
1436 5497 1497 5544 rna,
1517 5488 1603 5546 postea
1621 5483 1668 5531 PV

311 5570 328 5620 s
345 5586 394 5620 om.
413 5570 462 5618 Vll
586 5570 652 5619 bone
668 5570 800 5631 epistulam
817 5572 945 5629 omanus
961 5584 1017 5617 enm
1033 5570 1187 5630 praecedenti
1210 5571 1231 5615 V
1357 5570 1387 5620 10
1404 5572 1513 5619 locorum
1531 5585 1578 5618 om.
1600 5569 1626 5618 Φ
1754 5568 1784 5618 15
1803 5584 1846 5633 pro

226 5654 333 5724 euentu]
352 5657 457 5716 aanor,
479 5663 602 5719 prouentu
623 5655 697 5704 PVM
798 5657 860 5705 dubo
877 5670 926 5704 om.
946 5655 966 5703 V
1070 5657 1101 5705 16
1118 5658 1210 5717 gratiss
1229 5657 1251 5704 P
1351 5659 1448 5706 lltterrs
1465 5670 1514 5705 om.
1532 5657 1554 5705 V

312 5742 343 5793 18
360 5760 410 5793 om.
432 5744 475 5790 VI*
575 5743 608 5792 20
627 5739 739 5809 non]er'1
763 5744 784 5791 V
885 5742 917 5792 23
936 5738 1007 5809 ergo]
1024 5745 1102 5805 igitur
1124 5744 1144 5790 V
1245 5758 1318 5792 nuens
1335 5743 1381 5791 Pl
1396 5759 1431 5793 ιιι.
1536 5743 1579 5791 del
1601 5742 1643 5789 VI*

312 5830 343 5881 27
362 5845 410 5881 om.
430 5829 480 5878 VII
582 5829 615 5880 28
634 5836 673 5879 est
690 5836 748 5879 cote
764 5832 881 5892 generale
900 5833 973 5879 lma.
995 5829 1089 5881 Pam.
1110 5828 1140 5877 II
1240 5828 1273 5878 29
1290 5831 1382 5893 operiri
1400 5828 1423 5876 P
1524 5828 1558 5878 30
1575 5831 1606 5878 ab
1624 5844 1674 5880 uno
1692 5827 1715 5876 P
