4736 6478
1088 458 1285 514 saputem
1303 458 1513 515 EPISTVLAE

1090 821 1160 895 AD
1194 821 1510 898 NEOTERIVM.

1041 992 1217 1058 XXXVIII
1237 993 1396 1077 (XXXVI)
1435 1015 1464 1060 a.
1485 997 1559 1060 389.

1041 1146 1302 1214 SYMMACHVS
1330 1147 1557 1214 NEOTERIO.

575 1328 680 1410 Supra
702 1323 832 1389 modum
854 1321 980 1406 gaudeo
1003 1320 1164 1386 redditum
1187 1339 1260 1386 esse
1282 1320 1403 1386 meritis
1425 1321 1488 1386 tuis
1511 1328 1603 1395 vetus
1626 1320 1779 1388 debitum.
1819 1323 2006 1390 iamdudum
2029 1325 2114 1390 enim

490 1450 556 1494 rem
579 1428 741 1513 publicam
764 1426 934 1492 virtutibus
957 1423 1124 1507 obligasti,
1159 1443 1241 1506 quae
1264 1430 1381 1509 amicta
1411 1423 1541 1489 divinae
1570 1424 1645 1489 fidei
1673 1425 1847 1509 principem
1875 1426 1936 1491 sibi
1958 1427 2147 1509 quodam-a

488 1532 583 1598 modo
606 1532 823 1612 consulatum,
854 1548 948 1613 quem
978 1528 1035 1592 tibi
1059 1528 1212 1607 solveret,
1249 1527 1443 1611 impetravit.
1490 1526 1533 1592 ad
1562 1528 1657 1593 huius
1680 1530 1897 1596 celebritatem
1921 1538 1994 1596 voto
2016 1531 2116 1595 alacri

489 1635 716 1715 cucurrissem,
744 1632 805 1698 nisi
828 1632 1013 1718 diplomatis
1035 1632 1117 1696 sacri
1140 1629 1232 1696 tarda
1254 1631 1389 1715 perlatio
1410 1638 1549 1697 artasset
1568 1631 1774 1697 intervallum
1796 1632 1931 1698 dierum.
1979 1635 2118 1699 accessit

489 1740 605 1805 hiemis
628 1725 987 1821 contemplatiquuae
1015 1755 1132 1818 magno
1161 1734 1279 1817 frigore
1310 1740 1343 1799 et
1372 1734 1522 1800 brevibus
1552 1735 1633 1800 lucis
1662 1736 1750 1800 boris
1778 1744 1919 1803 moratur
1947 1757 2112 1803 excursus.

490 1862 582 1909 meus
604 1850 710 1907 tamen
733 1839 877 1923 animus,
911 1859 1017 1905 meum
1040 1837 1193 1922 gaudium
1216 1843 1321 1903 tecum
1345 1844 1404 1903 est.
1452 1858 1512 1920 ego
1535 1839 1623 1903 solus
1646 1837 1754 1905 dolere
1776 1838 1895 1920 debeo,
1928 1838 2014 1922 quod
2036 1839 2116 1904 mibi

489 1954 614 2012 tantum
635 1946 753 2010 bonum
782 1962 877 2009 casus
900 1942 1068 2021 inviderit3
1110 1941 1168 2007 tibi
1198 1949 1230 2007 et
1252 1941 1467 2026 praesentium
1497 1940 1676 2007 satisfaciet
1703 1963 1854 2010 numerus
1876 1951 1909 2009 et
1930 1944 2036 2010 cultus
2058 1943 2117 2009 ab
2137 1963 2165 2003 ro

490 2049 639 2115 sentium.

1021 2353 1213 2419 xxxvrnr
1234 2354 1410 2437 (xxxvii)
1445 2375 1476 2421 a.
1496 2358 1570 2420 aso.

1047 2509 1307 2575 ernunouvs
1329 2508 1557 2576 unonnmo

578 2686 701 2752 Amicis
716 2684 834 2750 nostris
856 2684 942 2750 insta
957 2682 1161 2767 cupientibus
1176 2682 1250 2747 usui
1265 2702 1338 2747 esse
1353 2681 1518 2765 debemus,
1544 2684 1716 2768 praecipue
1740 2684 1830 2749 fratri
1852 2691 1958 2751 nostro
1973 2686 2118 2752 Alexan-

492 2790 566 2871 dro,
600 2809 694 2872 quem
719 2788 838 2854 iudicio
861 2788 1033 2872 probamus
1056 2792 1088 2851 et
1110 2806 1218 2851 amore
1240 2785 1479 2870 conplectimur.
1527 2786 1611 2851 hunc
1632 2787 1709 2852 licet
1734 2788 1860 2853 noveris
1882 2788 2035 2855 bonorum
2059 2789 2117 2855 de·
2140 2809 2167 2847 ¹⁵

493 2893 610 2958 siderio
633 2913 696 2957 non
719 2890 855 2972 moveri,
889 2890 1067 2957 communis
1096 2896 1204 2955 tamen
1226 2888 1422 2954 verecundia
1451 2909 1513 2954 non
1536 2889 1614 2955 sinit
1634 2890 1814 2957 testimonio
1837 2911 1947 2958 carere
1969 2893 2113 2972 militiae,

492 3017 563 3061 oum
587 2994 636 3060 illi
659 2994 778 3059 tribuni
807 3014 846 3059 ac
868 2992 984 3059 notarii
1015 2992 1204 3075 dignitatem
1228 2993 1261 3057 d.
1286 3013 1319 3057 n.
1344 2992 1589 3058 Valentinianus
1612 2993 1777 3076 Augustus
1806 3002 1881 3060 ante
1901 2995 2116 3079 inruptionem

421 3166 440 3191 l
491 3098 691 3183 tyrannicam
715 3103 829 3182 sponte
851 3096 1010 3163 detulerit.
1051 3114 1172 3178 quaeso
1194 3096 1302 3178 igitur,
1328 3102 1364 3162 ut
1385 3096 1640 3180 praerogativam
1669 3099 1750 3162 sacri
1773 3097 1944 3164 testimonii
1967 3106 1999 3163 te
2021 3099 2117 3164 adni-

491 3209 579 3268 tente
600 3207 771 3268 mereatur.
818 3200 913 3266 facile
941 3208 990 3266 est
1012 3200 1114 3281 enim,
1148 3205 1183 3265 ut
1206 3200 1266 3265 sub
1287 3206 1353 3264 tarn
1376 3198 1429 3285 pio
1450 3200 1663 3283 gubernatore
1692 3200 1739 3267 rei
1761 3221 1793 3285 p.
1818 3200 1992 3267 infortunia
2013 3202 2119 3268 bomi-

492 3328 566 3371 num
591 3305 711 3373 saeculi
734 3305 842 3371 vincat
862 3303 1055 3370 humanitas.
1808 3372 1816 3385 .
2137 3324 2168 3364 ro

1121 3628 1250 3697 xxxx
1274 3629 1484 3712 (xxxvrn).

1048 3784 1308 3850 sununoflvs
1330 3784 1559 3850 unonnmo.

579 3961 775 4046 Inpatienter
796 3959 970 4024 amicorum
993 3958 1081 4023 soleo
1104 3957 1246 4042 perferre
1267 3955 1455 4039 discessum,
1481 3957 1540 4022 sed
1559 3979 1624 4037 eos,
1651 3958 1707 4041 qui
1728 3959 1772 4025 ad
1793 3960 2007 4044 praesentiam
2030 3968 2118 4026 tuam

493 4067 605 4131 relicta
627 4066 705 4130 urbe
728 4062 937 4141 contendunt,
969 4062 1013 4126 ad
1034 4081 1086 4126 me
1109 4059 1205 4126 credo
1227 4067 1389 4126 venturos.
1436 4060 1514 4143 quid
1536 4061 1620 4143 quod
1644 4070 1844 4144 sequestrata
1865 4062 2046 4129 adfectione
2068 4064 2119 4129 in-

493 4168 589 4234 video
611 4175 715 4233 tecum
740 4166 875 4232 frrturisr
901 4165 961 4230 soli
984 4164 1069 4230 enim
1091 4165 1178 4229 bona
1200 4164 1403 4248 praesentiae
1425 4170 1500 4229 tuae
1523 4164 1660 4249 capient,
1686 4186 1817 4249 quorum
1842 4167 2017 4233 eommunis
2040 4168 2119 4233 mibi
2140 4188 2171 4227 πε»

492 4274 614 4339 fruetus
636 4290 709 4337 esse
724 4271 866 4336 deberet.
907 4274 977 4333 atut
1000 4274 1178 4334 esttamen
1202 4267 1265 4332 ista
1287 4267 1443 4351 condicio,
1470 4267 1585 4334 fratres
1607 4276 1731 4334 nostros
1747 4269 1876 4335 Celsum
1897 4276 1994 4353 atque
2008 4271 2120 4336 Nicia-

492 4397 568 4442 num
591 4375 774 4460 probabiles
797 4374 881 4440 viros
903 4394 965 4439 non
986 4372 1107 4438 invitus
1129 4370 1232 4450 emisi,
1259 4378 1364 4435 certus
1386 4370 1510 4454 aliquid
1532 4372 1574 4437 ad
1598 4392 1656 4436 nos
1677 4393 1718 4437 ex
1740 4372 1859 4437 fabulis
1881 4381 1978 4456 ablue
1994 4375 2119 4440 actibus

493 4479 556 4546 tuis
578 4500 686 4545 eornm
710 4478 865 4544 relatione
887 4476 1074 4542 rediturum.
1120 4495 1201 4558 quos
1225 4480 1259 4539 ut
1281 4481 1405 4539 mature
1428 4474 1495 4539 urbi
1519 4474 1697 4558 studiisque
1719 4475 1887 4557 restituas,
1913 4476 2055 4542 vicissim
2078 4479 2119 4544 de

492 4590 524 4648 te
540 4583 677 4667 postulo.
717 4602 791 4648 nam
813 4580 868 4660 †si
891 4587 923 4646 te
944 4580 986 4645 ab
1008 4600 1047 4644 ao
1069 4577 1221 4664 petitione
1244 4576 1455 4659 dissimulem,
1482 4577 1594 4642 videor
1615 4598 1723 4644 eorum
1746 4579 2034 4662 peregrinationem
2056 4602 2119 4646 non

492 4692 568 4753 tuae
591 4685 747 4752 detulisse
769 4683 976 4763 reverentiae,
1008 4682 1066 4749 sed
1089 4701 1160 4748 meo
1182 4680 1383 4765 praestitisse
1406 4679 1547 4747 fastidio.
2139 4706 2170 4744 uo
2201 4752 2205 4761 ,

582 5000 592 5049 l
614 5002 640 5062 d.
661 4999 715 5048 nui.
735 4997 879 5058 symmachi.
901 4992 929 5062 dl
947 4993 1040 5057 explic.
1062 5006 1114 5042 1111.
1135 4993 1165 5042 ad
1184 4988 1306 5058 elestllsl!
1323 4993 1393 5056 incip
1412 4994 1523 5042 eiusdem
1541 4993 1572 5041 ad
1591 4990 1707 5059 ¹¹⁰0Ilfllf
1726 4994 1760 5057 P,
1790 4995 1947 5054 symmachus
1965 4997 1995 5044 sd
2014 4998 2118 5045 neothe-

492 5090 559 5137 riurn
578 5089 607 5149 F,
632 5102 681 5136 om.
707 5085 728 5133 V
847 5083 929 5131 3om.
954 5082 997 5128 VP
1113 5079 1130 5128 4
1148 5080 1254 5128 reditum
1274 5079 1325 5127 Pl
1345 5096 1380 5128 m.
1491 5078 1556 5145 sulm
1576 5079 1597 5126 P
1716 5081 1731 5129 5
1750 5087 1839 5144 nepotc
1859 5080 1881 5127 P
2000 5082 2013 5130 7
2033 5084 2120 5146 deplo-

494 5176 567 5223 mntls
587 5173 681 5221 le.
702 5172 744 5219 VF
853 5168 976 5230 Smngna
993 5167 1087 5216 le.
1200 5166 1345 5215 dmeosP
1447 5163 1541 5232 meum]
1559 5181 1630 5214 meua
1656 5167 1696 5213 VF
1797 5168 1824 5215 fu
1843 5169 1935 5228 gaudio
1953 5171 1975 5216 F
2076 5173 2120 5220 do·

493 5265 544 5311 lore
563 5260 609 5309 Pl
623 5277 656 5309 m.
766 5258 797 5308 10
815 5252 926 5322 tantum]
944 5261 1027 5303 tanuen
1049 5255 1071 5301 V

582 5346 612 5396 13
630 5362 678 5395 orn.
698 5344 745 5393 VM
847 5341 1000 5391 neuterlcP
1105 5339 1136 5389 19
1153 5341 1192 5403 ris>
1210 5340 1257 5388 ΡΥ
1358 5339 1537 5388 infortuntoP

579 5433 612 5483 22
631 5447 680 5481 om.
700 5431 747 5479 VM
859 5429 892 5479 23
911 5428 1088 5491 praestantiam
1108 5425 1131 5473 P
1242 5425 1275 5475 25
1294 5428 1460 5488 praestantiae
1480 5425 1502 5473 P
1612 5426 1645 5475 26
1663 5421 1734 5491 utut]
1752 5426 1859 5487 Iuratae,
1880 5422 1906 5473 ci
1924 5421 1952 5461 ¹¹⁸
1970 5412 2025 5471 ΡΥ,
2046 5418 2073 5459 ῑΙῑ
2093 5413 2121 5460 Μ

493 5520 526 5569 29
551 5535 609 5569 nam
628 5522 650 5568 sl
669 5524 694 5567 te
712 5519 743 5566 ab
761 5534 788 5565 nc
809 5518 863 5575 [bae
882 5518 898 5563 2
915 5516 959 5577 m.)
980 5515 1105 5578 petitione
1123 5514 1280 5563 dissimulem
1299 5512 1333 5572 P,
1363 5526 1419 5561 nam
1438 5513 1461 5561 sl
1479 5518 1504 5561 te
1522 5513 1568 5561 teli
1592 5514 1637 5560 bne
1662 5513 1716 5575 (hnc
1732 5528 1781 5560 orn.
1804 5511 1844 5571 Μ)
1870 5511 1984 5574 petitioni
2007 5511 2118 5558 dissimi-

493 5608 542 5655 lem
566 5606 622 5667 VM,
643 5619 700 5654 uam
718 5605 768 5653 niel
787 5609 812 5651 te
830 5603 874 5652 bae
892 5602 1014 5664 petitione
1033 5601 1194 5648 destlmulem
1213 5614 1256 5660 epo
