4746 6472
521 482 540 543 2
1121 474 1318 531 SYMMACHI
1336 468 1546 558 EPISTVLAE

396 667 496 730 VFs
520 666 587 733 scio
609 674 652 747 te,
679 665 775 731 simul
797 671 894 748 atque
916 664 997 729 haec
1019 663 1150 747 legeris,
1176 670 1317 729 actutum
1339 663 1466 748 poetica
1480 664 1602 747 plectra
1616 670 1785 730 moturum.
1828 665 1937 730 nullus
1953 663 2081 745 feceris,
2107 685 2147 730 ne

519 770 584 836 mei
600 769 741 854 periculo
756 768 908 852 gloriere!
937 787 997 851 ego
1012 774 1044 833 te
1059 766 1159 833 nostri
1181 767 1265 832 vatis
1288 766 1436 851 exemplo
1458 766 1551 850 qnasi
1573 767 1713 851 quadam
1735 767 1810 851 lege
1832 767 2005 833 convenio:
2031 767 2148 834 liceat

519 871 620 937 inter
640 871 764 937 olores
781 889 940 936 canoros
956 889 1127 935 anserem
1145 876 1325 954 strepere.
1367 869 1529 934 silentium
1545 869 1634 949 mihi,
1652 869 1715 935 nisi
1729 870 1939 954 praestiteris,
1958 870 2145 955 imperabis.

519 995 616 1057 quam
638 973 719 1039 nihil
742 974 801 1039 abs
823 981 855 1039 te
878 980 1028 1053 metuam,
1056 972 1105 1037 vis
1128 972 1284 1055 probaret
1305 991 1346 1037 en
1368 970 1427 1037 tibi
1448 970 1537 1036 aliud
1559 972 1785 1038 alucinationis
1806 992 1898 1039 meae
1920 972 2019 1058 prodo
2042 992 2149 1039 secre-

518 1083 596 1158 tum,
622 1074 728 1142 adhuc
751 1075 907 1142 sollicitus
931 1076 971 1141 de
993 1074 1109 1161 priore.
1156 1074 1232 1139 audi
1255 1094 1367 1140 versus
1389 1074 1431 1139 ad
1453 1074 1627 1140 Baulorum
1650 1075 1815 1141 historiam
1837 1076 2054 1161 pertinentes:
2167 1092 2180 1131 ⁵

478 1185 497 1243 5
789 1177 797 1188 “
830 1179 902 1244 Huc
925 1177 1004 1244 deus
1026 1176 1159 1242 Alcides
1182 1177 1376 1243 stabulanda
1398 1185 1543 1243 armenta
1565 1178 1671 1261 coegit

916 1287 1006 1347 eruta
1029 1280 1199 1364 Geryonae
1222 1280 1262 1346 de
1286 1280 1354 1345 lare
1376 1281 1558 1362 tergemini.

828 1383 903 1449 inde
927 1401 1038 1449 recens
1060 1390 1152 1448 aetas
1174 1390 1323 1468 corrupta
1344 1383 1474 1449 boaolia
1496 1383 1616 1448 Baulos

913 1492 1078 1569 nuncupat
1099 1486 1222 1551 occulto
1244 1486 1382 1551 nominis
1403 1485 1535 1552 indicio.

828 1588 869 1654 ab
892 1588 966 1654 divo
989 1588 1032 1654 ad
1054 1608 1202 1673 proceres
1226 1588 1372 1654 dominos
1395 1587 1522 1654 fortuna
1545 1589 1700 1669 cucurrit,

915 1691 1003 1756 fama
1024 1691 1086 1756 loci
1109 1691 1260 1756 obscuros
1283 1711 1323 1757 ne
1346 1697 1510 1776 pateretur
1531 1692 1637 1758 heros.

827 1793 911 1858 banc
934 1793 1110 1859 celebravit
1131 1814 1226 1878 opum
1249 1794 1329 1859 felix
1350 1794 1540 1860 Hortensius
1562 1795 1685 1875 aulam,

914 1902 1022 1962 contra
1044 1896 1233 1981 Arpinatem
1256 1897 1311 1979 qui
1333 1897 1421 1962 stetit
1444 1896 1583 1980 eloquio.

829 1997 880 2063 hic
903 1999 1013 2064 consul
1036 1999 1158 2064 clarum
1182 1997 1334 2083 produxit
1355 1999 1544 2084 Acindynus
1566 2019 1682 2064 aevum

917 2101 1034 2185 quique
1057 2100 1146 2167 dedit
1167 2101 1258 2184 leges
1281 2100 1399 2167 Orfitus
1422 2102 1595 2168 Aeneadis.

828 2204 888 2268 hos
910 2203 995 2269 inter
1016 2203 1157 2269 iuvenile
1181 2204 1290 2285 decus,
1317 2205 1376 2270 sed
1398 2204 1517 2269 honore
1540 2204 1651 2288 senili,

914 2306 1066 2372 bisseno
1090 2307 1212 2387 celsus,
1241 2307 1452 2391 Symmache,
1479 2308 1568 2374 fasce
1591 2308 1682 2373 cluis.

828 2409 887 2475 sed
909 2417 942 2475 te
963 2410 1138 2474 Baulorum
1160 2408 1298 2475 necdum
1322 2410 1410 2475 lenta
1432 2410 1498 2475 otia
1520 2417 1693 2494 quaerunt;

913 2533 990 2579 cura
1010 2512 1131 2578 habeat
1152 2513 1302 2578 iuvenem
1325 2513 1456 2597 publica
1478 2513 1680 2598 pervigilem.

477 2624 495 2683 6
519 2618 644 2702 Nempe
673 2615 819 2696 derides,
853 2615 939 2697 quod
968 2615 1009 2681 de
1036 2635 1087 2680 me
1110 2615 1220 2698 aliqua
1240 2615 1324 2681 iusto
1347 2616 1569 2700 indulgentius
1591 2616 1801 2701 praedicavit
1843 2626 1892 2684 est
1913 2619 1994 2684 haec
2016 2639 2094 2685 vera
2115 2628 2147 2687 et
2163 2629 2193 2671 ²⁰

517 2719 618 2803 digna
640 2718 854 2804 reprehensio.
903 2719 1006 2783 omnis
1028 2717 1146 2803 quippe
1169 2718 1339 2784 ostentatio
1361 2738 1425 2784 non
1447 2726 1535 2784 caret
1557 2718 1741 2804 suspicione
1764 2720 1936 2802 mendacii,
1962 2721 2147 2805 quiequid-

516 2823 595 2907 quid
617 2821 805 2901 adsumitur,
831 2821 995 2906 proprium
1018 2841 1083 2886 non
1104 2828 1250 2905 putatum
1278 2820 1395 2887 dehine
1410 2821 1496 2903 quod
1511 2821 1665 2887 iactantia
1679 2842 1778 2887 avara
1801 2823 1908 2888 laudis
1931 2824 2066 2891 multum
2090 2824 2147 2891 de-

518 2925 625 3007 coquit
639 2925 680 2991 de
695 2924 828 3009 pudore.
867 2929 1023 3009 ipossem
1038 2924 1154 3003 dicere,
1183 2924 1211 2988 si
1233 2924 1306 3006 quis
1322 2924 1495 3008 inrepserit
1510 2931 1660 2990 externus
1675 2925 1812 3005 auditor,
1839 2946 1928 2991 meos
1950 2946 2024 2992 esse
2046 2927 2147 2993 versi-

517 3029 608 3095 culos
631 3027 770 3110 diffileri,
798 3034 833 3092 ut
854 3027 1035 3093 verecunde
1056 3027 1091 3092 in
1112 3046 1171 3091 nos
1195 3027 1291 3094 cadet
1312 3027 1353 3092 ah
1376 3028 1477 3092 altero
1500 3027 1642 3111 proiecta
1664 3028 1819 3094 laudatio.
1867 3028 1926 3094 sed
1940 3029 2036 3096 video
2050 3049 2147 3115 opus-

518 3132 625 3197 culum
647 3151 710 3196 non
734 3149 806 3196 esse
829 3129 1067 3214 paenitendum.
1113 3129 1160 3195 ita
1182 3149 1233 3194 res
1255 3149 1387 3215 crepera
1409 3135 1505 3212 atque
1528 3150 1649 3215 anceps
1673 3130 1805 3196 dubium
1827 3151 1879 3197 me
1902 3132 2016 3213 habet,
2043 3139 2146 3197 utrum
2164 3142 2194 3184 ²⁵

517 3232 731 3299 verecundiae
753 3232 1037 3317 praemetuendum
1060 3232 1102 3298 sit
1123 3232 1295 3299 discrimen
1310 3254 1352 3299 an
1366 3233 1500 3317 gloriae.
1546 3233 1605 3298 tibi
1618 3233 1725 3317 igitur,
1752 3234 1808 3316 qui
1823 3234 1997 3319 prudentia
2011 3235 2146 3301 antistas

518 3337 649 3417 ceteris,
683 3336 821 3424 optionis
845 3334 939 3401 huius
963 3334 1078 3418 delego
1101 3336 1310 3419 provinciam.
1359 3336 1435 3418 quid
1458 3335 1542 3402 iacto
1565 3334 1643 3401 usus
1671 3336 1730 3416 sit,
1761 3337 1833 3422 ipse
1862 3337 1998 3417 videris3
2034 3358 2093 3422 ego
2116 3345 2147 3403 et

517 3439 673 3504 infantiae
696 3446 729 3504 et
749 3437 975 3523 inprudentiae
998 3458 1090 3504 meae
1112 3444 1235 3523 patrem
1259 3438 1418 3505 conscium
1441 3459 1505 3504 non
1527 3438 1854 3523 inprudenter-elegi.
1902 3441 1990 3506 vale.

1236 3697 1269 3760 11
1299 3715 1330 3760 a.
1351 3644 1424 3761 375,

439 3840 498 3902 Vr
1122 3832 1263 3898 PATER
1291 3832 1538 3900 SYMMACHO.
2162 3846 2191 3887 ³⁰

605 3988 675 4055 Hoc
696 3997 746 4055 est
766 4008 899 4068 munus,
926 4009 988 4072 quo
1011 4007 1046 4053 se
1068 4007 1132 4053 non
1155 3988 1224 4052 sola
1246 3987 1347 4072 possit
1368 3988 1489 4054 iactare
1512 3987 1705 4072 Campania:
1731 3988 1819 4067 ised
1841 3990 2024 4074 praeteritis
2046 3992 2146 4058 Roma

518 4098 575 4157 aut
595 4092 758 4173 Athenae,
787 4091 814 4157 si
836 4091 871 4156 in
893 4090 1051 4156 Graecum
1075 4090 1226 4174 loquendi
1248 4091 1400 4156 honorem
1422 4091 1605 4157 huiusmodi
1627 4091 1740 4175 lingua
1761 4099 1916 4159 vertatur.
1962 4094 2040 4176 quid
2062 4095 2146 4161 enim

519 4193 705 4259 concinnius
727 4193 867 4278 epistula
888 4200 953 4277 tua,
981 4214 1076 4277 quam
1099 4213 1201 4278 nuper
1223 4194 1357 4278 accepit
1378 4193 1457 4276 quid
1478 4213 1627 4259 versuum
1644 4193 1842 4260 admixtione
1856 4195 2051 4264 iucundius?
2072 4218 2145 4263 vere

521 4296 625 4362 dicam
648 4296 717 4377 tibi,
744 4297 839 4380 plura
861 4297 970 4381 legere
992 4296 1173 4362 volentibus
1196 4297 1342 4363 celeriter
1364 4297 1535 4362 terminata
1550 4304 1609 4363 est.
1656 4297 1742 4381 quod
1760 4297 1885 4364 utinam
1900 4318 2015 4365 sensus
2030 4301 2146 4385 aliquis

520 4419 629 4464 eorum
652 4399 801 4484 supersit,
827 4420 959 4482 quorum
982 4400 1180 4485 imaginibus
1202 4401 1401 4485 praescripta
1420 4401 1565 4466 videmus
1581 4400 1830 4483 epigrammata!
1859 4401 1954 4467 facile
1970 4404 2147 4470 laudabunt
2165 4412 2194 4449 ³⁵

519 4501 603 4566 tales
626 4520 828 4568 successores
849 4502 994 4568 laborum
1017 4523 1164 4583 suorum,
1191 4504 1245 4585 qui
1267 4504 1411 4588 picturae
1432 4504 1568 4569 nitorem
1590 4503 1827 4588 pulchrioribus
1850 4505 1998 4571 versibus
2019 4506 2147 4572 inlumi-

520 4609 635 4669 narcht.
683 4613 715 4670 et
744 4625 805 4689 ego
831 4605 929 4689 igitur
950 4606 1094 4690 gratulor
1114 4625 1178 4670 non
1199 4606 1304 4690 magis
1326 4607 1441 4672 ostreis
1464 4613 1496 4672 et
1517 4606 1715 4691 peloridibus
1737 4606 1897 4674 abdomen
1919 4629 2014 4692 quam
2036 4616 2147 4694 pectus

608 4760 623 4809 2
641 4757 727 4827 Verg.
746 4759 845 4828 Eelog.
866 4758 909 4814 IX
928 4762 969 4811 36.
1077 4761 1093 4810 6
1112 4758 1190 4815 Serv.
1212 4761 1250 4815 ad
1269 4759 1340 4814 Aen.
1361 4760 1403 4816 VI
1422 4763 1484 4825 ¹⁰⁷3
1507 4760 1561 4815 VH
1581 4763 1639 4813 662.

609 4983 801 5045 hgloriarerll
919 4985 1098 5034 Ametnamus
1115 4988 1261 5047 probarel'
1374 4988 1542 5036 intimationis
1560 4988 1584 5034 F
1703 4986 1814 5035 badhoc
1832 4985 1859 5034 Γ
1976 4987 2108 5048 balcycles
2130 4989 2148 5035 l'

523 5069 537 5117 i
557 5070 595 5118 fer
612 5076 641 5118 nt
659 5083 716 5131 ager
734 5083 794 5120 sone
813 5072 925 5120 detulere
948 5070 1010 5132 (ΓΦ)
1128 5068 1268 5139 Geryonae]
1288 5085 1391 5133 gerrone
1415 5072 1441 5133 V,
1462 5075 1569 5133 gerionis
1588 5074 1612 5120 F
1724 5071 1739 5121 8
1757 5069 1867 5140 botuile]
1885 5074 1993 5135 Servius,
2014 5075 2096 5123 buain
2117 5076 2144 5135 V,

521 5157 602 5204 boalia
620 5155 643 5202 F
746 5154 776 5205 12
794 5158 962 5206 ortensius'l'
1066 5156 1097 5207 14
1115 5158 1273 5216 achyndinus
1292 5159 1318 5221 V,
1340 5160 1464 5218 acynodus
1482 5159 1505 5206 F
1606 5158 1639 5208 20
1658 5155 1695 5225 et]
1712 5165 1788 5220 utque
1806 5160 1858 5206 F-
1931 5158 1964 5209 22
1983 5160 2048 5221 qnod
2065 5160 2150 5209 conl*

522 5242 554 5292 23
573 5256 672 5306 possem
690 5243 783 5303 eligere
801 5241 946 5305 Mommsen,
965 5257 1039 5307 posse
1056 5258 1096 5292 me
1114 5244 1182 5293 dices
1199 5258 1242 5304 cpo
1355 5242 1388 5294 24
1406 5241 1523 5311 diffiteri]
1540 5246 1679 5307 Scioppius,
1701 5246 1813 5293 difficere
1831 5243 1888 5304 ΓΦ,
1908 5245 2020 5293 diffidere
2045 5245 2072 5305 V,
2092 5247 2147 5294 eill-

522 5341 577 5377 cere
596 5329 619 5376 F
719 5335 749 5377 ut
766 5328 908 5378 uerecunde
924 5332 953 5377 in
972 5343 1016 5378 nos
1035 5326 1118 5396 cadat]
1136 5328 1272 5393 Scioppius,
1294 5337 1324 5379 ut
1341 5330 1483 5380 uerecunde
1500 5332 1619 5379 innoscad
1637 5329 1711 5395 etF,
1733 5338 1762 5379 ut
1780 5330 1922 5380 uerecunde
1940 5334 2052 5392 ignoscat
2069 5338 2095 5381 et
2113 5330 2144 5392 Φ,
2202 5334 2214 5339 “

522 5420 552 5464 ut
569 5415 736 5465 uerecundiae
754 5416 867 5475 ignoscat
885 5419 910 5463 et
927 5414 954 5474 V,
974 5421 1004 5463 ut
1021 5416 1190 5465 uerecundiae
1207 5418 1319 5477 ignoscat
1337 5418 1358 5466 sl
1377 5424 1444 5466 esset
1462 5418 1485 5464 F
1587 5418 1696 5479 pmiecta
1713 5413 1836 5483 laudatio]
1854 5414 1930 5479 Ins}
1951 5418 2076 5479 proiectae
2093 5416 2147 5465 lan·

523 5500 662 5550 dationtl'
763 5500 795 5550 27
814 5506 840 5549 et
858 5501 944 5549 cm.F
1045 5499 1077 5551 28
1094 5502 1267 5564 impudentiae
1288 5500 1333 5566 (Γ)
1440 5502 1603 5566 impudenter
1623 5502 1666 5566 (Γ)

609 5587 642 5636 30
660 5587 733 5637 Pater
751 5583 907 5653 Symmacho]
925 5584 954 5648 Γ,
975 5601 1023 5635 om.
1043 5587 1065 5634 V
1166 5587 1196 5637 31
1218 5589 1263 5637 sed
1274 5586 1431 5656 praeteritis]
1452 5588 1528 5651 ΥΓΦ,
1549 5591 1659 5650 superba
1672 5590 1721 5638 erit
1733 5589 1773 5637 his
1785 5602 1837 5649 cpo,
1858 5589 1903 5638 sed
1915 5602 1974 5650 prae
1986 5589 2077 5637 ceteris
2090 5587 2148 5636 Marc

524 5672 556 5722 32
575 5673 728 5722 atheneslln
742 5671 793 5733 Vl',
807 5674 978 5721 athenlssiln
993 5672 1018 5721 Φ
1122 5674 1154 5723 33
1173 5675 1484 5737 quidentmnersnumV
1581 5675 1612 5724 35
1631 5673 1804 5737 proscripta&
1906 5673 1938 5724 36
1956 5671 2120 5723 talesam.l'

523 5760 701 5808 inluminarint
718 5756 755 5826 et]
773 5759 928 5821 Bituniae,
949 5760 1132 5811 inluminareut
1150 5766 1175 5811 et
1193 5760 1223 5823 Γ,
1244 5761 1417 5811 illuminarent
1434 5768 1460 5810 et
1480 5762 1546 5825 (rent
1557 5775 1571 5810 e
1584 5765 1672 5811 incas.
1687 5762 1759 5823 im.)
1779 5760 1800 5808 V
1903 5759 1933 5809 si
1952 5759 2109 5822 pelurldibns
2128 5756 2154 5807 Γ
