4746 6472
1088 489 1284 547 subudum
1302 485 1516 547 EPISTVLAE

1035 852 1126 917 nxx
1146 851 1319 934 (navum
1353 858 1429 917 aas
1443 873 1474 918 a.
1495 856 1568 918 aas.

408 1007 474 1069 Pr
579 1034 583 1043 -
957 1006 1216 1072 sruuuonvs
1239 973 1457 1074 naumann
1479 1008 1646 1073 rmum.

575 1179 793 1245 Humanitatis
817 1179 951 1245 interest
972 1178 1279 1264 commendationem
1303 1178 1429 1245 deferre
1450 1180 1666 1265 poscentibus,
1691 1180 1725 1244 in
1741 1180 1884 1245 Zenobio
1908 1187 2016 1244 autem
2038 1180 2115 1245 talis

489 1281 587 1348 oflicii
617 1301 717 1348 causa
746 1281 936 1366 propensior
964 1288 1030 1363 est,
1064 1302 1135 1347 cum
1167 1281 1210 1346 sit
1238 1282 1408 1347 familiaris
1437 1303 1526 1348 meus
1548 1290 1644 1366 atque
1666 1283 1740 1348 ideo
1762 1282 1811 1347 illi
1834 1282 1988 1349 debeatur
2009 1282 2115 1368 potius

489 1406 585 1469 quam
615 1390 794 1469 praestetur
823 1383 974 1449 adfectio,
1021 1383 1097 1449 huic
1112 1384 1334 1469 'patrocinium
1362 1434 1512 1450 ......
1538 1385 1584 1450 tui
1608 1385 1700 1470 cupio
1722 1384 1903 1469 provenire.
1948 1405 2022 1449 nam
2049 1384 2151 1469 pri-⁵

490 1509 577 1553 mum
600 1495 660 1569 est,
687 1494 722 1552 ut
744 1508 815 1553 meo
838 1488 991 1571 suffragio
1007 1487 1172 1571 diligatur,
1199 1488 1373 1554 secundum
1391 1488 1460 1569 erit,
1486 1495 1521 1553 ut
1536 1507 1595 1554 sua
1610 1488 1778 1555 honestate
1792 1488 1992 1573 conplaceat.
2029 1488 2112 1552 vale.

1055 1796 1163 1862 LXXI
1184 1797 1294 1882 (LXX)
1329 1805 1403 1863 aute
1419 1820 1450 1862 a.
1470 1802 1543 1862 395.

956 1951 1216 2018 SYMMAOHVS
1238 1951 1455 2018 FLAVIANO
1477 1953 1647 2018 FRATRI.

576 2124 805 2206 Considamus,
831 2124 909 2206 quid
932 2124 1010 2189 mihi
1031 2123 1149 2190 amoris
1173 2124 1315 2209 digneris
1337 2124 1524 2209 inpendere,
1550 2124 1685 2190 arbitror
1700 2123 1836 2208 Cyriaco
1855 2122 2029 2189 domestico
2045 2143 2116 2188 meo

489 2229 549 2293 has
572 2228 695 2293 litteras
718 2227 910 2313 profuturas,
936 2227 1054 2311 quibus
1075 2230 1206 2311 quaeso,
1234 2234 1269 2292 ut
1290 2227 1546 2293 commoditatem
1570 2227 1640 2293 eius
1662 2234 1806 2312 prompto
1822 2228 1932 2292 favore
1948 2225 2113 2311 respicias.
2138 2247 2171 2287 ro

1040 2536 1165 2600 LXXII
1185 2536 1311 2621 (LXXI)
1346 2543 1420 2602 ante
1435 2557 1466 2602 a.
1486 2540 1560 2603 395.

438 2693 470 2754 r>
676 2650 698 2739 s
956 2689 1215 2755 sruuuonvs
1238 2689 1456 2755 urrunnun
1478 2691 1648 2756 nauum.

574 2864 629 2929 Vir
658 2862 855 2929 clarissimus
878 2863 1057 2928 Honoratus
1087 2882 1158 2927 cum
1188 2861 1300 2947 primis
1328 2862 1407 2928 milri
1437 2863 1523 2930 vitae
1552 2863 1793 2948 honestatisque
1823 2864 2022 2949 conplacitus
2052 2870 2113 2928 est.

487 2968 582 3033 credo
604 2966 756 3032 iudicium
779 2986 885 3031 meurn
908 2966 966 3032 tibi
988 2964 1195 3051 aspernabile
1218 2985 1280 3030 uon
1303 2966 1416 3033 videri.
1462 2966 1498 3032 id
1521 2967 1549 3032 si
1572 2967 1618 3032 ita
1640 2966 1690 3033 est
1711 2987 1816 3050 neque
1838 2988 1890 3032 me
1914 2964 2022 3051 opinio
2047 2965 2117 3031 fru-

488 3071 600 3136 stratui
624 3069 731 3149 habet,
757 3069 897 3135 futurum
921 3089 1002 3151 reor,
1028 3075 1063 3134 nt
1085 3090 1126 3135 er
1147 3069 1374 3154 praerogativa
1394 3069 1488 3134 istius
1507 3070 1679 3135 testimonii
1695 3071 1737 3135 ad
1752 3068 2004 3135 familiaritatem
2019 3088 2115 3153 prae-
2137 3089 2169 3128 ra

489 3173 597 3238 clarae
619 3170 839 3237 unanimitatis
861 3177 936 3236 tuae
958 3168 1051 3255 quasi
1072 3170 1130 3236 tibi
1153 3169 1250 3236 etiam
1274 3170 1387 3237 sedulo
1410 3178 1572 3256 spectatus
1595 3173 1739 3238 accedat.
1787 3172 1870 3237 vale.

1023 3480 1164 3546 LXXIII
1184 3481 1327 3566 (LXXII)
1362 3488 1437 3547 ante
1453 3503 1483 3547 a.
1503 3486 1578 3547 395.

409 3638 474 3700 PF
957 3636 1216 3702 SYMMAOHVS
1238 3637 1455 3704 FLAVIANO
1478 3638 1648 3703 FRATRI.

576 3809 726 3875 Delectat
754 3827 811 3875 eos
839 3808 1024 3891 frequenter
1048 3806 1170 3889 adfari,
1202 3827 1336 3891 quorum
1358 3809 1499 3875 animum
1521 3809 1585 3875 mei
1607 3815 1769 3874 amantem
1793 3807 1992 3873 documentis
2014 3808 2118 3873 habeo

491 3913 731 3997 conprobatum.
778 3931 858 3995 cape
886 3911 986 3995 igitur
1015 3910 1139 3976 litteras
1168 3930 1274 3993 meas,
1309 3930 1390 3994 quas
1420 3911 1495 3977 ideo
1525 3911 1664 3977 libenter
1693 3911 1819 3990 emitto,
1853 3910 1929 3991 quia
1950 3910 2117 3992 religionis
2137 3926 2169 3967 πο

490 4023 565 4082 tuae
586 4014 727 4081 vicissim
750 4034 866 4100 pascor
887 4013 1060 4097 adloquiis.
1106 4033 1189 4098 quae
1212 4032 1263 4080 res
1285 4034 1401 4080 acuere
1423 4014 1520 4080 debet
1541 4014 1583 4080 ad
1604 4014 1711 4080 officia
1733 4013 1938 4099 promptiora,
1965 4033 2035 4078 curn
2059 4011 2117 4078 tibi

490 4118 685 4184 incommodi
708 4117 828 4184 fenoris
850 4116 971 4201 largior
992 4137 1091 4183 usura
1113 4118 1315 4203 respoudeat.
1363 4119 1447 4183 vale.

1009 4426 1165 4491 nxxnn
1184 4426 1344 4508 (anxur)
1384 4432 1505 4491 antea.
1524 4429 1596 4491 aaa.

959 4579 1219 4645 srumonvs
1241 4568 1459 4646 nunvrlno
1481 4579 1650 4644 narrar.
1758 4546 1763 4552 ’

579 4756 823 4821 Valentinianus
845 4760 1003 4840 protector
1024 4752 1145 4818 dudum
1167 4751 1343 4836 patrocinio
1367 4751 1514 4816 culminis
1537 4750 1583 4816 tui
1606 4770 1664 4835 per
1685 4770 1736 4815 me
1758 4750 1896 4815 traditus
1911 4748 2016 4832 adque
2033 4769 2120 4813 com·
2139 4769 2170 4809 us

493 4860 611 4924 missus
639 4857 822 4924 domesticis
850 4856 1115 4942 occupationibus
1145 4854 1305 4920 adtinetur
1334 4862 1429 4938 abque
1459 4854 1532 4918 ideo
1554 4873 1748 4938 magnopere
1771 4853 1915 4939 poposcit
1936 4852 2118 4918 obeundum

493 4962 554 5027 sibi
583 4960 713 5045 aliquod
742 4961 906 5043 negotium
934 4979 992 5046 per
1021 4959 1222 5025 suburbanas
1251 4956 1434 5042 provincias
1461 4956 1636 5041 impetrari.
1684 4975 1800 5038 quare,
1833 4955 1933 5021 decus
1962 4962 2116 5033 nostrum,

493 5064 643 5130 familiari
666 5085 737 5131 meo
760 5061 976 5130 desideratum
999 5081 1115 5128 munus
1137 5062 1261 5128 excude
1283 5068 1340 5126 aut
1361 5061 1498 5145 impetra
1520 5065 1749 5138 commeatum,
1783 5078 1846 5141 quo
1868 5059 1971 5142 possit
1992 5079 2013 5121 a
2034 5057 2120 5122 mili-

493 5167 554 5233 tari
576 5175 652 5233 nota
673 5168 733 5234 sub
756 5167 817 5232 hac
838 5165 1063 5250 impetratione
1086 5164 1228 5231 defendi.
1276 5164 1362 5229 vale,

581 5532 596 5582 2
614 5547 662 5581 om.
679 5532 702 5578 F
801 5529 818 5579 4
836 5531 897 5579 adeo
919 5529 954 5589 (Γ
956 5536 962 5591 l
1072 5533 1086 5579 5
1106 5530 1273 5592 patrocinium
1292 5530 1328 5575 tul
1344 5527 1394 5587 PF,
1415 5530 1533 5575 lacunam
1551 5525 1668 5585 iudicavi,
1689 5524 1748 5585 sort.
1771 5525 1890 5574 culminis
1908 5525 1947 5572 tul
1965 5530 1993 5570 ul
2011 5524 2047 5581 11,
2069 5526 2101 5570 74

581 5618 701 5667 ΘονῐΗ1
801 5606 941 5666 9Irbltror
959 5633 1022 5666 corr.
1042 5632 1071 5664 cx
1089 5617 1179 5665 arbitro
1199 5615 1244 5663 1³1
1260 5631 1293 5662 m.
1400 5614 1531 5685 clrIemF'

584 5704 615 5754 18
633 5705 720 5753 σπι]
822 5703 855 5753 22
872 5699 1035 5768 Incommodl]
1054 5703 1101 5750 Pl
1116 5719 1149 5750 m.
1165 5701 1220 5761 Illi,
1241 5704 1268 5750 iu
1287 5700 1411 5750 commodo
1431 5699 1536 5761 Pam,
1556 5701 1584 5748 in
1603 5699 1730 5748 commoda
1747 5699 1770 5745 F

580 5788 803 5839 acessionem
