<?xml version="1.0" encoding="UTF-8"?>
<!DOCTYPE html PUBLIC "-//W3C//DTD XHTML 1.0 Transitional//EN"
    "http://www.w3.org/TR/xhtml1/DTD/xhtml1-transitional.dtd">
<html xmlns="http://www.w3.org/1999/xhtml" xml:lang="en" lang="en">
 <head>
  <title>
</title>
<meta http-equiv="Content-Type" content="text/html;charset=utf-8" />
  <meta name='ocr-system' content='tesseract 3.04.00' />
  <meta name='ocr-capabilities' content='ocr_page ocr_carea ocr_par ocr_line ocrx_word'/>
</head>
<body>
  <div class='ocr_page' id='page_1' title='image "./qaureliisymmach00seecgoog_0453.png"; bbox 0 0 4716 6476; ppageno 0'>
   <div class='ocr_carea' id='block_1_1' title="bbox 1110 480 1537 539">
    <p class='ocr_par' dir='ltr' id='par_1_1' title="bbox 1110 480 1537 539">
     <span class='ocr_line' id='line_1_1' title="bbox 1110 480 1537 539; baseline 0.005 -4"><span class='ocrx_word' id='word_1_1' title='bbox 1110 480 1309 537; x_wconf 74' lang='lat' dir='ltr'><strong>suusncfll</strong></span> <span class='ocrx_word' id='word_1_2' title='bbox 1326 480 1537 539; x_wconf 83' lang='lat' dir='ltr'><strong>EPISTVLAE</strong></span> 
     </span>
    </p>
   </div>
   <div class='ocr_carea' id='block_1_2' title="bbox 1134 844 1507 1049">
    <p class='ocr_par' dir='ltr' id='par_1_2' title="bbox 1134 844 1507 1049">
     <span class='ocr_line' id='line_1_2' title="bbox 1152 844 1492 926; baseline 0 -17"><span class='ocrx_word' id='word_1_3' title='bbox 1152 845 1304 909; x_wconf 83' lang='lat' dir='ltr'><strong>uxvurr</strong></span> <span class='ocrx_word' id='word_1_4' title='bbox 1325 844 1492 926; x_wconf 68' lang='lat' dir='ltr'><strong>rnxvun.</strong></span> 
     </span>
     <span class='ocr_line' id='line_1_3' title="bbox 1134 982 1507 1049; baseline 0 -3"><span class='ocrx_word' id='word_1_5' title='bbox 1134 982 1194 1046; x_wconf 79' lang='lat' dir='ltr'><strong>An</strong></span> <span class='ocrx_word' id='word_1_6' title='bbox 1218 982 1507 1049; x_wconf 74' lang='lat' dir='ltr'><strong>ratramnum.</strong></span> 
     </span>
    </p>
   </div>
   <div class='ocr_carea' id='block_1_3' title="bbox 509 1153 2185 1963">
    <p class='ocr_par' dir='ltr' id='par_1_3' title="bbox 509 1153 2185 1963">
     <span class='ocr_line' id='line_1_4' title="bbox 597 1153 2137 1226; baseline -0.001 -1"><span class='ocrx_word' id='word_1_7' title='bbox 597 1158 757 1225; x_wconf 89' lang='lat' dir='ltr'><strong>Rusticari</strong></span> <span class='ocrx_word' id='word_1_8' title='bbox 785 1166 817 1224; x_wconf 90' lang='lat' dir='ltr'><strong>te</strong></span> <span class='ocrx_word' id='word_1_9' title='bbox 843 1157 967 1223; x_wconf 86' lang='lat' dir='ltr'><strong>adseris</strong></span> <span class='ocrx_word' id='word_1_10' title='bbox 990 1163 1023 1221; x_wconf 87' lang='lat' dir='ltr'><strong>et</strong></span> <span class='ocrx_word' id='word_1_11' title='bbox 1044 1153 1202 1220; x_wconf 79' lang='lat' dir='ltr'><strong>ducendis</strong></span> <span class='ocrx_word' id='word_1_12' title='bbox 1225 1153 1343 1218; x_wconf 90' lang='lat' dir='ltr'><strong>vitibus</strong></span> <span class='ocrx_word' id='word_1_13' title='bbox 1366 1162 1421 1219; x_wconf 92' lang='lat' dir='ltr'><strong>aut</strong></span> <span class='ocrx_word' id='word_1_14' title='bbox 1443 1154 1609 1222; x_wconf 74' lang='lat' dir='ltr'>arboribus</span> <span class='ocrx_word' id='word_1_15' title='bbox 1630 1156 1812 1225; x_wconf 80' lang='lat' dir='ltr'>inserendis</span> <span class='ocrx_word' id='word_1_16' title='bbox 1834 1159 1966 1226; x_wconf 89' lang='lat' dir='ltr'><strong>crudam</strong></span> <span class='ocrx_word' id='word_1_17' title='bbox 1989 1165 2137 1224; x_wconf 90' lang='lat' dir='ltr'><strong>senectu-</strong></span> 
     </span>
     <span class='ocr_line' id='line_1_5' title="bbox 509 1257 2134 1342; baseline -0.004 -9"><span class='ocrx_word' id='word_1_18' title='bbox 509 1274 575 1333; x_wconf 89' lang='lat' dir='ltr'><strong>tem</strong></span> <span class='ocrx_word' id='word_1_19' title='bbox 605 1262 725 1329; x_wconf 87' lang='lat' dir='ltr'><strong>fovere.</strong></span> <span class='ocrx_word' id='word_1_20' title='bbox 771 1282 835 1327; x_wconf 93' lang='lat' dir='ltr'><strong>non</strong></span> <span class='ocrx_word' id='word_1_21' title='bbox 865 1261 924 1325; x_wconf 93' lang='lat' dir='ltr'><strong>hoc</strong></span> <span class='ocrx_word' id='word_1_22' title='bbox 952 1259 1080 1324; x_wconf 82' lang='lat' dir='ltr'>litterae</span> <span class='ocrx_word' id='word_1_23' title='bbox 1109 1265 1185 1323; x_wconf 90' lang='lat' dir='ltr'><strong>tuae</strong></span> <span class='ocrx_word' id='word_1_24' title='bbox 1213 1258 1360 1342; x_wconf 85' lang='lat' dir='ltr'><strong>sapiunt,</strong></span> <span class='ocrx_word' id='word_1_25' title='bbox 1392 1257 1455 1323; x_wconf 89' lang='lat' dir='ltr'><strong>nisi</strong></span> <span class='ocrx_word' id='word_1_26' title='bbox 1486 1257 1566 1324; x_wconf 84' lang='lat' dir='ltr'><strong>forte</strong></span> <span class='ocrx_word' id='word_1_27' title='bbox 1594 1259 1704 1326; x_wconf 81' lang='lat' dir='ltr'><strong>Gallia</strong></span> <span class='ocrx_word' id='word_1_28' title='bbox 1733 1268 1790 1327; x_wconf 90' lang='lat' dir='ltr'><strong>tna</strong></span> <span class='ocrx_word' id='word_1_29' title='bbox 1817 1262 1927 1328; x_wconf 76' lang='lat' dir='ltr'><strong>dedus</strong></span> <span class='ocrx_word' id='word_1_30' title='bbox 1955 1261 2134 1328; x_wconf 88' lang='lat' dir='ltr'><strong>Heliconis.</strong></span> 
     </span>
     <span class='ocr_line' id='line_1_6' title="bbox 510 1360 2170 1447; baseline -0.006 -13"><span class='ocrx_word' id='word_1_31' title='bbox 510 1369 593 1434; x_wconf 91' lang='lat' dir='ltr'><strong>alios</strong></span> <span class='ocrx_word' id='word_1_32' title='bbox 616 1367 722 1431; x_wconf 87' lang='lat' dir='ltr'><strong>sulcos</strong></span> <span class='ocrx_word' id='word_1_33' title='bbox 744 1365 819 1430; x_wconf 93' lang='lat' dir='ltr'><strong>stilo</strong></span> <span class='ocrx_word' id='word_1_34' title='bbox 840 1364 1051 1441; x_wconf 85' lang='lat' dir='ltr'><strong>intermoves,</strong></span> <span class='ocrx_word' id='word_1_35' title='bbox 1085 1360 1167 1426; x_wconf 89' lang='lat' dir='ltr'><strong>alios</strong></span> <span class='ocrx_word' id='word_1_36' title='bbox 1189 1360 1317 1426; x_wconf 83' lang='lat' dir='ltr'><strong>ordines</strong></span> <span class='ocrx_word' id='word_1_37' title='bbox 1340 1361 1466 1446; x_wconf 81' lang='lat' dir='ltr'><strong>pangis.</strong></span> <span class='ocrx_word' id='word_1_38' title='bbox 1515 1382 1576 1446; x_wconf 84' lang='lat' dir='ltr'><strong>ego</strong></span> <span class='ocrx_word' id='word_1_39' title='bbox 1598 1371 1723 1445; x_wconf 84' lang='lat' dir='ltr'><strong>auteur,</strong></span> <span class='ocrx_word' id='word_1_40' title='bbox 1750 1365 1902 1447; x_wconf 90' lang='lat' dir='ltr'><strong>quoniam</strong></span> <span class='ocrx_word' id='word_1_41' title='bbox 1925 1365 2006 1431; x_wconf 88' lang='lat' dir='ltr'><strong>scire</strong></span> <span class='ocrx_word' id='word_1_42' title='bbox 2028 1372 2170 1430; x_wconf 74' lang='lat' dir='ltr'><strong>nostras</strong></span> 
     </span>
     <span class='ocr_line' id='line_1_7' title="bbox 511 1463 2137 1552; baseline -0.004 -14"><span class='ocrx_word' id='word_1_43' title='bbox 511 1470 695 1549; x_wconf 79' lang='lat' dir='ltr'><strong>desideras,</strong></span> <span class='ocrx_word' id='word_1_44' title='bbox 729 1468 763 1533; x_wconf 94' lang='lat' dir='ltr'><strong>in</strong></span> <span class='ocrx_word' id='word_1_45' title='bbox 792 1466 953 1532; x_wconf 88' lang='lat' dir='ltr'><strong>domicilio</strong></span> <span class='ocrx_word' id='word_1_46' title='bbox 977 1465 1115 1529; x_wconf 82' lang='lat' dir='ltr'><strong>Latiaris</strong></span> <span class='ocrx_word' id='word_1_47' title='bbox 1144 1463 1317 1530; x_wconf 82' lang='lat' dir='ltr'><strong>facundiae</strong></span> <span class='ocrx_word' id='word_1_48' title='bbox 1346 1464 1411 1531; x_wconf 90' lang='lat' dir='ltr'><strong>ctio</strong></span> <span class='ocrx_word' id='word_1_49' title='bbox 1441 1471 1474 1530; x_wconf 90' lang='lat' dir='ltr'><strong>et</strong></span> <span class='ocrx_word' id='word_1_50' title='bbox 1501 1465 1608 1533; x_wconf 89' lang='lat' dir='ltr'><strong>studio</strong></span> <span class='ocrx_word' id='word_1_51' title='bbox 1636 1473 1758 1552; x_wconf 82' lang='lat' dir='ltr'><strong>torpeo.</strong></span> <span class='ocrx_word' id='word_1_52' title='bbox 1806 1467 1851 1533; x_wconf 91' lang='lat' dir='ltr'><strong>dii</strong></span> <span class='ocrx_word' id='word_1_53' title='bbox 1882 1467 2005 1534; x_wconf 90' lang='lat' dir='ltr'><strong>dabunt</strong></span> <span class='ocrx_word' id='word_1_54' title='bbox 2031 1467 2137 1533; x_wconf 87' lang='lat' dir='ltr'><strong>incre-</strong></span> 
     </span>
     <span class='ocr_line' id='line_1_8' title="bbox 510 1566 2136 1654; baseline -0.002 -16"><span class='ocrx_word' id='word_1_55' title='bbox 510 1581 620 1640; x_wconf 87' lang='lat' dir='ltr'><strong>menta</strong></span> <span class='ocrx_word' id='word_1_56' title='bbox 640 1591 796 1637; x_wconf 88' lang='lat' dir='ltr'><strong>annorum</strong></span> <span class='ocrx_word' id='word_1_57' title='bbox 818 1570 952 1654; x_wconf 86' lang='lat' dir='ltr'><strong>parvulo</strong></span> <span class='ocrx_word' id='word_1_58' title='bbox 974 1589 1057 1633; x_wconf 88' lang='lat' dir='ltr'><strong>meo.</strong></span> <span class='ocrx_word' id='word_1_59' title='bbox 1103 1567 1176 1652; x_wconf 90' lang='lat' dir='ltr'><strong>ipse</strong></span> <span class='ocrx_word' id='word_1_60' title='bbox 1198 1586 1249 1633; x_wconf 90' lang='lat' dir='ltr'><strong>me</strong></span> <span class='ocrx_word' id='word_1_61' title='bbox 1271 1566 1418 1652; x_wconf 85' lang='lat' dir='ltr'><strong>praefata</strong></span> <span class='ocrx_word' id='word_1_62' title='bbox 1441 1568 1601 1634; x_wconf 82' lang='lat' dir='ltr'><strong>Fortunae</strong></span> <span class='ocrx_word' id='word_1_63' title='bbox 1623 1570 1720 1636; x_wconf 88' lang='lat' dir='ltr'><strong>venia</strong></span> <span class='ocrx_word' id='word_1_64' title='bbox 1740 1570 1785 1637; x_wconf 90' lang='lat' dir='ltr'><strong>ad</strong></span> <span class='ocrx_word' id='word_1_65' title='bbox 1806 1570 1984 1637; x_wconf 89' lang='lat' dir='ltr'><strong>studiorum</strong></span> <span class='ocrx_word' id='word_1_66' title='bbox 2007 1590 2136 1636; x_wconf 91' lang='lat' dir='ltr'><strong>suornm</strong></span> 
     </span>
     <span class='ocr_line' id='line_1_9' title="bbox 511 1670 2136 1755; baseline -0.003 -13"><span class='ocrx_word' id='word_1_67' title='bbox 511 1676 698 1743; x_wconf 89' lang='lat' dir='ltr'><strong>societatem</strong></span> <span class='ocrx_word' id='word_1_68' title='bbox 730 1673 870 1739; x_wconf 83' lang='lat' dir='ltr'><strong>vocabit.</strong></span> <span class='ocrx_word' id='word_1_69' title='bbox 922 1672 1046 1737; x_wconf 88' lang='lat' dir='ltr'><strong>interca</strong></span> <span class='ocrx_word' id='word_1_70' title='bbox 1079 1670 1300 1753; x_wconf 83' lang='lat' dir='ltr'><strong>frequentibus</strong></span> <span class='ocrx_word' id='word_1_71' title='bbox 1333 1671 1480 1755; x_wconf 87' lang='lat' dir='ltr'><strong>epistulis</strong></span> <span class='ocrx_word' id='word_1_72' title='bbox 1513 1671 1672 1738; x_wconf 89' lang='lat' dir='ltr'><strong>desidiam</strong></span> <span class='ocrx_word' id='word_1_73' title='bbox 1705 1692 1810 1739; x_wconf 89' lang='lat' dir='ltr'><strong>meam</strong></span> <span class='ocrx_word' id='word_1_74' title='bbox 1844 1673 1985 1738; x_wconf 72' lang='lat' dir='ltr'><strong>stimula,</strong></span> <span class='ocrx_word' id='word_1_75' title='bbox 2039 1692 2136 1737; x_wconf 89' lang='lat' dir='ltr'><strong>unum</strong></span> 
     </span>
     <span class='ocr_line' id='line_1_10' title="bbox 510 1775 2136 1864; baseline -0.003 -19"><span class='ocrx_word' id='word_1_76' title='bbox 510 1779 630 1864; x_wconf 90' lang='lat' dir='ltr'><strong>quippe</strong></span> <span class='ocrx_word' id='word_1_77' title='bbox 652 1778 714 1843; x_wconf 89' lang='lat' dir='ltr'><strong>hoc</strong></span> <span class='ocrx_word' id='word_1_78' title='bbox 735 1776 913 1842; x_wconf 89' lang='lat' dir='ltr'><strong>litteramm</strong></span> <span class='ocrx_word' id='word_1_79' title='bbox 936 1794 1039 1858; x_wconf 83' lang='lat' dir='ltr'><strong>genus</strong></span> <span class='ocrx_word' id='word_1_80' title='bbox 1061 1780 1208 1860; x_wconf 86' lang='lat' dir='ltr'><strong>superest</strong></span> <span class='ocrx_word' id='word_1_81' title='bbox 1230 1780 1302 1857; x_wconf 92' lang='lat' dir='ltr'><strong>post</strong></span> <span class='ocrx_word' id='word_1_82' title='bbox 1324 1793 1452 1840; x_wconf 88' lang='lat' dir='ltr'><strong>amaros</strong></span> <span class='ocrx_word' id='word_1_83' title='bbox 1474 1795 1569 1840; x_wconf 90' lang='lat' dir='ltr'><strong>casus</strong></span> <span class='ocrx_word' id='word_1_84' title='bbox 1592 1776 1769 1842; x_wconf 88' lang='lat' dir='ltr'><strong>orationum</strong></span> <span class='ocrx_word' id='word_1_85' title='bbox 1792 1796 1944 1857; x_wconf 73' lang='lat' dir='ltr'><strong>mmmm,</strong></span> <span class='ocrx_word' id='word_1_86' title='bbox 1975 1775 2063 1859; x_wconf 90' lang='lat' dir='ltr'><strong>quod</strong></span> <span class='ocrx_word' id='word_1_87' title='bbox 2085 1794 2136 1840; x_wconf 89' lang='lat' dir='ltr'><strong>me</strong></span> 
     </span>
     <span class='ocr_line' id='line_1_11' title="bbox 510 1877 2185 1963; baseline -0.012 -13"><span class='ocrx_word' id='word_1_88' title='bbox 510 1882 554 1950; x_wconf 87' lang='lat' dir='ltr'><strong>ad</strong></span> <span class='ocrx_word' id='word_1_89' title='bbox 575 1902 669 1948; x_wconf 92' lang='lat' dir='ltr'><strong>usum</strong></span> <span class='ocrx_word' id='word_1_90' title='bbox 692 1878 854 1946; x_wconf 87' lang='lat' dir='ltr'><strong>scribendi</strong></span> <span class='ocrx_word' id='word_1_91' title='bbox 877 1878 980 1963; x_wconf 90' lang='lat' dir='ltr'><strong>possit</strong></span> <span class='ocrx_word' id='word_1_92' title='bbox 1000 1877 1154 1943; x_wconf 90' lang='lat' dir='ltr'><strong>adlicere.</strong></span> <span class='ocrx_word' id='word_1_93' title='bbox 2157 1898 2185 1939; x_wconf 63' lang='grc' dir='ltr'><strong>μ,</strong></span> 
     </span>
    </p>
   </div>
   <div class='ocr_carea' id='block_1_4' title="bbox 1170 2118 1473 2321">
    <p class='ocr_par' dir='ltr' id='par_1_4' title="bbox 1170 2118 1473 2321">
     <span class='ocr_line' id='line_1_12' title="bbox 1172 2118 1471 2202; baseline 0.003 -19"><span class='ocrx_word' id='word_1_94' title='bbox 1172 2118 1263 2183; x_wconf 84' lang='lat' dir='ltr'><strong>nxx</strong></span> <span class='ocrx_word' id='word_1_95' title='bbox 1283 2118 1471 2202; x_wconf 69' lang='lat' dir='ltr'><strong>(namur).</strong></span> 
     </span>
     <span class='ocr_line' id='line_1_13' title="bbox 1170 2255 1473 2321; baseline 0 -1"><span class='ocrx_word' id='word_1_96' title='bbox 1170 2256 1229 2321; x_wconf 79' lang='lat' dir='ltr'><strong>An</strong></span> <span class='ocrx_word' id='word_1_97' title='bbox 1251 2255 1473 2321; x_wconf 77' lang='lat' dir='ltr'><strong>scurnum.</strong></span> 
     </span>
    </p>
   </div>
   <div class='ocr_carea' id='block_1_5' title="bbox 508 2427 2186 3030">
    <p class='ocr_par' dir='ltr' id='par_1_5' title="bbox 508 2427 2186 3030">
     <span class='ocr_line' id='line_1_14' title="bbox 596 2427 2135 2513; baseline 0.001 -18"><span class='ocrx_word' id='word_1_98' title='bbox 596 2431 690 2497; x_wconf 89' lang='lat' dir='ltr'><strong>Nunc</strong></span> <span class='ocrx_word' id='word_1_99' title='bbox 711 2429 839 2495; x_wconf 89' lang='lat' dir='ltr'><strong>demum</strong></span> <span class='ocrx_word' id='word_1_100' title='bbox 861 2427 968 2495; x_wconf 90' lang='lat' dir='ltr'><strong>adfluo</strong></span> <span class='ocrx_word' id='word_1_101' title='bbox 990 2428 1167 2513; x_wconf 85' lang='lat' dir='ltr'><strong>voluptate,</strong></span> <span class='ocrx_word' id='word_1_102' title='bbox 1195 2427 1281 2511; x_wconf 85' lang='lat' dir='ltr'><strong>quod</strong></span> <span class='ocrx_word' id='word_1_103' title='bbox 1302 2434 1334 2493; x_wconf 87' lang='lat' dir='ltr'><strong>te</strong></span> <span class='ocrx_word' id='word_1_104' title='bbox 1358 2447 1505 2493; x_wconf 91' lang='lat' dir='ltr'><strong>curarum</strong></span> <span class='ocrx_word' id='word_1_105' title='bbox 1528 2449 1664 2495; x_wconf 89' lang='lat' dir='ltr'><strong>vacuum</strong></span> <span class='ocrx_word' id='word_1_106' title='bbox 1686 2431 1859 2507; x_wconf 85' lang='lat' dir='ltr'><strong>nuntiasti,</strong></span> <span class='ocrx_word' id='word_1_107' title='bbox 1884 2451 1959 2496; x_wconf 89' lang='lat' dir='ltr'><strong>nam</strong></span> <span class='ocrx_word' id='word_1_108' title='bbox 1982 2451 2035 2497; x_wconf 91' lang='lat' dir='ltr'><strong>me</strong></span> <span class='ocrx_word' id='word_1_109' title='bbox 2056 2431 2135 2497; x_wconf 89' lang='lat' dir='ltr'><strong>hac-</strong></span> 
     </span>
     <span class='ocr_line' id='line_1_15' title="bbox 509 2531 2134 2619; baseline -0.001 -18"><span class='ocrx_word' id='word_1_110' title='bbox 509 2543 603 2602; x_wconf 91' lang='lat' dir='ltr'><strong>teuus</strong></span> <span class='ocrx_word' id='word_1_111' title='bbox 626 2554 730 2600; x_wconf 88' lang='lat' dir='ltr'><strong>rerum</strong></span> <span class='ocrx_word' id='word_1_112' title='bbox 752 2540 879 2598; x_wconf 89' lang='lat' dir='ltr'><strong>tuamm</strong></span> <span class='ocrx_word' id='word_1_113' title='bbox 902 2531 1081 2598; x_wconf 88' lang='lat' dir='ltr'><strong>amaritudo</strong></span> <span class='ocrx_word' id='word_1_114' title='bbox 1103 2531 1282 2597; x_wconf 87' lang='lat' dir='ltr'><strong>mordebat.</strong></span> <span class='ocrx_word' id='word_1_115' title='bbox 1321 2531 1431 2614; x_wconf 90' lang='lat' dir='ltr'><strong>itaque</strong></span> <span class='ocrx_word' id='word_1_116' title='bbox 1456 2532 1571 2598; x_wconf 90' lang='lat' dir='ltr'><strong>salutis</strong></span> <span class='ocrx_word' id='word_1_117' title='bbox 1593 2534 1761 2618; x_wconf 87' lang='lat' dir='ltr'><strong>praesides</strong></span> <span class='ocrx_word' id='word_1_118' title='bbox 1783 2533 1862 2600; x_wconf 87' lang='lat' dir='ltr'><strong>deos</strong></span> <span class='ocrx_word' id='word_1_119' title='bbox 1884 2553 2068 2619; x_wconf 85' lang='lat' dir='ltr'><strong>conprecor,</strong></span> <span class='ocrx_word' id='word_1_120' title='bbox 2094 2554 2134 2599; x_wconf 89' lang='lat' dir='ltr'><strong>ne</strong></span> 
     </span>
     <span class='ocr_line' id='line_1_16' title="bbox 510 2633 2186 2722; baseline -0.001 -19"><span class='ocrx_word' id='word_1_121' title='bbox 510 2657 661 2721; x_wconf 89' lang='lat' dir='ltr'><strong>umquam</strong></span> <span class='ocrx_word' id='word_1_122' title='bbox 691 2635 829 2722; x_wconf 80' lang='lat' dir='ltr'><strong>paginas</strong></span> <span class='ocrx_word' id='word_1_123' title='bbox 858 2642 932 2701; x_wconf 90' lang='lat' dir='ltr'><strong>tuas</strong></span> <span class='ocrx_word' id='word_1_124' title='bbox 960 2654 1051 2700; x_wconf 91' lang='lat' dir='ltr'><strong>mens</strong></span> <span class='ocrx_word' id='word_1_125' title='bbox 1079 2633 1179 2698; x_wconf 89' lang='lat' dir='ltr'><strong>tristis</strong></span> <span class='ocrx_word' id='word_1_126' title='bbox 1209 2633 1359 2700; x_wconf 85' lang='lat' dir='ltr'><strong>infuscet.</strong></span> <span class='ocrx_word' id='word_1_127' title='bbox 1405 2633 1529 2700; x_wconf 89' lang='lat' dir='ltr'><strong>interea</strong></span> <span class='ocrx_word' id='word_1_128' title='bbox 1558 2636 1678 2703; x_wconf 86' lang='lat' dir='ltr'><strong>talibus</strong></span> <span class='ocrx_word' id='word_1_129' title='bbox 1707 2636 1823 2703; x_wconf 89' lang='lat' dir='ltr'><strong>litteris</strong></span> <span class='ocrx_word' id='word_1_130' title='bbox 1852 2637 1991 2722; x_wconf 90' lang='lat' dir='ltr'><strong>pretinm</strong></span> <span class='ocrx_word' id='word_1_131' title='bbox 2020 2655 2186 2720; x_wconf 74' lang='lat' dir='ltr'><strong>repen-1⁵</strong></span> 
     </span>
     <span class='ocr_line' id='line_1_17' title="bbox 510 2736 2136 2822; baseline -0.002 -16"><span class='ocrx_word' id='word_1_132' title='bbox 510 2740 650 2806; x_wconf 91' lang='lat' dir='ltr'><strong>dendum</strong></span> <span class='ocrx_word' id='word_1_133' title='bbox 680 2746 746 2817; x_wconf 87' lang='lat' dir='ltr'><strong>est;</strong></span> <span class='ocrx_word' id='word_1_134' title='bbox 779 2759 879 2822; x_wconf 88' lang='lat' dir='ltr'><strong>quare</strong></span> <span class='ocrx_word' id='word_1_135' title='bbox 909 2736 1051 2803; x_wconf 88' lang='lat' dir='ltr'><strong>vicissim</strong></span> <span class='ocrx_word' id='word_1_136' title='bbox 1081 2756 1188 2815; x_wconf 88' lang='lat' dir='ltr'><strong>sume,</strong></span> <span class='ocrx_word' id='word_1_137' title='bbox 1222 2757 1284 2819; x_wconf 90' lang='lat' dir='ltr'><strong>quo</strong></span> <span class='ocrx_word' id='word_1_138' title='bbox 1314 2737 1355 2803; x_wconf 91' lang='lat' dir='ltr'><strong>de</strong></span> <span class='ocrx_word' id='word_1_139' title='bbox 1383 2758 1435 2803; x_wconf 91' lang='lat' dir='ltr'><strong>me</strong></span> <span class='ocrx_word' id='word_1_140' title='bbox 1464 2738 1620 2821; x_wconf 85' lang='lat' dir='ltr'><strong>gaudeas.</strong></span> <span class='ocrx_word' id='word_1_141' title='bbox 1668 2739 1702 2805; x_wconf 94' lang='lat' dir='ltr'><strong>in</strong></span> <span class='ocrx_word' id='word_1_142' title='bbox 1727 2740 1810 2805; x_wconf 93' lang='lat' dir='ltr'><strong>bono</strong></span> <span class='ocrx_word' id='word_1_143' title='bbox 1833 2746 1919 2805; x_wconf 91' lang='lat' dir='ltr'><strong>statu</strong></span> <span class='ocrx_word' id='word_1_144' title='bbox 1940 2738 2136 2805; x_wconf 86' lang='lat' dir='ltr'><strong>valetudinis</strong></span> 
     </span>
     <span class='ocr_line' id='line_1_18' title="bbox 510 2839 2136 2926; baseline -0.002 -16"><span class='ocrx_word' id='word_1_145' title='bbox 510 2861 620 2910; x_wconf 89' lang='lat' dir='ltr'><strong>sumus</strong></span> <span class='ocrx_word' id='word_1_146' title='bbox 648 2849 682 2909; x_wconf 87' lang='lat' dir='ltr'><strong>st</strong></span> <span class='ocrx_word' id='word_1_147' title='bbox 703 2843 848 2926; x_wconf 85' lang='lat' dir='ltr'><strong>relegere</strong></span> <span class='ocrx_word' id='word_1_148' title='bbox 873 2890 1023 2907; x_wconf 90' lang='grc'><strong>......</strong></span> <span class='ocrx_word' id='word_1_149' title='bbox 1049 2839 1120 2903; x_wconf 92' lang='lat' dir='ltr'><strong>urbi</strong></span> <span class='ocrx_word' id='word_1_150' title='bbox 1143 2839 1322 2924; x_wconf 89' lang='lat' dir='ltr'><strong>propinqua</strong></span> <span class='ocrx_word' id='word_1_151' title='bbox 1344 2840 1546 2906; x_wconf 84' lang='lat' dir='ltr'><strong>meditamur.</strong></span> <span class='ocrx_word' id='word_1_152' title='bbox 1594 2842 1679 2907; x_wconf 90' lang='lat' dir='ltr'><strong>sinat</strong></span> <span class='ocrx_word' id='word_1_153' title='bbox 1700 2841 1848 2909; x_wconf 88' lang='lat' dir='ltr'><strong>fortunae</strong></span> <span class='ocrx_word' id='word_1_154' title='bbox 1870 2841 2055 2926; x_wconf 82' lang='lat' dir='ltr'><strong>benignitas</strong></span> <span class='ocrx_word' id='word_1_155' title='bbox 2077 2842 2136 2907; x_wconf 93' lang='lat' dir='ltr'><strong>hoc</strong></span> 
     </span>
     <span class='ocr_line' id='line_1_19' title="bbox 508 2943 2018 3030; baseline -0.002 -17"><span class='ocrx_word' id='word_1_156' title='bbox 508 2946 672 3013; x_wconf 87' lang='lat' dir='ltr'><strong>internos</strong></span> <span class='ocrx_word' id='word_1_157' title='bbox 694 2964 825 3011; x_wconf 88' lang='lat' dir='ltr'><strong>manere</strong></span> <span class='ocrx_word' id='word_1_158' title='bbox 848 2943 1080 3023; x_wconf 79' lang='lat' dir='ltr'><strong>commercium,</strong></span> <span class='ocrx_word' id='word_1_159' title='bbox 1107 2948 1143 3007; x_wconf 94' lang='lat' dir='ltr'><strong>ut</strong></span> <span class='ocrx_word' id='word_1_160' title='bbox 1164 2943 1326 3027; x_wconf 89' lang='lat' dir='ltr'><strong>prosperis</strong></span> <span class='ocrx_word' id='word_1_161' title='bbox 1349 2943 1477 3028; x_wconf 89' lang='lat' dir='ltr'><strong>scriptis</strong></span> <span class='ocrx_word' id='word_1_162' title='bbox 1499 2963 1655 3030; x_wconf 89' lang='lat' dir='ltr'><strong>responsa</strong></span> <span class='ocrx_word' id='word_1_163' title='bbox 1677 2944 1886 3012; x_wconf 87' lang='lat' dir='ltr'><strong>consentiant.</strong></span> <span class='ocrx_word' id='word_1_164' title='bbox 1932 2945 2018 3017; x_wconf 83' lang='lat' dir='ltr'><strong>vale.</strong></span> 
     </span>
    </p>
   </div>
   <div class='ocr_carea' id='block_1_6' title="bbox 453 3182 2184 3581">
    <p class='ocr_par' dir='ltr' id='par_1_6' title="bbox 453 3182 2184 3581">
     <span class='ocr_line' id='line_1_20' title="bbox 1120 3182 1522 3267; baseline 0.005 -20"><span class='ocrx_word' id='word_1_165' title='bbox 1120 3182 1227 3247; x_wconf 86' lang='lat' dir='ltr'>LXXI</span> <span class='ocrx_word' id='word_1_166' title='bbox 1253 3183 1364 3267; x_wconf 78' lang='lat' dir='ltr'><strong>(Lxx)</strong></span> <span class='ocrx_word' id='word_1_167' title='bbox 1397 3204 1429 3249; x_wconf 89' lang='lat' dir='ltr'><strong>a.</strong></span> <span class='ocrx_word' id='word_1_168' title='bbox 1449 3188 1522 3249; x_wconf 80' lang='lat'>400.</span> 
     </span>
     <span class='ocr_line' id='line_1_21' title="bbox 453 3319 2184 3389; baseline -0.001 -5"><span class='ocrx_word' id='word_1_169' title='bbox 453 3324 489 3384; x_wconf 85' lang='grc' dir='ltr'><em>Π</em></span> <span class='ocrx_word' id='word_1_170' title='bbox 946 3319 1005 3385; x_wconf 85' lang='lat' dir='ltr'><strong>AD</strong></span> <span class='ocrx_word' id='word_1_171' title='bbox 1028 3321 1289 3386; x_wconf 82' lang='lat' dir='ltr'><strong>PRAETVRAM</strong></span> <span class='ocrx_word' id='word_1_172' title='bbox 1311 3321 1482 3387; x_wconf 84' lang='lat' dir='ltr'><strong>MVLTOS</strong></span> <span class='ocrx_word' id='word_1_173' title='bbox 1503 3321 1695 3389; x_wconf 77' lang='lat' dir='ltr'>INVITAT.</span> <span class='ocrx_word' id='word_1_174' title='bbox 2154 3342 2184 3383; x_wconf 83' lang='lat' dir='ltr'><strong>ao</strong></span> 
     </span>
     <span class='ocr_line' id='line_1_22' title="bbox 594 3492 2136 3581; baseline 0.001 -22"><span class='ocrx_word' id='word_1_175' title='bbox 594 3492 744 3559; x_wconf 87' lang='lat' dir='ltr'><strong>Praefato</strong></span> <span class='ocrx_word' id='word_1_176' title='bbox 776 3492 954 3558; x_wconf 88' lang='lat' dir='ltr'><strong>divinitatis</strong></span> <span class='ocrx_word' id='word_1_177' title='bbox 982 3492 1095 3559; x_wconf 87' lang='lat' dir='ltr'><strong>favore</strong></span> <span class='ocrx_word' id='word_1_178' title='bbox 1124 3494 1267 3560; x_wconf 88' lang='lat' dir='ltr'><strong>urbanae</strong></span> <span class='ocrx_word' id='word_1_179' title='bbox 1297 3496 1466 3578; x_wconf 86' lang='lat' dir='ltr'><strong>praeturae</strong></span> <span class='ocrx_word' id='word_1_180' title='bbox 1488 3493 1595 3562; x_wconf 85' lang='lat' dir='ltr'><strong>fasces</strong></span> <span class='ocrx_word' id='word_1_181' title='bbox 1616 3495 1703 3562; x_wconf 89' lang='lat' dir='ltr'><strong>filius</strong></span> <span class='ocrx_word' id='word_1_182' title='bbox 1726 3513 1816 3560; x_wconf 91' lang='lat' dir='ltr'><strong>meus</strong></span> <span class='ocrx_word' id='word_1_183' title='bbox 1838 3496 2053 3581; x_wconf 82' lang='lat' dir='ltr'><strong>Symmachus</strong></span> <span class='ocrx_word' id='word_1_184' title='bbox 2075 3496 2136 3560; x_wconf 87' lang='lat' dir='ltr'><strong>ka·</strong></span> 
     </span>
    </p>
   </div>
   <div class='ocr_carea' id='block_1_7' title="bbox 508 3595 2135 3786">
    <p class='ocr_par' dir='ltr' id='par_1_7' title="bbox 508 3595 2135 3786">
     <span class='ocr_line' id='line_1_23' title="bbox 508 3595 2135 3683; baseline 0.001 -20"><span class='ocrx_word' id='word_1_185' title='bbox 508 3597 615 3663; x_wconf 92' lang='lat' dir='ltr'><strong>lendis</strong></span> <span class='ocrx_word' id='word_1_186' title='bbox 637 3595 795 3661; x_wconf 87' lang='lat' dir='ltr'><strong>Ianuariis</strong></span> <span class='ocrx_word' id='word_1_187' title='bbox 818 3595 977 3661; x_wconf 89' lang='lat' dir='ltr'><strong>sortietur.</strong></span> <span class='ocrx_word' id='word_1_188' title='bbox 1017 3596 1201 3680; x_wconf 88' lang='lat' dir='ltr'><strong>praesentia</strong></span> <span class='ocrx_word' id='word_1_189' title='bbox 1222 3604 1279 3662; x_wconf 90' lang='lat' dir='ltr'><strong>tua</strong></span> <span class='ocrx_word' id='word_1_190' title='bbox 1300 3597 1406 3661; x_wconf 90' lang='lat' dir='ltr'><strong>ornari</strong></span> <span class='ocrx_word' id='word_1_191' title='bbox 1429 3597 1500 3663; x_wconf 90' lang='lat' dir='ltr'><strong>cius</strong></span> <span class='ocrx_word' id='word_1_192' title='bbox 1522 3596 1663 3663; x_wconf 87' lang='lat' dir='ltr'><strong>officium</strong></span> <span class='ocrx_word' id='word_1_193' title='bbox 1686 3597 1878 3682; x_wconf 89' lang='lat' dir='ltr'><strong>participata</strong></span> <span class='ocrx_word' id='word_1_194' title='bbox 1900 3598 2056 3683; x_wconf 90' lang='lat' dir='ltr'><strong>petitione</strong></span> <span class='ocrx_word' id='word_1_195' title='bbox 2078 3597 2135 3664; x_wconf 87' lang='lat' dir='ltr'><strong>ds-</strong></span> 
     </span>
     <span class='ocr_line' id='line_1_24' title="bbox 509 3718 683 3786; baseline -0.017 -20"><span class='ocrx_word' id='word_1_196' title='bbox 509 3718 683 3786; x_wconf 90' lang='lat' dir='ltr'><strong>poscrmns.</strong></span> 
     </span>
    </p>
   </div>
   <div class='ocr_carea' id='block_1_8' title="bbox 1106 3921 2185 4126">
    <p class='ocr_par' dir='ltr' id='par_1_8' title="bbox 1106 3921 2185 4126">
     <span class='ocr_line' id='line_1_25' title="bbox 1106 3921 1534 4006; baseline 0 -19"><span class='ocrx_word' id='word_1_197' title='bbox 1106 3921 1229 3987; x_wconf 87' lang='lat' dir='ltr'>LXXII</span> <span class='ocrx_word' id='word_1_198' title='bbox 1249 3921 1377 4006; x_wconf 81' lang='lat' dir='ltr'>(LXXI)</span> <span class='ocrx_word' id='word_1_199' title='bbox 1410 3945 1441 3989; x_wconf 89' lang='lat' dir='ltr'><strong>a.</strong></span> <span class='ocrx_word' id='word_1_200' title='bbox 1461 3927 1534 3987; x_wconf 80' lang='lat'>400.</span> 
     </span>
     <span class='ocr_line' id='line_1_26' title="bbox 1235 4059 2185 4126; baseline -0.001 -1"><span class='ocrx_word' id='word_1_201' title='bbox 1235 4059 1403 4126; x_wconf 88' lang='lat' dir='ltr'><strong>SIMILIS.</strong></span> <span class='ocrx_word' id='word_1_202' title='bbox 2155 4082 2185 4124; x_wconf 80' lang='lat' dir='ltr'><strong>as</strong></span> 
     </span>
    </p>
   </div>
   <div class='ocr_carea' id='block_1_9' title="bbox 508 4229 2134 4418">
    <p class='ocr_par' dir='ltr' id='par_1_9' title="bbox 508 4229 2134 4418">
     <span class='ocr_line' id='line_1_27' title="bbox 593 4229 2134 4320; baseline 0.003 -24"><span class='ocrx_word' id='word_1_203' title='bbox 593 4229 780 4297; x_wconf 81' lang='lat' dir='ltr'><strong>Divinitatis</strong></span> <span class='ocrx_word' id='word_1_204' title='bbox 810 4230 928 4297; x_wconf 90' lang='lat' dir='ltr'><strong>honore</strong></span> <span class='ocrx_word' id='word_1_205' title='bbox 951 4230 1129 4313; x_wconf 89' lang='lat' dir='ltr'><strong>praemisso</strong></span> <span class='ocrx_word' id='word_1_206' title='bbox 1151 4230 1237 4296; x_wconf 88' lang='lat' dir='ltr'><strong>iilius</strong></span> <span class='ocrx_word' id='word_1_207' title='bbox 1259 4250 1350 4297; x_wconf 90' lang='lat' dir='ltr'><strong>meus</strong></span> <span class='ocrx_word' id='word_1_208' title='bbox 1372 4233 1586 4317; x_wconf 80' lang='lat' dir='ltr'><strong>Symmachus</strong></span> <span class='ocrx_word' id='word_1_209' title='bbox 1608 4235 1761 4301; x_wconf 89' lang='lat' dir='ltr'><strong>kalendis</strong></span> <span class='ocrx_word' id='word_1_210' title='bbox 1783 4234 1943 4300; x_wconf 88' lang='lat' dir='ltr'><strong>Ianuariis</strong></span> <span class='ocrx_word' id='word_1_211' title='bbox 1965 4242 2134 4320; x_wconf 87' lang='lat' dir='ltr'><strong>praeturae</strong></span> 
     </span>
     <span class='ocr_line' id='line_1_28' title="bbox 508 4332 2044 4418; baseline 0 -17"><span class='ocrx_word' id='word_1_212' title='bbox 508 4335 650 4401; x_wconf 86' lang='lat' dir='ltr'><strong>urbanae</strong></span> <span class='ocrx_word' id='word_1_213' title='bbox 672 4333 810 4418; x_wconf 86' lang='lat' dir='ltr'><strong>accipiet</strong></span> <span class='ocrx_word' id='word_1_214' title='bbox 831 4332 1064 4418; x_wconf 80' lang='lat' dir='ltr'><strong>magistratum.</strong></span> <span class='ocrx_word' id='word_1_215' title='bbox 1111 4352 1242 4416; x_wconf 84' lang='lat' dir='ltr'><strong>quaeso,</strong></span> <span class='ocrx_word' id='word_1_216' title='bbox 1269 4341 1304 4400; x_wconf 92' lang='lat' dir='ltr'><strong>ut</strong></span> <span class='ocrx_word' id='word_1_217' title='bbox 1326 4335 1511 4418; x_wconf 86' lang='lat' dir='ltr'><strong>praesentia</strong></span> <span class='ocrx_word' id='word_1_218' title='bbox 1532 4342 1589 4402; x_wconf 86' lang='lat' dir='ltr'><strong>tua</strong></span> <span class='ocrx_word' id='word_1_219' title='bbox 1611 4337 1695 4403; x_wconf 90' lang='lat' dir='ltr'><strong>festa</strong></span> <span class='ocrx_word' id='word_1_220' title='bbox 1716 4345 1825 4403; x_wconf 90' lang='lat' dir='ltr'><strong>nostra</strong></span> <span class='ocrx_word' id='word_1_221' title='bbox 1848 4338 2044 4404; x_wconf 89' lang='lat' dir='ltr'><strong>cohonestet.</strong></span> 
     </span>
    </p>
   </div>
   <div class='ocr_carea' id='block_1_10' title="bbox 1145 4575 1495 4781">
    <p class='ocr_par' dir='ltr' id='par_1_10' title="bbox 1145 4575 1495 4781">
     <span class='ocr_line' id='line_1_29' title="bbox 1158 4575 1478 4657; baseline 0.003 -18"><span class='ocrx_word' id='word_1_222' title='bbox 1158 4575 1300 4641; x_wconf 74' lang='lat' dir='ltr'><strong>uxum</strong></span> <span class='ocrx_word' id='word_1_223' title='bbox 1320 4575 1478 4657; x_wconf 69' lang='lat' dir='ltr'><strong>[nxxny.</strong></span> 
     </span>
     <span class='ocr_line' id='line_1_30' title="bbox 1145 4713 1495 4781; baseline 0.003 -4"><span class='ocrx_word' id='word_1_224' title='bbox 1145 4713 1205 4777; x_wconf 78' lang='lat' dir='ltr'><strong>an</strong></span> <span class='ocrx_word' id='word_1_225' title='bbox 1227 4713 1495 4781; x_wconf 78' lang='lat' dir='ltr'><strong>usuomuvu.</strong></span> 
     </span>
    </p>
   </div>
   <div class='ocr_carea' id='block_1_11' title="bbox 506 4882 2184 5076">
    <p class='ocr_par' dir='ltr' id='par_1_11' title="bbox 506 4882 2184 5076">
     <span class='ocr_line' id='line_1_31' title="bbox 594 4882 2184 4971; baseline 0.003 -23"><span class='ocrx_word' id='word_1_226' title='bbox 594 4882 765 4949; x_wconf 88' lang='lat' dir='ltr'><strong>Silentium</strong></span> <span class='ocrx_word' id='word_1_227' title='bbox 794 4883 872 4949; x_wconf 94' lang='lat' dir='ltr'><strong>mihi</strong></span> <span class='ocrx_word' id='word_1_228' title='bbox 892 4883 975 4949; x_wconf 61' lang='lat' dir='ltr'><strong>&#39;duci</strong></span> <span class='ocrx_word' id='word_1_229' title='bbox 1005 4883 1082 4949; x_wconf 88' lang='lat' dir='ltr'><strong>vitio</strong></span> <span class='ocrx_word' id='word_1_230' title='bbox 1111 4904 1174 4949; x_wconf 90' lang='lat' dir='ltr'><strong>non</strong></span> <span class='ocrx_word' id='word_1_231' title='bbox 1205 4892 1344 4969; x_wconf 81' lang='lat' dir='ltr'><strong>oportet:</strong></span> <span class='ocrx_word' id='word_1_232' title='bbox 1379 4886 1586 4952; x_wconf 88' lang='lat' dir='ltr'><strong>familiarium</strong></span> <span class='ocrx_word' id='word_1_233' title='bbox 1609 4886 1730 4971; x_wconf 86' lang='lat' dir='ltr'><strong>quippe</strong></span> <span class='ocrx_word' id='word_1_234' title='bbox 1752 4907 1831 4953; x_wconf 91' lang='lat' dir='ltr'><strong>usus</strong></span> <span class='ocrx_word' id='word_1_235' title='bbox 1853 4886 2030 4954; x_wconf 90' lang='lat' dir='ltr'><strong>officiorum</strong></span> <span class='ocrx_word' id='word_1_236' title='bbox 2051 4888 2136 4955; x_wconf 86' lang='lat' dir='ltr'><strong>inter</strong></span> <span class='ocrx_word' id='word_1_237' title='bbox 2154 4913 2184 4953; x_wconf 80' lang='lat' dir='ltr'><strong>aa</strong></span> 
     </span>
     <span class='ocr_line' id='line_1_32' title="bbox 506 4986 2134 5076; baseline 0.002 -23"><span class='ocrx_word' id='word_1_238' title='bbox 506 4987 646 5054; x_wconf 83' lang='lat' dir='ltr'><strong>adversa</strong></span> <span class='ocrx_word' id='word_1_239' title='bbox 671 4986 864 5071; x_wconf 74' lang='lat' dir='ltr'><strong>neglegitur,</strong></span> <span class='ocrx_word' id='word_1_240' title='bbox 912 4986 971 5053; x_wconf 90' lang='lat' dir='ltr'><strong>sed</strong></span> <span class='ocrx_word' id='word_1_241' title='bbox 992 4987 1069 5070; x_wconf 89' lang='lat' dir='ltr'><strong>quia</strong></span> <span class='ocrx_word' id='word_1_242' title='bbox 1091 5006 1166 5072; x_wconf 91' lang='lat' dir='ltr'><strong>spes</strong></span> <span class='ocrx_word' id='word_1_243' title='bbox 1190 4988 1284 5053; x_wconf 87' lang='lat' dir='ltr'><strong>datur</strong></span> <span class='ocrx_word' id='word_1_244' title='bbox 1307 4989 1501 5073; x_wconf 86' lang='lat' dir='ltr'><strong>Symmacho</strong></span> <span class='ocrx_word' id='word_1_245' title='bbox 1524 5010 1595 5056; x_wconf 91' lang='lat' dir='ltr'><strong>meo</strong></span> <span class='ocrx_word' id='word_1_246' title='bbox 1617 4990 1830 5073; x_wconf 86' lang='lat' dir='ltr'><strong>integrandae</strong></span> <span class='ocrx_word' id='word_1_247' title='bbox 1852 4991 2009 5076; x_wconf 88' lang='lat' dir='ltr'><strong>paulatim</strong></span> <span class='ocrx_word' id='word_1_248' title='bbox 2031 4991 2134 5057; x_wconf 88' lang='lat' dir='ltr'><strong>honae</strong></span> 
     </span>
    </p>
   </div>
   <div class='ocr_carea' id='block_1_12' title="bbox 506 5260 2134 5745">
    <p class='ocr_par' dir='ltr' id='par_1_12' title="bbox 506 5260 2134 5417">
     <span class='ocr_line' id='line_1_33' title="bbox 593 5260 2134 5336; baseline 0.003 -22"><span class='ocrx_word' id='word_1_249' title='bbox 593 5260 690 5331; x_wconf 73' lang='lat' dir='ltr'><strong>duan]</strong></span> <span class='ocrx_word' id='word_1_250' title='bbox 707 5261 740 5326; x_wconf 86' lang='grc' dir='ltr'><strong>Γ,</strong></span> <span class='ocrx_word' id='word_1_251' title='bbox 759 5277 816 5312; x_wconf 86' lang='lat' dir='ltr'><strong>nam</strong></span> <span class='ocrx_word' id='word_1_252' title='bbox 835 5262 886 5327; x_wconf 82' lang='grc' dir='ltr'><strong>(Π)</strong></span> <span class='ocrx_word' id='word_1_253' title='bbox 1008 5266 1042 5312; x_wconf 87' lang='lat' dir='ltr'><strong>sit</strong></span> <span class='ocrx_word' id='word_1_254' title='bbox 1057 5269 1113 5326; x_wconf 81' lang='lat' dir='ltr'><strong>post</strong></span> <span class='ocrx_word' id='word_1_255' title='bbox 1131 5264 1216 5314; x_wconf 84' lang='lat' dir='ltr'><strong>dedux</strong></span> <span class='ocrx_word' id='word_1_256' title='bbox 1236 5269 1321 5316; x_wconf 76' lang='lat' dir='ltr'><strong>luserit</strong></span> <span class='ocrx_word' id='word_1_257' title='bbox 1338 5264 1365 5315; x_wconf 88' lang='grc' dir='ltr'><em>Γ</em></span> <span class='ocrx_word' id='word_1_258' title='bbox 1482 5265 1628 5336; x_wconf 74' lang='lat' dir='ltr'><strong>sordium]</strong></span> <span class='ocrx_word' id='word_1_259' title='bbox 1648 5269 1755 5327; x_wconf 70' lang='lat' dir='ltr'><strong>laruas,</strong></span> <span class='ocrx_word' id='word_1_260' title='bbox 1777 5270 1863 5319; x_wconf 85' lang='lat' dir='ltr'><strong>ordine</strong></span> <span class='ocrx_word' id='word_1_261' title='bbox 1883 5267 1933 5332; x_wconf 80' lang='grc' dir='ltr'><strong>(Π)</strong></span> <span class='ocrx_word' id='word_1_262' title='bbox 2057 5268 2134 5319; x_wconf 77' lang='grc' dir='ltr'><strong>Θυο-</strong></span> 
     </span>
     <span class='ocr_line' id='line_1_34' title="bbox 506 5346 1316 5417; baseline 0 -17"><span class='ocrx_word' id='word_1_263' title='bbox 506 5354 574 5400; x_wconf 79' lang='lat' dir='ltr'><strong>cault</strong></span> <span class='ocrx_word' id='word_1_264' title='bbox 593 5350 643 5414; x_wconf 72' lang='grc' dir='ltr'><strong>(Π)</strong></span> <span class='ocrx_word' id='word_1_265' title='bbox 749 5350 870 5400; x_wconf 77' lang='lat' dir='ltr'><strong>desidiam</strong></span> <span class='ocrx_word' id='word_1_266' title='bbox 889 5346 981 5417; x_wconf 82' lang='lat' dir='ltr'><strong>meam]</strong></span> <span class='ocrx_word' id='word_1_267' title='bbox 1001 5348 1032 5411; x_wconf 85' lang='grc' dir='ltr'><strong>Γ,</strong></span> <span class='ocrx_word' id='word_1_268' title='bbox 1053 5350 1177 5399; x_wconf 82' lang='lat' dir='ltr'><strong>desideria</strong></span> <span class='ocrx_word' id='word_1_269' title='bbox 1194 5364 1249 5400; x_wconf 79' lang='lat' dir='ltr'><strong>mes</strong></span> <span class='ocrx_word' id='word_1_270' title='bbox 1267 5351 1316 5415; x_wconf 80' lang='grc' dir='ltr'><strong>(Π)</strong></span> 
     </span>
    </p>

    <p class='ocr_par' dir='ltr' id='par_1_13' title="bbox 507 5432 2130 5745">
     <span class='ocr_line' id='line_1_35' title="bbox 595 5432 2130 5508; baseline 0.004 -24"><span class='ocrx_word' id='word_1_271' title='bbox 595 5435 626 5484; x_wconf 79' lang='lat'><strong>12</strong></span> <span class='ocrx_word' id='word_1_272' title='bbox 644 5438 731 5486; x_wconf 70' lang='lat' dir='ltr'><strong>conl*</strong></span> <span class='ocrx_word' id='word_1_273' title='bbox 844 5435 875 5485; x_wconf 84' lang='grc'><strong>13</strong></span> <span class='ocrx_word' id='word_1_274' title='bbox 893 5436 982 5484; x_wconf 83' lang='lat' dir='ltr'><strong>diffluo</strong></span> <span class='ocrx_word' id='word_1_275' title='bbox 1001 5432 1039 5482; x_wconf 68' lang='lat' dir='ltr'><strong>Fi</strong></span> <span class='ocrx_word' id='word_1_276' title='bbox 1151 5436 1182 5486; x_wconf 79' lang='lat'><strong>14</strong></span> <span class='ocrx_word' id='word_1_277' title='bbox 1199 5438 1306 5501; x_wconf 82' lang='lat' dir='ltr'><strong>ideoque</strong></span> <span class='ocrx_word' id='word_1_278' title='bbox 1325 5436 1363 5486; x_wconf 62' lang='grc' dir='ltr'><strong>ΡΒ</strong></span> <span class='ocrx_word' id='word_1_279' title='bbox 1466 5440 1525 5489; x_wconf 87' lang='lat' dir='ltr'><strong>deos</strong></span> <span class='ocrx_word' id='word_1_280' title='bbox 1543 5440 1670 5502; x_wconf 82' lang='lat' dir='ltr'><strong>praesides</strong></span> <span class='ocrx_word' id='word_1_281' title='bbox 1689 5438 1726 5488; x_wconf 64' lang='grc' dir='ltr'><strong>ΡΞ</strong></span> <span class='ocrx_word' id='word_1_282' title='bbox 1833 5439 1864 5491; x_wconf 84' lang='grc'><strong>16</strong></span> <span class='ocrx_word' id='word_1_283' title='bbox 1882 5454 1932 5503; x_wconf 88' lang='lat' dir='ltr'><strong>quo</strong></span> <span class='ocrx_word' id='word_1_284' title='bbox 1950 5439 1982 5489; x_wconf 83' lang='lat' dir='ltr'><strong>ds</strong></span> <span class='ocrx_word' id='word_1_285' title='bbox 2001 5437 2054 5508; x_wconf 83' lang='lat' dir='ltr'><strong>mc]</strong></span> <span class='ocrx_word' id='word_1_286' title='bbox 2072 5439 2130 5503; x_wconf 80' lang='lat' dir='ltr'><strong>(H),</strong></span> 
     </span>
     <span class='ocr_line' id='line_1_36' title="bbox 507 5519 2130 5594; baseline 0.003 -23"><span class='ocrx_word' id='word_1_287' title='bbox 507 5523 573 5585; x_wconf 86' lang='lat' dir='ltr'><strong>quod</strong></span> <span class='ocrx_word' id='word_1_288' title='bbox 586 5519 633 5583; x_wconf 67' lang='lat' dir='ltr'><strong>ps,</strong></span> <span class='ocrx_word' id='word_1_289' title='bbox 653 5536 702 5586; x_wconf 86' lang='lat' dir='ltr'><strong>quo</strong></span> <span class='ocrx_word' id='word_1_290' title='bbox 715 5519 777 5569; x_wconf 69' lang='lat' dir='ltr'><em>W</em></span> <span class='ocrx_word' id='word_1_291' title='bbox 882 5521 912 5572; x_wconf 80' lang='lat' dir='ltr'><strong>li</strong></span> <span class='ocrx_word' id='word_1_292' title='bbox 931 5523 1042 5584; x_wconf 74' lang='lat' dir='ltr'><strong>relegere</strong></span> <span class='ocrx_word' id='word_1_293' title='bbox 1054 5524 1110 5572; x_wconf 89' lang='lat' dir='ltr'><strong>urbi</strong></span> <span class='ocrx_word' id='word_1_294' title='bbox 1122 5524 1152 5586; x_wconf 79' lang='lat' dir='ltr'><strong>F,</strong></span> <span class='ocrx_word' id='word_1_295' title='bbox 1173 5525 1274 5585; x_wconf 75' lang='lat' dir='ltr'><strong>supple:</strong></span> <span class='ocrx_word' id='word_1_296' title='bbox 1294 5526 1403 5586; x_wconf 76' lang='lat' dir='ltr'><strong>relegere</strong></span> <span class='ocrx_word' id='word_1_297' title='bbox 1416 5528 1464 5574; x_wconf 84' lang='lat' dir='ltr'><strong>iter</strong></span> <span class='ocrx_word' id='word_1_298' title='bbox 1475 5528 1503 5575; x_wconf 87' lang='lat' dir='ltr'><strong>iu</strong></span> <span class='ocrx_word' id='word_1_299' title='bbox 1516 5528 1571 5574; x_wconf 87' lang='lat' dir='ltr'><strong>urbi</strong></span> <span class='ocrx_word' id='word_1_300' title='bbox 1584 5529 1724 5588; x_wconf 82' lang='lat' dir='ltr'><strong>propinqua</strong></span> <span class='ocrx_word' id='word_1_301' title='bbox 1827 5528 1894 5577; x_wconf 78' lang='lat' dir='ltr'><strong>slnat</strong></span> <span class='ocrx_word' id='word_1_302' title='bbox 1910 5525 2039 5594; x_wconf 81' lang='lat' dir='ltr'><strong>fortunas]</strong></span> <span class='ocrx_word' id='word_1_303' title='bbox 2053 5523 2130 5587; x_wconf 68' lang='lat' dir='ltr'><strong>lm,</strong></span> 
     </span>
     <span class='ocr_line' id='line_1_37' title="bbox 507 5606 2130 5680; baseline 0.004 -25"><span class='ocrx_word' id='word_1_304' title='bbox 507 5608 564 5657; x_wconf 86' lang='lat' dir='ltr'><strong>uult</strong></span> <span class='ocrx_word' id='word_1_305' title='bbox 582 5622 682 5670; x_wconf 87' lang='lat' dir='ltr'><strong>nanque</strong></span> <span class='ocrx_word' id='word_1_306' title='bbox 700 5607 745 5671; x_wconf 69' lang='lat' dir='ltr'><strong>F1,</strong></span> <span class='ocrx_word' id='word_1_307' title='bbox 765 5623 814 5658; x_wconf 86' lang='lat' dir='ltr'><strong>cm.</strong></span> <span class='ocrx_word' id='word_1_308' title='bbox 830 5607 868 5657; x_wconf 65' lang='grc' dir='ltr'><strong><em>Ν</em></strong></span> <span class='ocrx_word' id='word_1_309' title='bbox 988 5606 1046 5676; x_wconf 85' lang='lat' dir='ltr'><strong>hoc]</strong></span> <span class='ocrx_word' id='word_1_310' title='bbox 1065 5612 1165 5660; x_wconf 72' lang='lat' dir='ltr'><strong>fumone</strong></span> <span class='ocrx_word' id='word_1_311' title='bbox 1183 5610 1228 5659; x_wconf 90' lang='lat' dir='ltr'><strong>hoc</strong></span> <span class='ocrx_word' id='word_1_312' title='bbox 1246 5611 1288 5660; x_wconf 88' lang='lat' dir='ltr'><strong>det</strong></span> <span class='ocrx_word' id='word_1_313' title='bbox 1306 5608 1343 5658; x_wconf 64' lang='lat' dir='ltr'><strong>sl</strong></span> <span class='ocrx_word' id='word_1_314' title='bbox 1354 5613 1371 5660; x_wconf 74' lang='grc'><em>9</em></span> <span class='ocrx_word' id='word_1_315' title='bbox 1382 5627 1415 5661; x_wconf 87' lang='lat' dir='ltr'><strong>m.</strong></span> <span class='ocrx_word' id='word_1_316' title='bbox 1549 5610 1581 5662; x_wconf 81' lang='grc'><strong>18</strong></span> <span class='ocrx_word' id='word_1_317' title='bbox 1599 5614 1730 5675; x_wconf 84' lang='lat' dir='ltr'><strong>scripturis</strong></span> <span class='ocrx_word' id='word_1_318' title='bbox 1748 5610 1786 5661; x_wconf 67' lang='lat'><strong>1³³</strong></span> <span class='ocrx_word' id='word_1_319' title='bbox 1905 5610 2076 5680; x_wconf 76' lang='lat' dir='ltr'><strong>musentlant]</strong></span> <span class='ocrx_word' id='word_1_320' title='bbox 2094 5613 2130 5671; x_wconf 86' lang='grc' dir='ltr'><strong>Π,</strong></span> 
     </span>
     <span class='ocr_line' id='line_1_38' title="bbox 507 5693 979 5745; baseline 0.006 -3"><span class='ocrx_word' id='word_1_321' title='bbox 507 5696 660 5743; x_wconf 80' lang='lat' dir='ltr'><strong>conueniant</strong></span> <span class='ocrx_word' id='word_1_322' title='bbox 678 5697 701 5743; x_wconf 76' lang='lat' dir='ltr'><em>F</em></span> <span class='ocrx_word' id='word_1_323' title='bbox 802 5697 858 5744; x_wconf 77' lang='lat' dir='ltr'><strong>nale</strong></span> <span class='ocrx_word' id='word_1_324' title='bbox 876 5711 925 5745; x_wconf 86' lang='lat' dir='ltr'><strong>om.</strong></span> <span class='ocrx_word' id='word_1_325' title='bbox 939 5693 979 5744; x_wconf 63' lang='grc' dir='ltr'><strong>ΡΒ</strong></span> 
     </span>
    </p>
   </div>
   <div class='ocr_carea' id='block_1_13' title="bbox 594 5779 1486 5847">
    <p class='ocr_par' dir='ltr' id='par_1_14' title="bbox 594 5779 1486 5847">
     <span class='ocr_line' id='line_1_39' title="bbox 594 5779 1486 5847; baseline 0.008 -17"><span class='ocrx_word' id='word_1_326' title='bbox 594 5779 627 5830; x_wconf 82' lang='lat'><strong>29</strong></span> <span class='ocrx_word' id='word_1_327' title='bbox 645 5795 694 5832; x_wconf 84' lang='lat' dir='ltr'><strong>om.</strong></span> <span class='ocrx_word' id='word_1_328' title='bbox 709 5782 733 5829; x_wconf 65' lang='grc' dir='ltr'><em>Ρ</em></span> <span class='ocrx_word' id='word_1_329' title='bbox 834 5781 867 5831; x_wconf 84' lang='grc'><strong>30</strong></span> <span class='ocrx_word' id='word_1_330' title='bbox 885 5783 935 5832; x_wconf 88' lang='lat' dir='ltr'><strong>dict</strong></span> <span class='ocrx_word' id='word_1_331' title='bbox 954 5783 987 5832; x_wconf 94' lang='grc' dir='ltr'><strong><em>Π</em></strong></span> <span class='ocrx_word' id='word_1_332' title='bbox 1088 5782 1117 5834; x_wconf 84' lang='grc'><strong>31</strong></span> <span class='ocrx_word' id='word_1_333' title='bbox 1139 5783 1246 5834; x_wconf 78' lang='lat' dir='ltr'><strong>simacho</strong></span> <span class='ocrx_word' id='word_1_334' title='bbox 1262 5780 1310 5845; x_wconf 66' lang='grc' dir='ltr'><strong>Ν,</strong></span> <span class='ocrx_word' id='word_1_335' title='bbox 1331 5798 1430 5847; x_wconf 78' lang='lat' dir='ltr'><strong>symaoc</strong></span> <span class='ocrx_word' id='word_1_336' title='bbox 1449 5780 1486 5837; x_wconf 62' lang='grc' dir='ltr'><strong><em>Ν</em></strong></span> 
     </span>
    </p>
   </div>
   <div class='ocr_carea' id='block_1_14' title="bbox 0 0 2365 6468">
    <p class='ocr_par' dir='ltr' id='par_1_15' title="bbox 0 0 2365 6468">
     <span class='ocr_line' id='line_1_40' title="bbox 0 0 2365 6468; baseline 0 0"><span class='ocrx_word' id='word_1_337' title='bbox 0 0 2365 6468; x_wconf 95' lang='lat' dir='ltr'><strong> </strong></span> 
     </span>
    </p>
   </div>
  </div>
 </body>
</html>
