4716 6476
1122 543 1316 599 SYMMAClll
1335 542 1547 599 EPISTVLAE

1148 942 1335 1009 cxxvrnr
1355 939 1512 1026 (cxxx).

975 1095 1234 1163 srnulonvs
1260 1096 1526 1164 sroomscnrs
1548 1095 1686 1162 omns.

604 1272 728 1335 Aevom
757 1276 886 1334 maneat
914 1269 967 1335 bic
996 1269 1084 1352 dies,
1117 1269 1171 1352 qui
1194 1278 1227 1334 te
1249 1269 1342 1335 nobis
1364 1269 1464 1334 filiam
1487 1268 1586 1334 dedit.
1609 1329 1612 1335 Α
1633 1268 1718 1334 bunc
1741 1288 1801 1351 ego
1824 1273 1857 1333 et
1877 1266 2008 1351 gaudiis
2030 1268 2144 1333 mentis

519 1380 551 1437 et
572 1373 741 1438 verborum
764 1372 937 1438 honoribus
959 1394 1017 1459 per
1039 1374 1155 1439 multos
1177 1393 1332 1438 annorum
1356 1392 1504 1438 recursus
1525 1372 1691 1437 vobiscum
1713 1379 1787 1457 opto
1810 1371 1990 1453 celebrare,
2016 1370 2143 1436 adicere

518 1476 617 1540 ctiam
639 1476 717 1541 mihi
739 1476 919 1560 ingravata,
944 1476 1003 1541 tibi
1025 1474 1166 1541 iucunda
1188 1477 1389 1542 munuscula.
1436 1482 1471 1541 ut
1492 1496 1575 1541 nunc
1597 1475 1716 1540 lineam
1740 1474 1823 1556 misi,
1849 1474 1940 1540 cuius
1962 1480 2068 1558 potest
2087 1475 2178 1539 οΙν5

518 1579 596 1644 latio
618 1580 737 1663 exigua
759 1599 822 1644 non
844 1578 965 1661 videri,
992 1579 1019 1644 si
1041 1579 1146 1662 magis
1168 1580 1233 1645 mei
1255 1580 1288 1645 in
1312 1599 1368 1645 vos
1390 1579 1490 1643 animi
1512 1598 1607 1661 quam
1631 1578 1681 1643 sui
1703 1577 1797 1662 pretii
1819 1576 2043 1643 aestimatione
2065 1598 2145 1662 pen-

518 1682 622 1748 datur.

1172 2011 1297 2076 cxxx
1316 2010 1491 2093 (cnam).

974 2165 1235 2232 srmnlonvs
1262 2164 1527 2232 moonloffls
1548 2163 1688 2229 smus,

605 2338 756 2404 Natalem
779 2337 916 2404 domnae
938 2337 1025 2404 filiae
1048 2360 1156 2419 meae,
1190 2359 1286 2421 quem
1308 2358 1366 2424 por
1387 2358 1542 2403 annorum
1564 2356 1712 2403 recursus
1734 2343 1882 2422 optamus
1904 2355 1977 2402 esse
1998 2356 2145 2403 numero
2164 2342 2193 2382 ¹⁰

520 2462 609 2525 sum,
642 2441 807 2508 vobiscum
830 2462 928 2525 agere
949 2450 981 2508 et
1003 2443 1195 2529 participare
1218 2442 1411 2522 voluissem,
1438 2441 1500 2505 nisi
1523 2440 1686 2524 proposito
1709 2439 1880 2506 restitisset
1901 2438 2049 2504 imbrium
2072 2459 2145 2504 con-

519 2543 666 2611 tinuatio.
713 2545 878 2629 fungimur
899 2552 1006 2611 tamen
1032 2544 1182 2629 religioso
1204 2545 1324 2610 honore
1345 2543 1546 2609 iucunditate
1568 2543 1751 2609 munusculi
1773 2548 1930 2629 petentes,
1958 2550 1993 2608 nt
2015 2561 2146 2627 suscep-

519 2647 615 2714 tionis
638 2647 839 2732 benignitate
862 2648 1035 2713 oblationis
1058 2649 1187 2715 exilitas
1210 2654 1377 2732 augeatur.
1426 2647 1510 2712 vale.

1154 2977 1295 3043 cxxxr
1319 2976 1513 3061 (cxxxn).

979 3131 1239 3199 simulcnvs
1264 3131 1528 3199 nroomloms
1550 3129 1690 3196 muns,
2166 3136 2193 3176 ιο

609 3306 729 3373 Omnes
751 3306 793 3371 ad
816 3326 875 3372 nos
896 3305 1055 3383 natalicii
1064 3304 1202 3371 convivii
1226 3304 1336 3390 copias
1357 3304 1584 3383 transtulistis3
1618 3302 1677 3370 sed
1703 3323 1800 3368 unum
1829 3301 1949 3386 deluit,
1980 3302 2148 3385 quominus

522 3409 565 3474 ad
594 3417 736 3475 nostrum
767 3411 909 3476 animum
938 3409 1134 3476 redundaret
1162 3410 1260 3493 plena
1289 3407 1466 3490 festivitas,
1499 3408 1586 3492 quod
1613 3427 1676 3472 non
1705 3405 1871 3472 vobiscum
1900 3405 2007 3491 potius
2037 3412 2149 3472 cuncta

522 3514 796 3599 consumpsimus,
828 3534 962 3599 quorum
992 3513 1151 3580 contuitus
1180 3519 1276 3595 atque
1308 3511 1471 3576 convictus
1494 3509 1717 3577 commendare
1739 3530 1975 3593 nonnumquam
1998 3510 2082 3576 solet
2102 3518 2150 3575 et-

522 3617 589 3681 iam
619 3637 717 3701 parca
747 3618 904 3684 convivia.
952 3637 1052 3701 quare
1083 3623 1115 3682 et
1137 3615 1228 3681 vobis
1250 3621 1283 3680 et
1304 3614 1463 3680 communi
1485 3614 1630 3700 pignori,
1663 3614 1755 3679 cuius
1778 3613 1966 3678 sollemnem
1990 3612 2076 3678 diem
2099 3632 2149 3678 se-

524 3718 602 3784 dula
630 3721 787 3805 religione
816 3720 1023 3802 celebrastis,
1057 3719 1174 3784 uberes
1203 3737 1371 3801 precamur
1400 3736 1502 3783 annos
1530 3725 1563 3783 et
1584 3736 1748 3783 recursum
1770 3716 1805 3795 in
1827 3716 1908 3782 haec
1930 3715 2044 3782 eadem
2068 3715 2150 3781 festa
2167 3720 2195 3764 ²⁰

523 3844 738 3891 numerosum.
786 3824 879 3891 decet
909 3823 995 3889 enim
1024 3822 1094 3908 pios
1123 3827 1275 3907 parentes
1304 3819 1463 3887 inoffensa
1491 3820 1642 3887 felicitas.
1689 3819 1782 3885 nobis
1805 3819 1935 3885 Tiburis
1955 3839 2036 3885 aura
2057 3820 2150 3885 blan·
2240 3804 2253 3821 ⁶

524 3927 626 4011 ditur,
660 3928 719 3995 sed
749 3936 858 3993 contra
888 3932 1060 4011 exasperat
1082 3928 1222 3989 animum
1246 3923 1330 3988 male
1354 3931 1447 4007 gesta
1469 3924 1551 3990 ratio
1574 3925 1752 3989 vilicorum.
1799 3942 1904 4006 neque
1926 3943 2006 4007 ager
2028 3923 2151 3989 cultura

523 4031 614 4113 nitet,
640 4038 673 4097 et
695 4032 853 4097 fructuum
877 4050 953 4115 pars
975 4048 1094 4112 magna
1117 4027 1260 4106 debetur,
1288 4026 1432 4111 nihilque
1453 4027 1518 4092 iam
1542 4026 1662 4091 colonis
1678 4034 1826 4112 superest
1840 4026 2041 4106 facultatum,
2067 4024 2151 4109 quod

525 4140 581 4198 aut
602 4133 715 4199 rationi
739 4134 912 4218 opituletur
933 4140 990 4199 aut
1012 4131 1121 4198 cultui.
1170 4131 1254 4197 vale.
1751 4118 1769 4133 '

612 4478 785 4540 lsymmacus
803 4480 876 4529 ulcho
894 4479 923 4528 til
942 4480 972 4540 Ρ,
991 4493 1039 4529 om.
1061 4480 1084 4527 F
1183 4476 1320 4546 duonum]
1339 4494 1395 4527 cnm
1415 4478 1438 4524 F
1540 4473 1614 4544 bnt]
1631 4477 1700 4526 cti*

612 4566 628 4615 9
646 4580 786 4625 symmacus
804 4566 877 4615 ulcho
895 4567 954 4615 liliis
973 4565 1001 4629 P,
1022 4581 1071 4615 om.
1092 4566 1115 4612 F

616 4652 648 4701 15
666 4651 788 4713 symmsc⁹
805 4655 878 4702 niolio
896 4653 957 4701 filiis
977 4652 1000 4700 P
1104 4651 1136 4701 18
1154 4647 1367 4718 consumpsimus]
1386 4649 1444 4714 (Γ),
1465 4652 1619 4712 sumpsimus
1638 4651 1660 4697 P
1763 4650 1796 4701 22
1815 4658 1948 4714 exasperat
1965 4647 2090 4717 animum]
2108 4652 2152 4699 ln·

526 4745 602 4802 setus,
623 4746 768 4803 exasperata
786 4741 894 4789 uimlnm
913 4740 936 4788 P
1037 4738 1071 4787 Ἡ
1089 4739 1172 4787 cultus
1191 4738 1235 4786 Pr
1249 4753 1283 4787 m.
