4744 6476
898 496 1013 555 LIBER
1031 497 1125 554 VIllI.
1145 499 1181 552 X.
1791 503 1851 564 277

230 694 395 774 promptus
417 686 513 753 fidem
536 692 699 770 gestorum
722 693 847 752 tuorum
869 684 1029 752 debueras
1051 686 1183 771 linguae
1205 687 1326 753 bonore
1348 687 1471 753 dotare.
1506 707 1591 753 nunc
1612 707 1663 753 me
1686 688 1728 753 ad
1751 687 1855 755 famas
1877 693 1912 755 F

229 790 323 857 reicis
353 799 385 856 et
415 790 493 855 sinis
523 810 634 856 aurem
663 789 704 855 de
733 796 765 855 te
795 789 949 874 praebere
980 789 1176 871 rumoribus,
1210 810 1282 856 eum
1311 790 1393 856 tanti
1422 790 1543 874 negotii
1572 789 1716 875 dignitas
1745 812 1854 876 parem

229 901 342 961 testem
366 894 523 976 requirat:
551 893 610 959 sed
633 893 687 975 qui
709 892 809 959 animi
831 892 895 958 mei
917 912 1048 959 securus
1071 912 1117 972 es,
1143 892 1290 958 meritum
1312 900 1402 959 tuum
1424 893 1496 958 voci
1518 892 1668 977 publicae
1691 894 1855 960 credidisti

229 1003 395 1063 contentus
426 996 559 1062 veritate
588 1016 645 1079 pro
674 995 783 1061 laude.
830 1014 907 1079 ergo
929 995 1038 1061 Africa
1065 996 1204 1062 revaluit
1232 1015 1273 1061 ex
1301 995 1412 1061 morbo
1441 1015 1521 1062 sane
1549 995 1737 1062 invictorum
1767 997 1897 1082 prin-2

198 1101 335 1185 scipum
365 1099 528 1164 medente·
543 1099 694 1179 consilio,
728 1118 861 1182 quorum
891 1097 1068 1165 remedium
1098 1105 1132 1164 tu
1160 1098 1260 1165 fuisti.
1312 1099 1416 1165 solent
1442 1099 1546 1179 eninr,
1580 1100 1633 1180 qui
1664 1099 1855 1165 medicinam

229 1203 357 1284 callent,
383 1222 454 1268 cum
476 1202 540 1267 iarn
564 1202 685 1285 asperti
707 1222 768 1268 usu
789 1200 823 1265 in
846 1200 1066 1285 magisterium
1089 1201 1307 1286 provebuntur
1329 1221 1368 1268 ae
1390 1201 1470 1269 liunt
1491 1202 1570 1269 artis
1585 1202 1719 1283 emeriti,
1746 1202 1858 1287 proxi-

229 1307 288 1372 mis
318 1307 480 1389 imperare
510 1313 542 1370 et
571 1305 687 1371 feriata
715 1326 813 1370 manu
842 1304 1037 1371 curationem
1066 1304 1178 1370 iuvare
1206 1306 1398 1391 praeceptis.
1444 1312 1501 1371 tua
1530 1306 1629 1388 igitur
1651 1306 1761 1391 palma
1783 1307 1856 1372 laus

228 1416 404 1494 temporum
437 1414 503 1485 est;
538 1406 579 1472 de
608 1428 672 1490 qua
702 1428 762 1492 ego
786 1409 881 1492 plene
904 1415 937 1475 et
957 1407 1177 1492 indulgentius
1200 1408 1364 1491 loquerer,
1397 1408 1459 1473 uisi
1483 1409 1678 1491 obsequerer
1699 1408 1856 1492 singulari

230 1510 442 1578 verecundiae
471 1518 545 1577 tuae
575 1519 607 1577 et
635 1511 712 1576 mihi
742 1510 861 1596 oppido
889 1531 1132 1597 praecaverem,
1166 1531 1208 1577 ne
1238 1511 1388 1578 laudatus
1417 1511 1562 1595 proxime
1590 1512 1632 1576 ab
1663 1511 1856 1577 excellentia

183 1635 210 1676 ro
228 1622 283 1681 tuo
298 1614 476 1680 feneratam
492 1613 630 1698 gratiam
645 1613 773 1680 viderer
786 1613 945 1680 retulisse.
987 1613 1047 1679 boc
1062 1614 1210 1697 estquod
1225 1614 1332 1680 aiunt:
1357 1622 1520 1680 mutuum
1543 1615 1700 1680 scabere
1723 1615 1852 1681 mulos.
1878 1622 1898 1685 3

229 1718 279 1782 cui
310 1717 477 1803 proverbio
507 1738 547 1782 ne
578 1716 690 1782 videar
718 1735 791 1782 esse
821 1715 970 1797 confinis,
1002 1716 1174 1802 praeconia
1203 1716 1355 1783 virtutum
1383 1702 1510 1782 tuarum
1540 1737 1652 1802 presso
1682 1718 1778 1783 dente
1804 1738 1857 1784 re-

229 1820 350 1903 stringo
379 1821 567 1904 praeclarae
598 1817 813 1885 conscientiae
842 1825 917 1885 tuae
947 1818 1152 1903 pendendum
1182 1820 1383 1902 relinquens,
1415 1819 1492 1902 quid
1521 1820 1573 1885 vel
1595 1820 1666 1904 ipse
1689 1820 1850 1901 merearis,

229 1923 320 1989 cuius
342 1922 438 1988 ductu
463 1922 626 2007 provincia
648 1921 728 1986 mibi
750 1921 855 1987 amica
877 1921 1028 2006 respirat,
1055 1923 1108 1988 vel
1130 1922 1208 2005 quid
1231 1943 1291 2006 ego
1313 1922 1371 1989 tibi
1395 1922 1547 2004 debeam,
1573 1923 1665 1988 cuius
1687 1923 1774 1988 fama
1796 1923 1855 1988 sub

229 2025 286 2092 tali
308 2032 391 2091 teste
414 2044 588 2107 numquam
612 2027 798 2091 succumbet
818 2024 972 2091 invidiae.
1020 2025 1105 2092 vele.

943 2265 975 2330 11
1006 2286 1038 2331 a.
1064 2269 1138 2331 376.

809 2401 1032 2468 GRATIANO
1057 2402 1267 2469 Avsvsuo.
1877 2415 1916 2476 H

314 2575 388 2641 Scio
410 2594 518 2641 arnore
540 2575 677 2656 factum,
704 2593 767 2656 quo
791 2579 967 2639 summates
989 2573 1074 2639 viros
1097 2576 1285 2659 plerumque
1308 2573 1503 2658 dignamini,
1531 2582 1566 2641 ut
1588 2595 1699 2641 sacrae
1722 2576 1856 2641 orationi

229 2684 354 2744 vestrae
384 2678 483 2744 lector
511 2677 700 2755 adbiberer;
738 2677 797 2743 sed
826 2697 897 2743 curn
927 2677 1099 2762 intellego,
1136 2697 1316 2744 sermonem
1346 2677 1437 2743 illum
1466 2678 1646 2764 praenitere
1675 2679 1856 2745 omnimodo

230 2780 395 2865 rescriptis
417 2780 502 2862 aliis,
528 2780 738 2866 quaecunque
760 2780 804 2846 ad
826 2780 885 2846 boc
907 2780 1048 2846 locorum
1072 2787 1203 2846 senatus
1225 2780 1358 2862 audivit,
1385 2802 1437 2847 me
1459 2800 1585 2864 quoque
1604 2781 1740 2847 arbitror
1754 2782 1856 2866 pluris

182 2902 211 2945 so
230 2883 373 2949 habitum
404 2903 477 2950 esse
507 2904 604 2966 quam
634 2891 768 2950 ceteros.
815 2883 941 2967 magnis
971 2883 1057 2949 enim
1082 2883 1219 2968 negotiis
1241 2883 1353 2950 itidem
1376 2891 1412 2951 ut
1432 2884 1559 2969 magnis
1583 2883 1757 2950 comoediis
1779 2885 1857 2951 ede-

230 2988 347 3053 cumati
376 2987 579 3072 adponuntur
606 2994 747 3053 actores:
781 2986 951 3053 nunidem
974 2987 1075 3053 honor
1095 2986 1130 3052 in
1153 2986 1397 3071 pronuntiandis
1419 2987 1540 3054 fabulis
1562 2987 1699 3053 Publilio
1721 2986 1856 3053 Pellioni

229 3094 285 3172 qui
305 3090 455 3156 Ambivio
484 3089 561 3170 fuit,
595 3110 699 3175 neque
730 3109 788 3174 par
809 3091 937 3175 Aesopo
967 3096 1000 3156 et
1021 3090 1133 3157 Roscio
1160 3090 1248 3156 fama
1270 3091 1438 3176 processit.
1486 3111 1599 3175 quare,
1634 3091 1746 3177 optimi
1767 3089 1898 3176 prin-2

230 3194 336 3279 cipes,
363 3194 502 3276 quaein
524 3213 575 3259 me
598 3194 680 3259 bene
703 3192 909 3273 consultatis,
937 3199 972 3259 ut
993 3192 1148 3260 divinitus
1171 3193 1280 3260 oblata
1303 3195 1495 3280 conplector.
1543 3194 1614 3259 laus
1636 3201 1702 3276 tua,
1728 3193 1856 3260 domine

230 3295 393 3379 Gratiane,
420 3295 559 3361 officinm
583 3303 633 3362 est
653 3316 769 3378 meum,
797 3296 946 3379 quonism
968 3297 1015 3364 ita
1036 3297 1198 3364 animatus
1221 3316 1266 3379 es,
1293 3304 1329 3363 ut
1350 3317 1422 3364 cunr
1444 3298 1524 3382 reip.
1545 3296 1737 3363 medicinam
1760 3296 1853 3378 iacis,

182 3417 211 3459 ss
229 3419 357 3485 operam
387 3419 479 3466 meae
506 3399 594 3465 vocis
616 3419 774 3466 accersas.
822 3406 857 3464 tu
879 3400 971 3466 nobis
992 3401 1139 3486 publicas
1161 3401 1272 3467 turbas
1294 3401 1328 3467 in
1351 3401 1558 3483 tranquillum
1581 3400 1748 3485 redegisti.
1796 3401 1858 3467 mi-

230 3502 349 3567 nimum
370 3502 503 3582 restitit,
530 3502 607 3586 quin
628 3522 739 3569 omnes
761 3505 1037 3587 occumberemus,
1062 3510 1186 3571 tantum
1208 3503 1324 3589 flagitii
1346 3504 1619 3589 dissignaverant‚
1645 3504 1701 3587 qui
1723 3505 1857 3590 amplis-

229 3605 327 3671 simas
356 3612 533 3692 potestates
562 3606 657 3672 malis
687 3606 810 3673 artibus
840 3607 1058 3693 possidebant.
1107 3608 1196 3675 ferox
1224 3608 1282 3674 ille
1308 3607 1502 3674 Maximinus
1530 3609 1571 3674 ob
1599 3627 1651 3673 res
1682 3606 1851 3690 secundas,
1879 3617 1898 3679 3

229 3710 394 3775 incubator
414 3708 615 3790 iudiciorum,
642 3708 786 3775 difficilis
809 3710 997 3776 decidendis
1020 3711 1246 3793 simultatibus,
1272 3716 1438 3796 promptus
1464 3710 1469 3797 ]
1495 3710 1656 3791 ineundis,
1679 3732 1780 3794 poeno
1801 3729 1856 3776 ca-
1879 3719 1913 3783 F

230 3812 321 3896 pituli
351 3811 450 3879 exitio
480 3820 662 3878 cunctorum
695 3812 910 3896 lacrimasque
939 3813 1092 3898 expiavit.
1139 3834 1225 3880 nunc
1246 3814 1417 3881 interlucet
1438 3815 1532 3880 homo
1555 3812 1691 3893 homini3
1725 3818 1857 3878 senatus

318 4072 328 4122 l
349 4080 446 4136 gestare
465 4071 504 4121 ΓΒ
608 4070 721 4140 tuorum]
742 4072 806 4136 (Π),
826 4075 912 4123 orn.F
1014 4069 1105 4140 ianuas]
1123 4071 1199 4134 lm,
1219 4076 1310 4124 famam
1331 4072 1441 4137 (Γ)Γ1·θ
1545 4071 1656 4141 2ιιιιιι]
1673 4087 1724 4136 epe,
1745 4073 1854 4133 solisH,

229 4160 302 4208 iubes
321 4160 344 4206 Γ
480 4159 512 4207 de
529 4164 556 4207 te
573 4160 690 4221 praebere
708 4155 861 4226 rumoribus]
883 4159 920 4221 Π,
948 4160 1090 4210 rumoribus
1107 4161 1138 4207 de
1156 4167 1181 4209 te
1200 4162 1318 4223 praebere
1336 4158 1404 4222 Γῐοθ,
1429 4161 1461 4209 de
1478 4166 1504 4210 te
1521 4161 1663 4210 rumoribus
1680 4161 1799 4222 praebere
1819 4157 1857 4207 F2

229 4242 305 4308 iqui
328 4247 405 4294 animi
428 4242 490 4312 mei]
516 4245 555 4307 Π,
579 4247 623 4307 qui
647 4246 739 4294 animis
762 4260 794 4293 sn
813 4243 844 4307 Γ,
870 4248 929 4307 quis
952 4247 1027 4295 nimis
1051 4244 1120 4310 W,
1145 4249 1190 4310 qui
1215 4248 1290 4296 nimis
1314 4244 1353 4293 Fi
1491 4242 1645 4313 lucritste]
1666 4247 1764 4295 uirtute
1783 4242 1822 4292 Γ(

229 4327 298 4397 ergo]
315 4345 344 4380 eo
364 4329 401 4379 ΡΒ
505 4328 624 4398 reusluit]
643 4331 682 4393 Π,
702 4332 845 4380 resoluitur
865 4332 886 4377 F
985 4328 1031 4399 ex]
1047 4346 1091 4396 pro
1109 4330 1147 4380 Fi
1250 4329 1321 4400 sane]
1342 4334 1404 4397 (Π),
1423 4348 1473 4385 om.
1492 4336 1515 4382 F
1616 4337 1643 4383 in
1660 4334 1791 4382 uictoriam
1811 4328 1855 4391 F2,

229 4417 325 4467 inuicto
338 4416 375 4465 si
479 4414 629 4484 inquorum]
647 4431 696 4479 quo
709 4414 748 4464 Fi
851 4419 993 4468 medianam
1006 4415 1045 4466 Γ8
1148 4417 1293 4487 desperti]
1310 4434 1362 4481 epo,
1382 4421 1441 4469 lorti
1455 4421 1492 4483 Π,
1512 4421 1611 4471 lensi*
1712 4420 1771 4468 usui
1785 4418 1821 4466 Γ(

229 4505 378 4565 prouenitur
392 4500 427 4550 1³³
531 4505 591 4552 artis
609 4500 721 4570 emeriti]
732 4504 770 4564 H,
792 4506 891 4554 emeriti
903 4506 1015 4555 ciliciis*
1118 4505 1131 4552 7
1151 4502 1603 4572 impona]swuos,1mpsusrss
1705 4506 1796 4554 senata
1810 4503 1852 4567 Γ),

230 4591 242 4637 ι
245 4596 322 4651 ,reete
341 4587 378 4636 Γ(
507 4592 634 4639 curatione
653 4586 700 4649 si,
720 4597 804 4639 curete
823 4587 861 4638 Γ(
993 4588 1145 4658 praeceptis]
1164 4591 1204 4654 Π,
1223 4593 1311 4642 orn.F
1447 4592 1462 4642 8
1481 4589 1633 4660 temporum]
1650 4593 1767 4654 exemplo
1787 4590 1823 4639 si

228 4678 307 4753 piane
317 4674 361 4740 (Γ)
467 4678 519 4725 nisi
531 4672 692 4743 obsequerer]
705 4675 767 4740 (Π),
786 4678 869 4725 cml·
971 4675 1043 4744 aar]
1056 4676 1117 4741 (Π),
1135 4678 1186 4726 nisi
1199 4679 1223 4725 Γ
1324 4675 1509 4745 praecauerem]
1523 4676 1568 4740 Fi,
1588 4681 1785 4743 praeuaricurern
1798 4674 1857 4725 Μ

230 4761 261 4811 io
280 4759 336 4830 tus]
356 4763 471 4826 Lppsias,
493 4769 551 4811 tuae
571 4764 593 4810 F
712 4764 865 4813 foeneratum
883 4763 922 4824 Π,
942 4766 1086 4813 ismersttrn
1104 4762 1150 4813 ΓΓ
1274 4761 1386 4832 uiderer]
1405 4765 1443 4826 Π,
1464 4767 1552 4815 uidear
1569 4764 1616 4815 ΓΓ
1740 4762 1790 4833 est]
1810 4781 1855 4815 su·

229 4857 279 4919 tem
299 4844 337 4896 Fi
440 4846 571 4917 mutuum]
589 4851 695 4898 nimium
715 4847 753 4897 pn
856 4851 964 4899 seribere
983 4847 1021 4897 1³³
1124 4847 1217 4917 mulos]
1237 4851 1352 4915 maius,
1372 4852 1481 4900 aemulos
1499 4853 1523 4899 Γ
1632 4851 1659 4901 11
1681 4852 1767 4900 affinis
1785 4848 1823 4898 Fi

229 4932 364 5002 restringo]
378 4936 406 4997 F,
426 4936 567 4997 perstringo
580 4936 613 4984 Π
716 4935 746 4985 12
765 4941 825 4985 tuae
838 4937 1002 4999 pendendum
1013 4934 1173 5005 relinquens]
1185 4936 1244 5001 (Π),
1265 4938 1412 4999 relinquens
1424 4938 1585 5000 pendendum
1598 4939 1621 4985 F
1707 4938 1773 4999 quod
1786 4937 1820 4984 1¹¹¹

228 5023 302 5071 uelut
319 5019 356 5069 Fi
460 5022 575 5071 mercaris
593 5020 630 5070 Fi
759 5022 789 5071 13
808 5022 901 5073 ductus
920 5021 957 5070 Γ9
1060 5024 1126 5086 quod
1146 5020 1184 5072 ΓΒ
1288 5019 1348 5090 tibi]
1366 5021 1420 5088 (Γ),
1441 5038 1489 5073 orn.
1506 5025 1529 5072 Γ
1629 5025 1710 5073 ismae
1727 5025 1801 5072 ouius
1820 5020 1857 5070 Fi

232 5106 262 5156 14
280 5108 326 5157 tali
344 5112 370 5155 te
388 5112 455 5157 teste
472 5122 594 5158 nummus
612 5110 785 5157 succumberet
803 5106 841 5156 Γ(
945 5111 1002 5158 urle
1020 5123 1068 5158 om.
1090 5105 1126 5157 1⁴²⁸

318 5192 348 5243 ts
366 5191 520 5261 praenitere]
534 5192 588 5257 (Γ),
603 5196 764 5256 praemittere
777 5194 839 5260 (Π),
855 5199 1010 5259 praeminere
1024 5194 1115 5246 Merces·
1203 5195 1235 5245 ie
1252 5193 1394 5263 rescriptis]
1407 5210 1459 5258 epo,
1474 5197 1605 5259 descriptis
1618 5195 1666 5258 (Π)
1755 5193 1785 5244 21
1806 5195 1857 5245 Pu-

171 5316 172 5319 ,
230 5281 280 5329 bilo
297 5280 403 5329 Pollioni
425 5280 489 5341 (Π),
510 5278 546 5339 es.
559 5280 782 5331 commentationes
802 5282 1008 5331 doemonas
1022 5298 1049 5343 p.
1063 5283 1116 5332 800
1219 5282 1252 5332 22
1271 5279 1589 5349 quiAmbiuio]1areiru,
1608 5295 1683 5342 quern
1702 5282 1774 5330 bsuio
1794 5282 1826 5330 Π

229 5372 256 5415 et
273 5363 374 5437 Roscio]
395 5367 562 5429 Gattamios,
584 5372 610 5415 et
628 5368 713 5417 roscio
731 5365 761 5431 Γ,
781 5368 897 5417 ethrusco
915 5368 948 5415 Π
1058 5367 1091 5418 24
1110 5365 1241 5436 quonism]
1259 5367 1321 5432 (11),
1340 5368 1440 5430 quando
1459 5366 1502 5432 (Γ)
1615 5366 1647 5416 25
1665 5369 1798 5415 minimum
1817 5382 1856 5417 re·

230 5450 309 5519 stitit]
333 5466 387 5515 epo,
415 5454 519 5501 minima
541 5467 580 5501 res
604 5454 677 5502 stetit
695 5453 761 5517 (Π),
786 5456 888 5502 minimo
907 5456 980 5502 stetit
997 5452 1041 5517 (Γ)
1181 5454 1214 5503 28
1232 5460 1362 5517 promptus
1380 5455 1506 5517 simulque
1525 5455 1643 5504 restituas
1662 5451 1723 5513 ΠΓ,
1748 5457 1858 5515 aequum

227 5553 254 5599 p.
268 5536 328 5600 269,
346 5537 373 5587 il
388 5564 422 5575 -
435 5537 493 5599 27³,
509 5538 558 5601 243
585 5541 665 5588 ultera
683 5540 802 5600 mutuae
818 5554 877 5600 pure
895 5538 977 5588 deerat
996 5543 1022 5588 ia
1040 5541 1078 5603 Π,
1105 5544 1131 5589 iu
1149 5538 1196 5589 ΓΓ
1210 5542 1330 5603 spirim
1348 5543 1399 5590 us
1416 5541 1472 5589 libri
1493 5541 1573 5587 Vllll
1590 5539 1688 5590 adnexo
1705 5546 1755 5597 ιιι,-
1780 5554 1856 5587 mem-

230 5623 272 5671 bru
289 5623 391 5672 duisels
409 5627 537 5673 coniunxit
555 5625 616 5674 Suae
766 5623 897 5693 ineundis]
915 5624 967 5689 (Γ),
989 5627 1125 5675 ineundam
1146 5624 1181 5674 Γ(
1193 5629 1209 5676 2
1220 5642 1254 5674 m.
1270 5624 1316 5688 Fi,
1337 5627 1365 5675 in
1382 5627 1491 5676 eundem
1510 5626 1556 5689 Γ),
1576 5627 1690 5675 ineunda
1707 5623 1768 5674 ΓΞ(
1784 5641 1819 5674 m.

230 5707 323 5777 poena]
340 5724 392 5771 epo,
413 5724 460 5759 om.
477 5708 523 5758 ΓΓ
642 5708 757 5779 capitali]
775 5713 804 5772 Γ,
824 5712 930 5774 capituli
949 5709 975 5759 Γ
1093 5712 1126 5762 tii
1144 5709 1306 5779 exitis]·epo,
1326 5714 1404 5761 exitio
1423 5714 1445 5760 F
1564 5718 1709 5762 cunctorum
1726 5712 1855 5760 lacrimas-

230 5791 291 5861 que]
302 5809 353 5857 epo,
369 5801 514 5846 cunctorum
527 5798 685 5862 lacrimisque
698 5796 728 5861 Γ,
743 5799 902 5860 lacrimisque
913 5803 1059 5849 cunctorum
1072 5800 1095 5847 F
1187 5796 1356 5864 expiauit]1’,
1371 5801 1495 5862 expies?
1577 5795 1662 5866 homo]
1675 5795 1745 5861 ΓΝ,
1760 5798 1805 5849 bec
1818 5795 1855 5846 1¹⁷²
