4744 6476
506 440 567 503 328
1104 438 1299 496 SYMMAOHI
1319 439 1530 496 ORATIONES
1609 473 1611 478 -

337 713 341 723 Ι
444 629 484 687 22
507 628 672 693 obsidetur
701 628 802 693 oculis
833 627 977 693 subiecta
1007 628 1157 693 barbaria
1193 636 1226 694 et
1256 629 1417 712 intellegit
1446 630 1509 694 sibi
1539 630 1719 694 libertatem
1747 649 1804 714 pro
1834 638 1926 714 parte
1957 634 2126 711 sublatam,

505 731 556 797 cui
579 753 642 796 non
664 732 740 796 licet
761 731 880 795 habere
904 737 1073 796 secretum.
1119 752 1182 797 non
1207 752 1268 813 ego
1291 732 1444 797 montium
1468 732 1618 817 speculas
1639 740 1696 797 aut
1718 732 1828 798 decisa
1849 734 2019 819 Aegyptiis
2043 737 2131 820 rupi-

502 836 564 899 bus
594 855 727 919 procera
755 833 911 899 miracula
936 834 949 918 ΙΙ
975 842 1022 897 vsi
1043 843 1223 912 pyramidum
1245 843 1369 897 veraces
1391 843 1543 911 angulosos
1569 835 1581 917 ll
1609 834 1749 918 fastigiis
1771 837 1878 903 celsae
1900 837 1988 902 urbis
2009 858 2130 921 aequa-

330 950 402 990 subr·
417 963 438 1001 n·
453 953 491 992 scr
505 937 616 1002 verim.
663 957 753 1020 reges
775 938 864 1022 ipsos
887 936 1009 1019 siquis
1032 937 1215 1019 interroget,
1242 937 1420 1002 laudabunt
1439 936 1444 1022 Ι
1463 937 1655 1017 mehercule,
1684 938 1770 1021 quod
1792 938 1917 1005 institui
1938 941 2125 1008 noluissent.

503 1041 573 1125 ipse
610 1041 643 1105 iu
681 1040 826 1106 hostibus
855 1038 1054 1124 deprehendi
1082 1039 1235 1121 ambigua
1265 1039 1362 1122 sigua
1388 1038 1566 1105 formidinis
1595 1048 1628 1105 et
1656 1041 1815 1125 stuporis,
1849 1043 1895 1108 ita
1922 1045 2157 1129 conspicuans

503 1145 662 1209 moenium
693 1143 882 1226 dignitatem
912 1142 1002 1208 vario
1030 1142 1279 1226 interpretantur
1308 1142 1453 1223 adfectu,
1492 1149 1527 1207 ut
1554 1143 1661 1208 adhuc
1691 1144 1867 1211 ddudicare
1895 1166 1961 1211 nou
1990 1147 2124 1230 possint,

502 1253 608 1312 utrum
631 1267 703 1312 eam
726 1246 834 1311 mirari
856 1245 962 1329 magis
985 1244 1126 1310 debeant
1147 1265 1189 1309 an
1212 1246 1326 1310 vereri.

440 1351 480 1411 23
590 1350 681 1429 Dixi,
708 1349 855 1431 Auguste
877 1348 1089 1429 venerabilis,
1121 1347 1259 1431 negotiis
1289 1348 1352 1413 tuis
1380 1348 1502 1413 auxilio
1525 1349 1626 1415 fuisse
1649 1350 1814 1416 caelestes.
1861 1350 1966 1416 facilis
1988 1351 2128 1417 adsertio

502 1460 561 1533 est,
588 1473 659 1517 cum
682 1452 793 1518 Rheno
815 1458 898 1517 teste
919 1451 1075 1529 nitamur;
1109 1451 1163 1534 qui
1185 1450 1324 1535 Alpinae
1347 1451 1430 1516 nivis
1453 1451 1559 1518 defluo
1581 1453 1703 1537 liquore
1727 1454 1918 1537 cumulatus,
1944 1475 2016 1519 cum
2039 1455 2127 1540 ripae

434 1624 456 1657 p
501 1557 651 1623 utriusvis
682 1556 819 1622 confinia
847 1562 1016 1638 cogeretur
1040 1554 1214 1635 excedere,
1247 1555 1361 1621 maluit
1382 1555 1426 1620 ad
1447 1555 1577 1621 victoris
1598 1557 1670 1622 iura
1691 1558 1839 1623 transire.
1886 1565 2056 1623 aversatus
2079 1565 2127 1623 est
2146 1579 2173 1618 m

502 1662 604 1726 solum
628 1661 799 1725 barbarum
822 1666 986 1741 totumque
1008 1658 1146 1743 principi
1168 1678 1285 1741 agmen
1308 1659 1457 1741 exposuit
1479 1680 1565 1725 more
1588 1660 1794 1743 migrantium
1809 1660 2029 1745 perfugamm.
2066 1682 2127 1727 non

463 1738 562 1829 'fuit
583 1764 657 1843 ille,
691 1763 720 1827 si
743 1762 864 1843 credis,
899 1761 1027 1826 hostilis
1050 1780 1221 1841 excursus,
1257 1762 1343 1826 lento
1366 1781 1423 1845 per
1444 1768 1557 1847 aperta
1578 1782 1732 1848 processu
1754 1764 1843 1829 veuit
1865 1763 1981 1829 similis
2003 1765 2129 1849 suppli-

501 1867 596 1931 canti.
645 1864 841 1931 deditionem
865 1864 1004 1929 vidimus
1033 1862 1223 1929 fluentorum
1246 1863 1314 1928 Nili
1341 1864 1560 1947 eruptionibus
1583 1866 1777 1949 proximam,
1810 1867 1926 1949 quibus
1948 1885 2043 1931 arens
2066 1867 2128 1931 Ca-

503 1988 602 2051 nopus
626 1976 658 2033 et
673 1967 879 2052 Memphitica
902 1966 1019 2048 glaeba
1039 1965 1237 2051 pinguescit;
1265 1973 1296 2030 et
1315 1966 1372 2031 ille
1392 1973 1428 2031 ut
1444 1968 1639 2050 obsequatur
1654 1968 1827 2051 egreditur.
1876 1969 2011 2034 accessit
2026 1970 2123 2043 aliud,

501 2092 565 2155 quc
595 2070 701 2153 magis
730 2071 792 2135 hoc
813 2070 916 2134 amice
938 2068 1007 2133 lieri
1030 2069 1252 2151 crederemus,
1285 2069 1372 2152 quod
1394 2070 1529 2153 Nigrum
1553 2069 1683 2136 fluvium
1707 2073 1801 2155 quasi
1823 2071 1986 2155 quoddam
2010 2073 2125 2156 pignus
2145 2092 2171 2131 η

500 2174 694 2260 accepimus.
740 2174 806 2238 iam
836 2173 941 2238 minus
970 2173 1085 2236 mirum
1107 2178 1171 2253 est,
1206 2172 1290 2255 quod
1313 2172 1370 2239 tibi
1392 2193 1505 2256 regum
1527 2173 1622 2238 liberi
1644 2195 1700 2259 pro
1723 2173 1908 2240 foederibus
1930 2176 2121 2245 offeruntur:

499 2298 559 2343 nec
581 2277 723 2358 Rhenus,
750 2282 785 2340 ut
806 2276 852 2340 ita
874 2274 1027 2356 dixerim,
1054 2276 1199 2341 Romana
1221 2296 1300 2361 pace
1323 2276 1496 2359 gauderet,
1523 2276 1585 2342 nisi
1608 2297 1735 2341 amnem
1759 2297 1933 2343 convenam
1957 2279 2046 2344 velut
2067 2280 2124 2343 ob-

323 2393 396 2432 tubr-
410 2406 431 2445 u·
447 2394 484 2434 ¹9⁰
500 2380 603 2445 sidem
624 2378 831 2465 tradildisset.

436 2482 476 2542 24
585 2481 785 2547 Ventilemus
820 2479 926 2565 prisca
961 2488 1182 2563 monumenta,
1222 2488 1398 2546 scrutemur
1427 2481 1577 2546 anuales:
1614 2481 1762 2547 invenies
1795 2490 1988 2549 uetustatem
2022 2505 2124 2569 paene

497 2588 642 2670 ignaram
671 2584 857 2664 fluminum,
890 2603 973 2666 quae
1002 2584 1130 2649 tenetis.
1177 2583 1240 2668 ipsi
1268 2584 1317 2647 illi
1349 2590 1441 2649 vates
1471 2584 1605 2650 exoticis
1634 2586 1816 2650 nominibus
1846 2586 1980 2652 licenter
2008 2589 2121 2669 ornati,
2142 2606 2171 2647 sc

497 2709 568 2755 oum
591 2689 634 2755 ad
648 2688 795 2753 indicum
811 2688 949 2770 Gangen
972 2691 1004 2752 et
1020 2687 1243 2770 Borysthenen
1259 2686 1443 2772 Scythicum
1467 2707 1595 2753 carmen
1618 2688 1830 2771 extenderint,
1856 2690 1993 2773 Nigrum
2015 2712 2122 2776 parem

497 2793 647 2857 maximis
669 2791 870 2875 ignoratione
892 2790 1062 2855 siluerunt,
1098 2810 1183 2855 nunc
1205 2790 1341 2874 primum
1364 2790 1505 2856 victoriis
1527 2791 1591 2856 tuis
1614 2799 1766 2857 externus
1788 2791 1904 2858 fluvius
1928 2794 2121 2877 publicatur.

496 2895 639 2978 gaudeat
660 2894 828 2960 servitute:
857 2892 1002 2977 captivus
1025 2892 1173 2958 innotuit.
1213 2893 1380 2959 elementis
1403 2892 1637 2975 quodammodo
1660 2894 1794 2960 ditatam
1818 2915 1912 2960 cerno
1936 2916 2002 2962 rem
2018 2897 2125 2982 publi·

496 3018 583 3078 cam,
618 2997 668 3062 cui
700 3016 811 3062 amnes
840 2995 994 3078 incogniti
1015 2996 1254 3078 mancipantur,
1288 2996 1464 3079 longinqua
1486 3004 1572 3062 terra
1593 2997 1805 3080 coniungitur.
1853 2999 1929 3063 dum
1952 3000 2038 3065 orbis
2060 3007 2124 3065 ter-

496 3101 601 3165 minos
628 3100 772 3182 quaeris,
815 3098 958 3181 gentium
995 3097 1165 3163 sustulisti.
1212 3118 1324 3182 parum
1356 3098 1512 3180 quiddam
1541 3105 1676 3164 naturae
1705 3107 1869 3185 superest,
1903 3102 1987 3183 quod
2018 3102 2124 3167 adhuc
2143 3121 2171 3163 ns

433 3205 473 3263 25
497 3205 660 3268 Romanus
689 3202 838 3286 inquirat.
887 3200 990 3266 relabi
1020 3200 1125 3265 credis
1151 3200 1337 3285 imperium,
1370 3202 1433 3266 nisi
1456 3221 1583 3286 semper
1605 3203 1787 3268 accesserit.
1835 3202 1913 3284 quid
1935 3204 1961 3267 si
1984 3204 2123 3289 impetus

495 3315 566 3372 tuos
596 3306 754 3371 institutio
784 3303 946 3369 moenium
977 3323 1039 3368 non
1063 3309 1209 3368 teneret?
1252 3304 1358 3368 nescis
1380 3305 1516 3369 transire
1539 3304 1679 3370 deserta.
1727 3306 1928 3387 diligentiam
1951 3306 2123 3373 iactantiae

494 3409 685 3495 praetulisti,
713 3429 787 3473 nam
811 3407 960 3473 celeritas
982 3405 1090 3470 famae
1112 3406 1279 3472 commoda
1302 3414 1362 3485 est,
1388 3408 1521 3472 munitio
1544 3407 1696 3473 firmitati.
1743 3429 1912 3491 quererer,
1939 3410 2049 3475 consul
2073 3411 2124 3476 iu-

494 3514 589 3593 victe,
615 3511 751 3577 necdum
774 3510 832 3575 tibi
855 3529 969 3594 parere
992 3509 1109 3587 omnia,
1136 3509 1200 3575 nisi
1223 3529 1273 3588 ea,
1300 3530 1383 3592 quae
1406 3510 1558 3575 adiuncta
1580 3518 1664 3576 sunt.
1691 3511 1806 3576 scirem
1829 3512 1916 3577 facta
1938 3512 2083 3577 meliora.

432 3618 473 3677 26
582 3615 734 3679 Consulto
756 3614 858 3679 multa
880 3619 1063 3697 praetereo,
1089 3631 1130 3677 ne
1152 3611 1186 3676 in
1208 3612 1351 3695 poeticos
1373 3611 1469 3677 flatus
1491 3633 1595 3678 rerum
1618 3613 1796 3696 ingentium
1820 3614 1992 3679 cothurnus
2013 3635 2122 3680 erum-
2140 3637 2170 3677 so

320 3732 394 3773 tcbr·
408 3745 429 3783 u·
443 3724 561 3804 supas.
609 3738 707 3782 unum
737 3737 756 3781 e
785 3716 933 3800 pluribus
962 3715 1071 3781 stricta
1098 3715 1314 3780 insinuatione
1344 3716 1546 3798 contingam:
1576 3717 1723 3782 Rhenum
1749 3716 1754 3801 Ι
1781 3737 1954 3800 numquam
1984 3719 2122 3784 antehac

493 3829 613 3886 temere
628 3819 813 3902 navigatum
829 3818 1025 3883 tumentibus
1041 3817 1135 3900 aquis
1149 3817 1266 3882 itinera
1280 3824 1350 3883 tuta
1366 3825 1517 3902 portasse.
1563 3818 1692 3885 semitae
1706 3819 1741 3884 in
1756 3839 1874 3884 morem
1890 3841 1974 3886 nexa
1989 3821 2122 3904 navigia

492 3930 652 3990 constrato
689 3922 829 4005 desuper
859 3922 926 3986 solo
956 3920 1097 4005 riparum
1128 3922 1247 3986 extima
1277 3921 1523 3987 momorderunt.
1572 3922 1667 3986 unius
1697 3921 1763 3986 diei
1791 3922 1920 4004 negotio
1949 3924 2121 4008 pendentis

493 4026 661 4092 machinae
692 4024 768 4090 ordo
799 4024 971 4091 convaluit.
1019 4024 1095 4089 ludo
1124 4025 1259 4107 iocoque
1290 4032 1444 4090 certatum
1467 4032 1534 4106 est,
1568 4045 1608 4090 ex
1631 4045 1694 4108 qus
1717 4030 1807 4109 parte
1829 4025 1972 4090 uelocius
1993 4026 2028 4090 in
2051 4047 2121 4091 am-

494 4151 566 4195 nem
594 4130 736 4195 medium
768 4129 927 4194 contextio
959 4128 1151 4213 perveniret.
1200 4134 1252 4193 eat
1275 4148 1359 4193 nunc
1381 4127 1512 4192 Troiani
1536 4128 1687 4192 carminis
1710 4135 1820 4192 auctor
1840 4127 1986 4193 inlustris
2008 4137 2041 4194 et
2063 4150 2120 4214 pro
2139 4151 2169 4191 aa

492 4233 585 4298 clade
614 4232 817 4317 popularium
841 4231 1006 4296 Xanthum
1034 4229 1135 4313 fingat
1157 4231 1290 4311 iratum,
1323 4236 1442 4294 artatas
1465 4229 1678 4295 cadaveribus
1701 4229 1805 4295 undas
1828 4230 1963 4314 scriptor
1984 4231 2118 4298 deeoms

492 4335 623 4401 educat:
656 4334 791 4400 nescivit
813 4333 947 4399 flumina
969 4352 1065 4417 posse
1087 4332 1217 4399 frenari.
1264 4339 1429 4399 tantumne
1452 4332 1555 4396 valuit
1576 4332 1663 4396 rivus
1685 4332 1822 4414 iliacus,
1848 4339 1884 4398 ut
1906 4333 1939 4397 in
1962 4335 2119 4400 auxilium

491 4438 627 4502 Vulcani
655 4436 786 4501 flamma
811 4441 995 4522 peteretur?
1038 4436 1216 4519 profundus
1245 4435 1373 4517 didicit,
1415 4434 1493 4516 quid
1522 4455 1641 4518 parvus
1672 4435 1821 4501 evaserit.
1870 4434 2016 4502 defensio
2046 4437 2119 4522 ipsa

580 4698 589 4747 1
611 4698 744 4746 obsedetur
871 4702 967 4762 partem
1107 4696 1122 4745 2
1141 4696 1295 4746 scribendum
1313 4702 1365 4747 erut
1383 4702 1426 4745 cat
1444 4697 1527 4745 decisa
1545 4696 1679 4757 Aegyptiis
1697 4697 1802 4757 rupibus
1820 4711 1920 4758 proceru
1938 4699 2057 4746 mirseuls
2075 4704 2119 4747 out

492 4785 647 4846 pyramidum
666 4785 775 4833 uertices
793 4784 924 4842 angulosos
1037 4782 1229 4844 spyrnntdum
1248 4797 1309 4833 corr.
1329 4799 1357 4832 cc
1376 4784 1538 4845 purumidum
1559 4788 1569 4831 1
1590 4798 1624 4831 m.
1732 4783 1842 4831 fastidiis
1863 4788 1873 4830 1
1894 4798 1928 4832 m.
2044 4783 2119 4833 fre-

491 4873 528 4929 gis
632 4871 771 4932 quodstitul
792 4874 852 4917 lm.
960 4870 1163 4931 bdeprseheudi
1267 4868 1647 4933 discerptaetsnturadfeclturp
1752 4867 1902 4936 diiudicare]
1916 4870 2011 4932 Haupt,
2032 4870 2120 4918 diuin-

491 4956 572 5004 dicere

577 5044 724 5091 Beselestis
828 5042 922 5104 liquis
1030 5042 1060 5089 to
1078 5039 1285 5108 utriusuis]epo,
1306 5045 1413 5104 utriusq.
1524 5041 1551 5090 11
1574 5042 1739 5101 megrautium
1761 5045 1820 5089 lm.
1931 5040 1962 5089 12
1981 5041 2083 5089 hostiles

491 5130 616 5177 slmilesl
632 5146 666 5177 m.
777 5127 805 5175 13
825 5128 980 5175 licentiorum
1001 5132 1012 5176 1
1031 5144 1063 5178 m.
1171 5143 1224 5176 ares
1247 5133 1303 5178 lm.
1411 5125 1612 5194 Osrropus]Mci,
1635 5141 1745 5188 euporius
1852 5126 1882 5176 14
1900 5126 2082 5192 estimemfltirs
2148 5132 2154 5143 ·

491 5215 629 5276 pinguiseit
651 5218 708 5261 lm.
798 5210 915 5279 necessit]
932 5227 984 5274 cpe,
1005 5217 1082 5263 cessit
1168 5215 1230 5262 aliut
1337 5215 1367 5263 15
1386 5216 1509 5277 quondam
1530 5219 1590 5262 lm.
1698 5211 1729 5261 li
1749 5215 1914 5273 renust,
1934 5219 2079 5261 renoslm.

491 5299 780 5366 obsedemtrsdildisseut

577 5384 608 5434 sl
629 5384 766 5450 longinque
881 5386 971 5449 qrorbts
1088 5384 1384 5447 aspernamentum
1497 5386 1616 5448 quiddam
1635 5398 1696 5435 cerr.
1718 5399 1747 5433 ex
1765 5385 1868 5447 quidum
1888 5388 1898 5432 l
1919 5400 1952 5434 m.
2071 5387 2118 5434 sd-

492 5474 537 5519 hoc
558 5477 568 5519 l
588 5487 622 5521 m.

576 5559 608 5607 28
628 5572 759 5620 quaererer
862 5559 1033 5608 cousrsluictse
1050 5573 1112 5608 corr.
1136 5564 1147 5606 1
1166 5576 1200 5608 m.

578 5646 609 5693 30
627 5644 891 5710 sugentiumcoturnus
997 5645 1025 5692 31
1048 5642 1207 5711 stricta]eqq
1228 5647 1299 5706 striis
1404 5645 1436 5694 32
1456 5652 1542 5694 tencre
1557 5649 1568 5691 l
1583 5660 1615 5693 m.
1724 5650 1836 5705 portasse
1849 5641 1966 5709 semitae]
1982 5645 2114 5707 hieratica),

491 5729 646 5795 portasselits
751 5732 783 5779 ³3
802 5728 907 5797 extima]
927 5732 987 5785 Miri,
1009 5734 1125 5779 existima
1231 5735 1310 5783 unius
1414 5733 1447 5779 36
1465 5727 1568 5796 artatas]
1587 5731 1717 5781 Baehrens,
1738 5737 1844 5778 seruatus
