4736 6478
1218 342 1253 361 ,Α

1107 491 1303 547 SYMMACHI
1322 491 1531 548 EPISTVLAE

1072 855 1180 919 cxrn
1199 854 1294 938 (uxr)
1328 875 1360 919 a.
1379 857 1560 918 eos-am.

380 996 491 1058 PVM
912 962 916 969 ’
1072 992 1331 1060 srnnrcnvs
1353 991 1563 1058 armano.

593 1165 702 1230 Causa
723 1164 818 1230 amici
843 1165 959 1245 suasit,
995 1172 1030 1229 ut
1059 1165 1248 1243 scriberem
1282 1163 1341 1230 sed
1370 1162 1534 1230 fatendum
1558 1172 1618 1245 est,
1653 1165 1805 1235 maiorem
1834 1185 1885 1231 me
1914 1186 2023 1232 curam
2054 1174 2128 1232 tuae

507 1267 752 1334 existimationis
775 1267 937 1334 habuisse.
985 1289 1059 1333 nam
1082 1268 1283 1334 lllinucianus
1305 1289 1336 1333 v.
1362 1288 1390 1333 c.
1416 1268 1534 1351 exiguo
1556 1267 1752 1348 periclitatur
1774 1276 1916 1351 argento,
1945 1271 2003 1334 tibi
2022 1276 2128 1335 autem

506 1391 569 1435 non
591 1371 697 1436 tenuis
720 1371 761 1435 ad
785 1369 912 1436 laudem
937 1371 1131 1438 reserabitur
1152 1372 1215 1451 via,
1243 1372 1271 1437 si
1290 1371 1392 1449 falsis,
1420 1370 1575 1451 utaudio,
1603 1372 1798 1456 syngraphis
1813 1372 1975 1438 calumnia
1991 1373 2130 1438 excitata
2149 1394 2162 1431 s

465 1480 484 1539 2
507 1473 697 1540 consederit.
746 1474 837 1559 piget
858 1474 983 1555 dicere,
1010 1474 1125 1557 quibus
1147 1474 1286 1560 strophis
1307 1473 1466 1560 adparitio
1488 1474 1562 1540 Itali
1583 1480 1748 1558 grassetur
1769 1475 1897 1540 aerarii.
1943 1474 2050 1541 ferunt
2071 1477 2129 1542 sub

455 1646 458 1651 ,
507 1577 626 1663 publici
649 1577 748 1643 debiti
771 1577 877 1663 specie
900 1579 1095 1662 privatorum
1117 1578 1280 1643 nominum
1302 1576 1387 1642 falsa
1408 1577 1548 1643 recitari.
1593 1577 1753 1643 invalidos
1775 1577 1902 1660 quidem
1925 1579 2033 1644 statim
2059 1579 2128 1644 vin-

506 1680 549 1746 cit
577 1680 749 1766 inpressio,
783 1680 956 1747 validiores
986 1688 1111 1761 autem,
1146 1700 1217 1746 cum
1246 1679 1445 1746 munimenta
1472 1700 1529 1764 pro
1552 1699 1587 1745 se
1608 1679 1688 1745 iuris
1709 1680 1919 1765 adsciverint,
1951 1681 2129 1748 criminosis

506 1785 674 1850 verborum
695 1784 1009 1870 interpretationibus
1031 1784 1243 1868 inplicantur,
1277 1789 1312 1849 ut
1333 1784 1377 1848 ad
1399 1783 1509 1848 damni
1530 1782 1717 1868 patientiam
1747 1803 1818 1850 sese
1846 1784 1988 1851 invidiae
2017 1785 2129 1879 timore

507 1888 716 1954 summittant.
756 1888 814 1954 sed
837 1909 867 1953 v.
894 1908 921 1953 c.
947 1887 1148 1953 Minucianus
1170 1887 1218 1952 tui
1240 1905 1371 1952 securus
1393 1894 1426 1952 et
1447 1887 1555 1971 legum
1578 1886 1744 1952 relationis
1766 1887 1870 1954 minas
1891 1888 2018 1954 amoliri
2042 1895 2132 1973 optat
2151 1908 2180 1948 m
2302 1918 2317 1933 =

465 1990 665 2057 3examine.
714 1990 757 2056 da
785 1992 899 2074 igitur,
933 2011 987 2057 oro
1014 1999 1062 2073 te,
1095 1990 1235 2072 iudices,
1269 2010 1349 2074 quos
1371 1990 1503 2055 urbanis
1531 1990 1743 2076 potestatibus
1770 1990 1948 2077 imperialis
1977 1991 2132 2078 praefecit

507 2095 637 2173 electio;
672 2115 776 2178 neque
806 2094 891 2159 enim
922 2095 1055 2179 dignum
1085 2102 1134 2160 est
1157 2094 1200 2160 ad
1221 2094 1430 2178 longinquam
1453 2094 1664 2178 cognitionem
1687 2094 1794 2161 vocari
1817 2094 1959 2162 debitum
1981 2102 2079 2162 tenue
2101 2102 2132 2161 et

506 2197 711 2281 praecipuam
736 2197 937 2282 dignitatern.
978 2198 1104 2281 longius
1126 2206 1305 2283 pergerem,
1331 2197 1359 2263 si
1381 2197 1528 2281 aequitas
1550 2198 1650 2263 vellet
1670 2198 1780 2263 multis
1801 2197 1949 2284 precibus
1970 2198 2128 2265 adiuvari.
2161 2274 2164 2279 ¹

507 2319 624 2365 causae
646 2320 750 2384 genus
773 2301 885 2367 relatio
907 2300 1101 2386 publicabit3
1129 2322 1212 2383 quae
1235 2301 1296 2366 etsi
1319 2321 1456 2367 errorem
1475 2301 1615 2366 tuebitur
1628 2301 1809 2384 cognitoris,
1835 2322 2008 2386 numquam
2024 2302 2130 2368 tamen

507 2404 622 2489 poterit
643 2404 789 2487 emereri,
815 2404 921 2470 atilli
943 2425 964 2469 a
986 2411 1018 2469 te
1041 2403 1111 2470 sine
1135 2403 1200 2469 alio
1223 2403 1436 2489 disceptatore
1458 2403 1617 2469 credatur.
2151 2423 2180 2463 rs

1181 2714 1306 2779 nunu
1326 2714 1452 2798 (usn).

1071 2851 1330 2918 srnnsuuvs
1352 2851 1562 2919 rrrnnuo

593 3026 776 3092 Ostentator
797 3026 860 3092 mei
883 3026 915 3092 in
938 3033 970 3091 te
1000 3025 1097 3091 studii
1126 3044 1197 3090 esse
1225 3045 1288 3089 non
1319 3024 1437 3099 debe03
1472 3023 1581 3090 officia
1609 3024 1727 3111 quippe
1757 3046 1798 3091 ex
1827 3025 1935 3091 debito
1965 3025 2131 3109 religionis

507 3129 651 3215 profecta
672 3128 876 3195 iactationem
898 3134 1059 3194 recusant.
1099 3128 1294 3213 quinimmo
1316 3127 1427 3195 uberis
1448 3128 1573 3212 gratiae
1594 3128 1697 3194 instar
1717 3128 1839 3225 accepi,
1866 3128 1951 3210 quod
1973 3129 2132 3195 amicitiae

507 3253 601 3299 meae
623 3253 655 3298 v.
681 3254 708 3299 c.
735 3231 843 3317 Scipio
865 3238 897 3298 te
920 3237 1110 3317 mystagogo
1132 3251 1210 3298 usus
1232 3231 1382 3299 accessit.
1429 3232 1603 3298 maximum
1633 3231 1716 3298 enim
1747 3233 1869 3298 lucrum
1900 3239 1951 3298 est
1979 3249 2180 3321 quaererem

508 3336 758 3402 familiaritatem
788 3336 949 3401 bonorum.
999 3342 1033 3403 et
1061 3355 1140 3403 saue
1168 3355 1278 3421 spero,
1311 3335 1417 3421 ipsum
1446 3356 1572 3420 quoque
1600 3335 1634 3401 in
1656 3336 1803 3402 omnibus
1824 3336 1923 3402 nosti
1946 3335 2134 3419 diligentem

510 3440 660 3521 futurum,
686 3446 855 3525 postquam
878 3440 1064 3523 cognoverit
1085 3458 1213 3506 suorum
1235 3440 1351 3521 relatu,
1381 3438 1459 3521 quid
1482 3439 1610 3524 negotio
1632 3438 1702 3505 eius
1724 3459 1801 3504 cura
1821 3444 1932 3504 nostra
1952 3439 2132 3505 contulerit.

1068 3750 1155 3816 cxv
1175 3748 1301 3833 (cmm
1339 3769 1370 3814 a.
1389 3751 1570 3815 sor-sos.

1069 3882 1333 3953 sunudcnvs
1361 3886 1572 3952 Parnaso.

595 4060 870 4145 Quadragesimae
892 4061 1066 4146 portorium
1094 4060 1174 4145 [sive
1196 4059 1346 4144 vectigal]
1380 4079 1443 4126 nou
1472 4066 1558 4126 recte
1588 4060 1729 4144 poscitur
1751 4082 1772 4126 a
1793 4060 1993 4127 senatoribus
2023 4061 2134 4127 eandi-
2153 4078 2183 4119 ιι

509 4163 604 4247 datis,
631 4164 708 4247 quia
730 4164 829 4230 nosti
852 4164 973 4230 ordinis
995 4164 1176 4231 functiones
1199 4163 1326 4230 onerari
1347 4163 1485 4247 geminis
1507 4163 1716 4230 incommodis
1738 4183 1803 4229 non
1825 4170 1959 4248 oportet.
2002 4163 2062 4230 hoe
2076 4164 2135 4230 tibi

509 4267 606 4334 etiam
639 4287 696 4353 pro
729 4266 874 4353 Cynegia
907 4268 1027 4335 dudum
1060 4267 1167 4333 missis
1198 4266 1312 4334 litteris
1344 4266 1495 4333 indicari.
1542 4287 1627 4334 nunc
1660 4266 1718 4332 lilii
1750 4267 1814 4333 mei
1847 4266 2034 4352 Pompeiani
2066 4268 2135 4333 cla-

509 4370 627 4437 rissimi
650 4379 682 4437 et
703 4370 814 4457 optimi
836 4371 962 4438 iuvenis
983 4391 1043 4457 par
1065 4371 1242 4438 necessitas
1264 4369 1469 4456 depoposcit,
1503 4377 1538 4437 ut
1560 4377 1739 4454 repeterem
1760 4372 1967 4456 postulatum.
2014 4390 2134 4452 quaeso

510 4475 623 4559 igitur,
651 4481 687 4540 nt
708 4474 957 4557 humanitatem,
982 4494 1067 4558 quae
1089 4475 1172 4540 inter
1193 4473 1327 4541 virtutes
1349 4480 1422 4540 tuas
1450 4473 1555 4559 prima
1582 4480 1649 4555 est,
1681 4473 1781 4540 nostri
1810 4473 1932 4539 ordinis
1960 4473 2135 4541 editoribus

510 4578 681 4661 dignanter
704 4578 858 4665 inpertias
882 4586 914 4645 et
935 4597 1082 4645 ursorum
1103 4577 1369 4644 transvectionem
1392 4576 1561 4662 cupiditati
1583 4576 1765 4662 mancipum
1795 4576 1975 4643 subtrahas.
2021 4597 2135 4663 perae
2153 4597 2182 4635 ιι

510 4681 578 4748 niet
598 4680 745 4748 beneficii
767 4681 859 4748 istius
881 4682 987 4767 gratia
1009 4687 1042 4747 et
1070 4680 1113 4746 ad
1143 4687 1306 4762 senatum,
1340 4681 1396 4764 qui
1425 4682 1551 4747 levatur
1579 4679 1805 4763 incommodis,
1837 4680 1939 4747 etad
1967 4681 2131 4766 populum,

510 4783 600 4851 euius
622 4784 839 4870 voluptatibus
861 4791 1043 4870 praestatur
1064 4783 1259 4849 immunitas.
2061 4768 2065 4779 ’

869 4987 921 4994 -..-

599 5114 681 5165 ἳοιιι.
700 5115 745 5165 VM
850 5114 865 5164 4
884 5116 1060 5177 periclitantur
1081 5113 1103 5161 V
1203 5109 1264 5179 tibi]
1283 5113 1318 5177 M,
1338 5118 1392 5176 turp
1413 5112 1441 5175 P,
1462 5118 1506 5160 tue
1528 5112 1550 5158 V
1662 5111 1817 5173 buyngratis
1837 5111 1865 5171 P,
1885 5112 2009 5172 singrauls
2031 5113 2074 5161 Vr
2089 5128 2134 5172 m.,

511 5205 624 5264 singratls
646 5202 736 5251 V3m.
759 5200 787 5249 M
901 5202 917 5251 6
935 5202 1001 5263 pigit
1019 5199 1064 5249 Pl
1078 5215 1114 5250 m.
1231 5201 1313 5249 strotls
1336 5202 1372 5259 (ds
1392 5201 1452 5247 Vm.
1473 5200 1500 5247 ln
1517 5198 1579 5259 rm.)
1601 5197 1630 5259 P,
1652 5200 1731 5247 strotit
1753 5199 1773 5244 V
1874 5199 2000 5260 adparatlo
2017 5198 2070 5259 PV,
2091 5214 2136 5261 ap-

512 5290 605 5353 paratio
623 5288 652 5336 M
778 5288 793 5338 8
812 5301 855 5351 pro
873 5301 900 5336 se
917 5284 992 5353 luris]
1011 5285 1063 5349 PI',
1085 5299 1129 5349 pro
1147 5300 1174 5335 se
1192 5292 1219 5334 et
1237 5287 1300 5334 iuris
1323 5286 1348 5349 V,
1369 5300 1413 5347 pro
1432 5298 1458 5333 se
1477 5289 1503 5332 et
1521 5286 1590 5333 uires
1609 5283 1637 5330 M
1702 5340 1705 5346 .
1756 5284 1895 5332 criminosis
1913 5285 2044 5333 uerborum
2063 5285 2098 5334 bu
2120 5285 2139 5331 V

514 5374 545 5423 10
563 5376 641 5424 letum
658 5373 682 5421 P
786 5373 814 5423 ll
834 5374 1025 5436 imperialelsP
1129 5371 1160 5421 lt
1178 5368 1357 5438 cognitionem]
1371 5371 1406 5431 M,
1427 5371 1601 5431 cogitationem
1615 5369 1659 5417 PV
1764 5369 1795 5419 14
1812 5370 1954 5433 publicauit
1974 5368 2069 5420 le.
2090 5370 2137 5417 Vll

514 5460 544 5510 15
563 5461 673 5509 utilitate
690 5461 747 5509 stne
770 5461 790 5507 V
892 5460 1030 5522 disceptore
1049 5459 1095 5508 Pr
1110 5474 1144 5508 ιιι.

599 5545 630 5596 li
648 5561 697 5597 em.
715 5545 763 5595 VM
867 5546 898 5596 19
916 5547 1052 5609 perlectam
1074 5547 1095 5593 V
1196 5547 1286 5594 uberes
1305 5544 1350 5594 Pl
1364 5559 1399 5593 m.
1418 5545 1438 5590 V
1539 5542 1572 5591 22
1591 5547 1739 5605 cognouerat
1760 5543 1780 5589 V
1882 5542 1948 5605 qnod
1968 5539 2013 5603 (Γ)

598 5632 630 5681 24
650 5631 759 5692 symmac
776 5639 879 5696 paterno
898 5633 926 5694 P,
953 5636 1086 5695 ipatemo
1105 5633 1134 5693 F,
1154 5645 1202 5680 om.
1224 5631 1243 5678 V
1368 5630 1402 5680 25
1420 5632 1473 5679 slve
1491 5630 1598 5690 vectigal
1616 5629 1664 5678 det.
1685 5631 1784 5679 loretto
1909 5629 2020 5692 pascitur
2040 5628 2086 5677 Pl
2101 5646 2135 5677 m.

513 5718 545 5768 26
563 5719 702 5769 functionis
721 5718 744 5766 P
754 5723 766 5767 1
782 5734 816 5768 m.
835 5719 856 5766 V
991 5718 1023 5768 27
1043 5720 1146 5779 cynegio
1163 5719 1196 5766 u‘c
1214 5716 1263 5765 Pa
1274 5733 1306 5767 m.
1325 5718 1352 5781 V,
1382 5719 1453 5768 clueo
1469 5718 1502 5766 ιῖο
1520 5716 1590 5777 Pes.
1610 5731 1636 5777 p.
1657 5718 1717 5781 ur,
1738 5718 1771 5765 94
1911 5712 1944 5764 28
1962 5714 2076 5777 deposcit
2098 5715 2141 5763 VP

514 5804 546 5853 30
562 5800 687 5869 lipiditatl
704 5803 728 5851 P
830 5803 860 5854 31
880 5807 974 5868 gratiae
995 5806 1016 5851 V
1116 5803 1149 5854 32
1167 5805 1310 5853 immaultm
1329 5803 1352 5852 P
