4716 6476
1118 473 1316 534 SYIIIIAOIII
1333 471 1543 532 aPlsTvnaa

1215 873 1294 938 XIII
1323 893 1356 938 a·
1373 874 1448 936 402.

997 1026 1258 1093 SYMMACHVS
1281 1027 1516 1094 SYMMACHO
1539 1026 1664 1093 FILIO.

605 1204 670 1268 Iter
698 1223 804 1269 meum
835 1205 941 1268 lamae
971 1200 1110 1266 varietas
1140 1198 1327 1265 retardavit.
1381 1221 1455 1265 nam
1485 1199 1561 1265 dum
1591 1200 1722 1283 exploro
1751 1206 1821 1265 tuta
1850 1207 1881 1264 et
1911 1199 2141 1283 longitudinem

519 1308 590 1371 viae
613 1306 737 1372 dierum
759 1305 1002 1391 interpositione
1025 1303 1199 1384 distinguo,
1226 1302 1356 1368 tandem
1380 1310 1505 1368 sextum
1522 1303 1680 1368 kalendas
1695 1303 1828 1368 Martias
1843 1302 2072 1368 Mediolanium
2087 1323 2142 1387 per

517 1410 630 1475 'Piceni
660 1410 835 1493 longinqua
864 1408 1007 1494 perveni.
1061 1426 1145 1471 nuno
1174 1407 1315 1471 laborem
1346 1427 1451 1472 meum
1482 1406 1603 1471 domini
1632 1413 1665 1470 ot
1692 1405 1847 1492 principis
1876 1406 1975 1471 nostri
2005 1405 2173 1471 blandust

518 1533 623 1579 sermo
653 1514 775 1579 solatus
804 1519 864 1578 est.
923 1531 1016 1594 spero
1046 1510 1143 1575 etiam
1173 1510 1368 1592 legationem
1400 1510 1491 1575 brevi
1520 1510 1553 1574 in
1581 1509 1728 1574 notitiam
1758 1508 1859 1573 divini
1889 1508 2043 1593 principis
2072 1528 2142 1592 per-

517 1615 700 1695 ferendam
734 1614 894 1699 siquidem
926 1614 974 1678 vir
1003 1620 1118 1678 cuneta
1140 1614 1343 1696 praecelsus,
1375 1612 1426 1678 oui
1449 1611 1569 1697 primas
1591 1619 1701 1698 partes
1724 1631 1841 1677 oausae
1864 1611 2014 1697 publicae
2037 1617 2143 1677 noster

517 1719 594 1785 ordo
617 1717 799 1793 mandavit,
832 1738 906 1783 mox
928 1736 999 1782 oum
1022 1714 1194 1801 praesidiis
1217 1714 1428 1781 validissimis
1451 1715 1562 1780 adlore
1584 1714 1758 1781 nuntiatur.
1805 1722 1912 1781 vestro
1934 1714 2064 1781 silentio
2087 1735 2143 1780 ve-

517 1821 684 1888 hementer
711 1821 856 1887 offendor
884 1826 980 1904 atque
1002 1818 1075 1884 ideo
1098 1826 1189 1903 peto,
1221 1828 1256 1886 ut
1277 1818 1544 1906 peregrinationis
1566 1839 1659 1885 meae
1681 1819 1868 1904 patientiam
1892 1818 2002 1885 erebro
2025 1817 2141 1883 iuvetis

517 1924 639 1993 adfatu.
2164 1943 2190 1983 ro

1201 2234 1298 2299 XIIII
1328 2254 1359 2299 a.
1383 2236 1457 2298 402.

995 2387 1255 2455 SYMMAOHVS
1278 2388 1513 2455 SYMMACHO
1536 2388 1664 2454 FILIO.

601 2562 682 2630 Oum
711 2561 870 2628 veredarii
899 2561 1030 2627 deesset
1054 2560 1197 2643 occasio,
1231 2559 1355 2645 privato
1377 2560 1500 2626 homini
1521 2559 1689 2627 reddenda
1711 2561 1832 2646 soripta
1854 2561 2010 2627 commisi.
2058 2561 2140 2627 hune

515 2667 559 2732 ad
581 2686 639 2732 vos
660 2665 796 2731 arbitror
817 2684 889 2730 sero
911 2670 1091 2729 venturum.
1139 2662 1281 2747 utrisque
1304 2670 1411 2730 autem
1435 2664 1550 2729 litteris
1573 2664 1687 2730 eadem
1711 2664 1928 2745 eontinentur,
1962 2664 2050 2748 quod
2072 2684 2144 2729 sex-

514 2777 582 2836 tum
614 2768 775 2835 kalendas
803 2766 936 2832 Martias
965 2766 1194 2832 Mediolanium
1230 2767 1328 2832 multo
1358 2765 1502 2832 anfracto
1531 2768 1762 2833 oireumveetus
1790 2767 1974 2833 intraverim
2006 2784 2141 2833 venera·
2162 2789 2189 2828 ra

514 2878 630 2956 tuaque
659 2871 824 2938 dominum
853 2878 885 2936 et
914 2869 1091 2954 prinoipem
1120 2876 1280 2949 nostrum,
1313 2869 1405 2935 ouius
1428 2889 1531 2935 sermo
1554 2871 1682 2936 divinus
1705 2870 1828 2936 itineris
1850 2872 1914 2936 mei
1935 2872 2145 2956 conpensavit

515 2976 675 3058 laborem,
707 2975 741 3040 in
770 2973 985 3058 praesentiam
1015 2971 1075 3037 viri
1106 2979 1221 3038 eunota
1247 2973 1407 3057 praecelsi
1436 2973 1561 3039 eomitis
1589 2972 1720 3058 agenda
1747 2973 1908 3059 produoo;
1943 2995 2039 3057 quem
2068 2995 2142 3040 mox

513 3076 575 3144 deo
595 3078 726 3143 iuvante
747 3075 860 3142 adfore
882 3075 1063 3141 nuntiorum
1085 3074 1249 3141 oonfirmat
1270 3076 1421 3142 adsertio.
1462 3096 1546 3142 nuno
1568 3082 1642 3142 tuae
1666 3097 1761 3144 aurae
1783 3077 1835 3160 sit,
1862 3077 1962 3144 deous
1977 3085 2133 3161 nostrum,

505 3169 782 3267 ‘peregrinationis
804 3199 895 3245 meae
918 3199 1010 3247 ouras
1034 3178 1101 3246 stili
1123 3178 1319 3246 adsiduitate
1341 3179 1449 3246 solari.

1147 3596 1218 3669 AD
1245 3596 1507 3672 ATTALVM.

1217 3782 1279 3847 XV
1308 3803 1339 3848 a.
1358 3786 1444 3849 397?

1094 3938 1356 4005 SYMMAOHVS
1378 3939 1562 4006 ATTALO.

598 4112 767 4178 Amicitiae
796 4118 923 4178 nostrae
952 4111 1178 4196 oontemplatio
1207 4131 1298 4196 spem
1327 4112 1406 4177 mihi
1433 4112 1592 4178 adventus
1622 4114 1670 4179 tui
1698 4113 1835 4181 fenerat:
1871 4135 1971 4200 prope
2001 4121 2069 4195 est,
2103 4122 2138 4180 ut

513 4236 639 4283 errasse
669 4235 719 4280 me
742 4214 889 4296 oredam,
920 4215 1029 4296 quite
1052 4215 1181 4300 speravi
1202 4215 1236 4279 in
1258 4223 1463 4301 conspectum
1485 4216 1627 4300 parentis
1650 4226 1763 4302 sponte
1786 4225 1967 4285 venturum.
2014 4219 2142 4303 quando

513 4321 611 4404 igitur
639 4319 709 4384 sine
738 4318 859 4383 ambitu
889 4325 997 4383 nostro
1025 4325 1111 4383 recte
1141 4318 1249 4384 faeere
1279 4319 1402 4399 neseis,
1436 4326 1546 4385 oratus
1572 4319 1769 4405 adpropero,
1804 4329 1836 4387 et
1866 4322 1894 4387 si
1915 4328 1948 4388 te
1971 4323 2141 4406 superbum
2160 4340 2189 4381 aa

514 4424 616 4489 Tibur
645 4420 806 4505 explevit,
841 4421 1053 4487 Laurentibus
1083 4421 1175 4487 silvis
1204 4442 1341 4487 amoena
1369 4430 1539 4488 commuta.
1585 4444 1647 4490 neo
1673 4426 1816 4491 verearis
1839 4426 1921 4492 ruris
1944 4424 2064 4491 horridi
2086 4425 2143 4491 de-

513 4525 761 4593 nuntiationem:
796 4525 830 4590 in
859 4524 962 4590 oeulis
993 4532 1043 4590 est
1071 4525 1263 4591 venantibus
1292 4547 1397 4609 mare,
1431 4527 1550 4593 celebri
1579 4527 1693 4595 itinere
1714 4528 1795 4593 villa
1816 4528 2077 4614 praestringitur3
2109 4529 2143 4593 in

512 4630 585 4715 ipsa
605 4629 704 4712 igitur
725 4628 866 4693 terarum
889 4627 1009 4694 eubilia
1030 4629 1148 4713 planus
1170 4649 1209 4695 ao
1231 4631 1360 4716 patulus
1382 4650 1532 4696 necessus
1555 4637 1622 4711 est,
1650 4638 1681 4697 et
1704 4632 1732 4697 si
1755 4632 1837 4698 haee
1858 4633 2027 4715 abessent,
2052 4639 2142 4698 ante-

511 4732 573 4797 iret
601 4731 750 4795 nimirum
781 4750 885 4796 sermo
914 4731 997 4796 inter
1026 4751 1084 4796 nos
1113 4739 1243 4798 mutuus
1273 4741 1306 4799 et
1336 4733 1512 4799 litterarum
1542 4734 1686 4799 liberalis
1713 4735 1851 4801 conlatio
1873 4736 2067 4801 Tarentinas
2089 4742 2144 4801 aut

513 4834 641 4900 Siculas
675 4833 866 4918 voluptates.
914 4854 1012 4918 quare
1035 4834 1064 4899 si
1085 4843 1120 4901 tu
1143 4856 1268 4920 quoque
1290 4836 1364 4902 huie
1387 4838 1566 4904 sententiae
1589 4859 1719 4903 manum
1741 4839 1894 4926 porrigis,
1928 4839 2012 4905 adde
2035 4847 2067 4906 te
2089 4860 2143 4905 ru-
2160 4858 2189 4899 ιι

513 4937 695 5003 stioantium
725 4957 857 5004 numero
886 4945 919 5004 et
948 4938 1116 5023 paulisper
1138 4939 1278 5007 Oatones
1309 4948 1405 5026 atque
1427 4941 1543 5006 Atilios
1566 4943 1749 5026 aemulare,
1784 4962 1862 5026 quos
1885 4943 1988 5009 vomis
2011 4953 2039 5007 et
2061 4943 2143 5009 stiva

512 5040 556 5106 ad
578 5041 763 5107 consulares
786 5041 873 5107 misit
895 5060 1035 5108 secures.
1084 5043 1168 5110 vale.

599 5352 739 5414 ansere
824 5353 1005 5416 luteringol’
1097 5355 1509 5427 angustissimorum),
1522 5359 1671 5421 perurant>
1756 5359 1957 5410 asserebamus
1969 5359 2062 5429 armo]
2077 5363 2142 5423 (Π),

512 5436 783 5506 distillatum?
903 5440 1100 5510 6¹08⁸t¹⁰¹¹v¹1¹l
1120 5444 1185 5507 (Π),
1205 5440 1355 5510 triste?
1468 5442 1602 5512 principis]
1622 5446 1688 5509 (n),
1707 5443 1865 5513 narsiti?
1978 5442 2144 5515 7⁰¹¹⁰0i⁸1²

513 5523 528 5574 8
547 5520 692 5591 nuntiatur]
710 5526 820 5588 Iuratae,
841 5529 974 5577 nuntletnr
993 5528 1015 5575 P

601 5610 632 5660 15
651 5613 818 5661 medlolannm
837 5615 860 5662 P
962 5621 1148 5679 monereturque
1166 5643 1201 5651 —
1221 5615 1252 5666 16
1270 5618 1369 5666 itineris
1387 5632 1434 5669 om.
1457 5618 1502 5666 Pr
1517 5635 1551 5668 m.

599 5696 632 5747 20
650 5710 721 5747 xum.
742 5700 835 5762 luelplt
852 5701 883 5749 ud
901 5701 1049 5751 attnlnmP
1151 5702 1184 5752 26
1202 5704 1278 5752 orridi
1298 5703 1344 5753 Pl
1359 5720 1394 5754 m.
1500 5701 1784 5772 lssplauns]1aretor,
1808 5707 1943 5768 plenuaP
2047 5706 2077 5756 31
2098 5722 2143 5756 uo·

513 5781 900 5851 mmmmmmP
