4736 6478
936 512 1050 567 LIBER
1067 513 1134 568 1111.

872 874 950 939 XVI
980 881 1055 940 ante
1071 895 1101 939 a.
1121 877 1196 938 395.

870 1011 929 1077 AD
952 1011 1200 1078 BAVTONIIM.
1874 1013 1939 1075 PF

306 1184 394 1250 Inter
415 1183 590 1268 praecipua
611 1182 800 1266 gaudiorum
828 1204 960 1249 numero
989 1184 1112 1249 litteras
1140 1189 1214 1249 tuas
1246 1182 1372 1249 scilicet
1401 1182 1534 1250 fraterni
1564 1182 1663 1248 animi
1691 1190 1790 1249 testes
1819 1189 1852 1249 et

220 1307 296 1353 vere
332 1286 498 1370 religionis
535 1286 736 1370 interpretes.
791 1307 848 1352 eas
877 1295 995 1370 quanto
1028 1286 1160 1370 saepius
1193 1305 1301 1366 sumo,
1339 1292 1427 1351 tanto
1455 1286 1623 1371 inpensius
1658 1286 1849 1370 uberiusque

189 1391 381 1456 sdesidero.
429 1388 571 1454 difficilis
593 1395 643 1454 est
664 1389 749 1455 enim
772 1390 904 1456 satietas
926 1410 1030 1455 rerum
1052 1391 1220 1471 bonarum,
1249 1396 1282 1456 et
1303 1396 1378 1455 tunc
1400 1388 1540 1455 maxime
1563 1389 1686 1455 animos
1708 1390 1850 1455 iucunda

219 1514 368 1577 quaeque
390 1492 580 1573 sollicitant,
614 1512 686 1558 cum
708 1491 859 1559 videntur
881 1494 1021 1578 explere.
1070 1493 1172 1559 scribe
1195 1493 1310 1577 igitur,
1344 1499 1379 1558 ut
1402 1493 1503 1574 facis,
1529 1493 1676 1578 saepius,
1702 1513 1761 1558 nec
1782 1514 1851 1558 me-

218 1603 303 1676 tuas,
328 1617 369 1662 ne
392 1596 571 1681 experiaris
592 1597 763 1681 ingratum,
789 1617 884 1679 quem
900 1596 992 1662 vides
1015 1602 1047 1662 et
1068 1595 1187 1662 amoris
1209 1604 1242 1662 ct
1264 1596 1423 1662 sermonis
1445 1595 1492 1661 tui
1515 1616 1589 1662 esse
1604 1602 1669 1662 tam
1684 1595 1846 1680 cupidum.

825 1957 898 2031 AD
932 1954 1247 2033 PROTADIVM.

906 2110 1000 2176 XVII
1032 2130 1063 2176 a.
1083 2110 1168 2177 380?

175 2304 201 2343 ro
307 2285 385 2350 Sum
408 2284 538 2369 quidem
561 2284 656 2349 nimis
678 2301 777 2366 aeger
799 2282 898 2348 animi
927 2291 960 2349 et
989 2303 1067 2368 prae
1096 2288 1185 2348 tanto
1215 2284 1303 2349 luctu
1333 2284 1492 2350 obeundis
1513 2284 1607 2368 inpar
1628 2284 1760 2366 officiis,
1794 2284 1852 2350 sed

220 2407 395 2469 numquam
417 2387 564 2453 fortunae
587 2387 620 2451 in
643 2392 840 2453 melanium
863 2386 981 2466 licebit,
1009 2393 1045 2452 ut
1065 2386 1217 2451 honorem
1241 2393 1330 2451 tuum
1353 2386 1456 2452 victus
1476 2406 1620 2453 maerore
1636 2387 1848 2454 dissimulem.

220 2488 298 2574 quin
319 2489 417 2555 immo
439 2490 490 2555 his
513 2489 740 2556 delenimentis
767 2490 911 2556 remedia
940 2488 1065 2555 vulneri
1093 2509 1165 2554 meo
1196 2488 1290 2554 facio.
1338 2509 1421 2571 quae
1452 2489 1513 2555 etsi
1543 2508 1600 2573 pro
1629 2490 1852 2574 magnitudine

221 2592 340 2658 doloris
368 2592 515 2658 invalida
543 2599 633 2675 sunt,
668 2592 860 2659 medicinam
886 2598 994 2657 tamen
1023 2591 1101 2657 mihi
1131 2590 1390 2658 efficacissimam
1419 2592 1466 2658 tui
1496 2592 1655 2658 sermonis
1688 2594 1847 2676 adserunt,

220 2695 299 2779 quid
318 2702 497 2780 expectem,
523 2695 633 2762 rides:
663 2696 763 2764 redde
785 2715 926 2780 operam,
953 2696 981 2761 si
1003 2694 1141 2776 videtur,
1169 2693 1331 2761 amicitiae
1348 2694 1501 2776 debitam,
1526 2714 1624 2779 aegro
1646 2694 1754 2760 animo
1777 2716 1852 2779 pro

177 2798 374 2865 infuturum.

901 3088 1012 3154 XVIII
1045 3109 1076 3154 a.
1097 3091 1171 3153 396.

866 3227 924 3292 AD
947 3226 1208 3294 PROTADIVM.
1876 3232 1908 3293 P

309 3401 407 3467 Falso
428 3400 515 3486 apud
537 3419 589 3465 me
611 3397 750 3465 venandi
774 3398 881 3465 studio
904 3386 1069 3483 gloriaris,
1101 3420 1173 3466 curn
1203 3400 1349 3485 thymum
1373 3396 1545 3466 facundiae
1574 3399 1698 3483 spirent
1727 3399 1853 3471 litterae

222 3512 309 3572 tuac.
356 3525 397 3570 ne
425 3502 504 3568 mihi
533 3523 570 3568 os
599 3502 794 3568 subleveris!
829 3502 896 3568 alia
925 3500 997 3585 otii,
1031 3502 1097 3568 alia
1126 3502 1247 3586 negotii
1276 3502 1371 3586 signa
1399 3509 1485 3568 sunt.
1532 3521 1623 3568 oeres
1653 3504 1767 3568 berbas
1789 3502 1855 3569 olet

176 3626 205 3669 ro
224 3608 376 3689 rusticus,
410 3606 485 3672 rino
513 3605 649 3672 anhelus
679 3612 729 3671 est
757 3626 879 3689 ganeo,
911 3612 1043 3671 nautam
1071 3606 1214 3689 sequitur
1242 3605 1402 3690 gravedo:
1435 3625 1492 3671 cos
1522 3606 1616 3671 amici
1639 3606 1852 3673 Camenarum

223 3709 317 3775 florea
339 3710 472 3776 ructatis
494 3708 669 3775 Heliconis.
716 3729 796 3793 quas
818 3716 853 3775 tu
875 3710 967 3775 nobis
989 3709 1159 3793 indagines
1181 3710 1339 3795 leporum,
1371 3729 1452 3793 quos
1474 3709 1601 3775 natales
1624 3729 1741 3775 canum
1763 3708 1843 3794 dies,
1873 3716 1892 3775 2

224 3833 306 3897 qnae
328 3813 477 3879 venatica
499 3812 582 3879 festa
605 3812 767 3878 mentiris?
789 3832 907 3879 censeo
929 3831 1027 3897 posse
1049 3832 1101 3879 me
1122 3812 1242 3878 retrahi
1256 3834 1277 3878 a
1292 3812 1490 3878 voluminum
1505 3812 1610 3878 studio
1626 3812 1660 3877 in
1675 3832 1733 3879 eas
1748 3820 1846 3896 artes,

224 3934 306 3999 quas
327 3915 386 3981 tibi
407 3915 566 3999 adrogari
602 3936 643 3981 ne
666 3915 851 4000 primaevus
873 3915 1016 3998 quidem,
1051 3935 1122 3981 oum
1145 3915 1242 3982 ferret
1263 3923 1374 3996 aetas,
1399 3915 1594 3999 Amyclaeos
1616 3922 1673 3982 aut
1695 3916 1850 3983 Molossos

225 4020 314 4085 alere
336 4018 464 4085 curavi:
490 4026 614 4085 tantum
636 4019 739 4100 abest,
766 4027 801 4084 ut
822 4018 903 4085 haec
924 4018 1019 4084 annis
1040 4018 1075 4084 in
1097 4026 1259 4085 senectam
1274 4019 1483 4103 vergentibus
1497 4018 1606 4102 velim,
1633 4018 1853 4085 candidior

178 4145 208 4187 ra
226 4128 442 4208 postquam
465 4122 661 4188 tondenti
682 4122 812 4188 barba
834 4122 1018 4188 cadebat.
1052 4123 1111 4188 sed
1126 4122 1178 4188 fao
1191 4122 1278 4189 velle
1292 4143 1344 4188 me
1359 4122 1448 4188 obire
1462 4142 1699 4206 nonnumquam
1714 4122 1851 4188 rusticas
1874 4126 1893 4186 3

226 4226 423 4311 voluptates:
459 4224 511 4290 cui
531 4224 662 4291 taudem
685 4225 858 4310 primorum
881 4232 1013 4292 senatus
1035 4231 1127 4292 tanta
1149 4225 1326 4291 vacationis
1355 4224 1494 4291 felicitas
1524 4225 1682 4309 suppetit,
1715 4231 1751 4290 ut
1770 4225 1854 4290 inter

227 4329 350 4413 patriae
377 4347 470 4394 ouras
500 4328 637 4413 respiret
663 4348 761 4413 opere
790 4327 953 4394 silvestri‘l
996 4328 1169 4413 conperistl
1198 4327 1286 4393 haud
1316 4327 1437 4393 dudum
1466 4327 1693 4394 frumentarias
1716 4348 1854 4412 magnae

227 4432 315 4497 urbis
336 4431 514 4515 querellas;
542 4431 697 4497 successit
718 4431 793 4496 huic
814 4430 879 4497 olei
901 4432 1053 4516 penuria,
1084 4439 1116 4498 ct
1137 4432 1246 4501 adhuc
1266 4439 1376 4497 manet
1398 4431 1440 4498 de
1461 4431 1554 4514 fruge
1577 4431 1731 4498 causatio.
1762 4416 1855 4496 'hinc

227 4555 331 4601 rernm
353 4534 433 4600 fessi
455 4533 540 4600 viros
562 4534 670 4600 curiae
693 4540 815 4599 oratum
838 4534 980 4600 remedia
1002 4534 1199 4618 legavimus,
1232 4541 1266 4601 et
1294 4553 1370 4619 spes
1397 4542 1462 4614 est,
1497 4533 1780 4600 clementissimum
1803 4534 1855 4599 di-

179 4663 209 4703 ao
227 4637 400 4721 vinumque
428 4635 606 4722 principem
636 4636 770 4702 salutari
799 4657 860 4722 ope
890 4638 1107 4704 consulturum
1136 4638 1254 4722 petitis.
1302 4637 1424 4705 interea
1453 4637 1665 4703 laborantium
1694 4657 1854 4704 murmure

314 4828 346 4878 rt
365 4826 452 4896 Verg.
472 4825 533 4880 Ecl.
553 4824 566 4878 l
584 4826 627 4879 29.

314 5122 378 5170 iad
395 5122 546 5170 bontionem
560 5119 589 5179 P,
609 5120 696 5169 ormi'
799 5120 813 5167 ⁵
832 5120 944 5168 diflicilia
957 5116 980 5172 ll
993 5119 1070 5169 ostP
1173 5122 1293 5169 bonarum
1304 5135 1387 5171 rernm
1400 5122 1424 5168 P
1525 5121 1539 5169 'l
1558 5136 1635 5184 quem
1647 5123 1719 5170 uides
1736 5122 1823 5171 om.P

229 5223 284 5261 osse
300 5223 350 5258 om.
365 5209 388 5256 F
488 5207 578 5269 cupide
596 5206 620 5254 P
632 5211 644 5254 1
657 5221 691 5255 m.
1224 5260 1228 5275 .
1656 5238 1659 5243 -

314 5293 330 5344 8
348 5291 432 5356 explid
450 5293 480 5343 sd
497 5294 660 5342 bauthonem.
682 5306 711 5340 11.
734 5293 783 5341 inc.
803 5292 833 5342 sd
852 5293 994 5355 protadium
1012 5293 1041 5354 P,
1062 5307 1110 5342 om.
1126 5294 1149 5341 P
1257 5292 1288 5343 13
1307 5295 1359 5342 sint
1377 5295 1477 5343 roratas
1581 5291 1710 5361 adferunt]
1729 5293 1852 5354 Lambri,

230 5388 355 5446 quaeruut
369 5379 471 5443 Mereor,
491 5386 618 5433 auxerunt
631 5379 676 5427 Pr‘
781 5377 811 5427 lt
829 5379 906 5429 reddo
925 5394 973 5429 om.
989 5377 1017 5428 Γ
1113 5380 1243 5429 uidebitur
1258 5378 1314 5443 (Γ),
1335 5380 1395 5440 sort.
1410 5380 1486 5430 redde
1497 5394 1606 5443 operam,
1627 5394 1701 5442 quam
1714 5381 1762 5429 ilbi
1773 5381 1855 5429 detuli

315 5466 347 5516 ts
365 5471 462 5526 tynum
481 5466 504 5514 P
607 5465 639 5517 19
657 5465 797 5515 sublunaris
816 5465 863 5514 Pl
877 5481 910 5516 m,
1017 5480 1085 5515 aeros
1103 5467 1192 5515 herbar
1210 5463 1271 5533 olet]
1291 5465 1390 5527 Mereor,
1411 5467 1471 5515 baec
1488 5480 1528 5515 res
1546 5467 1624 5515 uerba
1641 5466 1705 5515 solet
1723 5464 1775 5526 PI',
1794 5468 1854 5516 irae·

230 5569 268 5603 res
285 5555 364 5602 uerba
381 5554 445 5602 solet
463 5551 488 5602 Φ
601 5551 633 5601 20
652 5546 769 5615 unhellus
787 5551 810 5600 P
921 5550 972 5619 est]
992 5552 1051 5614 Po,
1081 5557 1164 5600 ructat
1181 5550 1204 5600 I
1315 5567 1411 5616 ganeou
1430 5557 1513 5601 autam
1532 5551 1562 5612 Γ,
1581 5565 1678 5613 gauoon
1696 5556 1800 5600 nauum
1818 5551 1851 5613 Φ,

229 5653 323 5702 ganeou
342 5644 427 5688 autom
442 5637 464 5684 P
567 5635 624 5705 uos]
645 5637 744 5698 Mereor,
765 5653 824 5688 suos
838 5637 909 5687 ΡΓΦ
1012 5640 1145 5688 amicitiam
1158 5637 1185 5688 Γ
1284 5639 1314 5689 21
1335 5641 1396 5688 dore
1413 5640 1530 5702 mucuns
1543 5638 1573 5702 P,
1593 5639 1678 5688 liorem
1694 5639 1809 5688 frucmls
1822 5637 1851 5701 Γ,

229 5727 312 5776 liorem
331 5727 435 5774 ructatis
454 5724 479 5773 Φ
582 5725 650 5787 dices
668 5723 692 5771 P
803 5723 835 5773 22
854 5722 959 5792 censen]
977 5725 1085 5787 aaran,
1106 5731 1205 5774 cessent
1224 5725 1247 5772 P
1349 5724 1381 5775 23
1400 5727 1523 5785 amycleos
1541 5725 1564 5773 P
1667 5723 1699 5772 25
1718 5724 1785 5773 uelle
1803 5721 1854 5791 ure]

230 5814 322 5862 uellem
341 5811 387 5860 Pl
402 5827 436 5859 m.
543 5810 576 5859 30
594 5807 734 5876 murmure]
753 5809 785 5872 Φ,
805 5823 918 5859 murmur
935 5816 976 5858 est
993 5810 1016 5858 P
