4744 6476
504 533 566 595 294
1087 531 1283 586 SYMMAOHI
1300 530 1538 588 RELATIONES

387 724 485 785 ΤΜΓ
505 742 562 787 cae
596 723 709 786 matris
741 741 819 786 snae
852 728 1042 787 testamento
1075 728 1188 806 neptes
1221 722 1290 786 eius
1319 740 1359 786 ex
1388 721 1574 786 Placidiauo
1604 721 1731 805 genitas
1759 723 1971 801 hereditatem
2000 722 2123 807 cepisse

502 824 654 907 dixisset,
687 845 750 889 non
780 843 891 890 omnes
919 832 1033 910 neptes
1063 826 1104 890 ab
1131 846 1171 890 ea
1192 825 1327 909 scriptas
1349 826 1500 908 probaret
1520 825 1668 902 heredes.
1715 846 1901 910 responsum
1924 834 1988 907 est,
2023 825 2064 892 de
2086 826 2125 889 sis

501 934 643 1009 tantum,
675 947 756 1009 quas
785 929 860 993 avia
888 928 1026 994 heredes
1053 928 1208 1009 instituit,
1241 929 1456 1013 supplicatum
1486 949 1546 993 nec
1575 948 1710 1011 usquam
1733 929 1851 993 factam
1873 929 2013 997 omnium
2036 950 2125 994 men·

459 1033 476 1091 7
502 1029 619 1094 tionem
644 1029 703 1094 sed
725 1050 846 1111 earum,
871 1030 987 1113 quibus
1009 1031 1115 1096 fuerat
1137 1031 1245 1096 delata
1267 1030 1438 1096 successio.
1482 1030 1534 1096 his
1557 1031 1716 1096 deiectum
1738 1032 1894 1097 curatoris
1915 1032 2124 1116 patrocinium

501 1133 609 1217 coepit
636 1134 783 1216 exigere,
817 1142 852 1198 ut
879 1134 995 1218 petitor
1021 1133 1177 1214 ediceret,
1211 1134 1389 1217 exquibus
1411 1134 1592 1199 nominibus
1614 1134 1797 1219 propositae
1820 1133 2051 1211 descenderent
2072 1155 2156 1199 aes

501 1236 614 1301 tiones.
661 1243 738 1301 tuuc
765 1257 783 1302 e
813 1236 941 1302 diverso
970 1237 1104 1303 veniens
1134 1257 1175 1301 ex
1197 1236 1379 1303 Placidiani
1401 1258 1430 1303 c.
1455 1258 1498 1302 m.
1524 1237 1585 1302 viri
1612 1237 1756 1318 nomine,
1790 1238 1846 1319 qui
1875 1245 1967 1321 pater
1996 1237 2125 1302 adultae

501 1338 578 1420 fuit,
611 1339 841 1404 inmodicarum
864 1340 1224 1405 donationum'causam
1246 1360 1397 1406 manasse
1419 1338 1601 1424 respoudit,
1640 1340 1895 1424 supplementum
1918 1360 1994 1413 vero
2016 1339 2154 1405 uncie.

500 1462 570 1505 rum
600 1447 635 1506 ιιι
664 1443 705 1507 ab
735 1442 854 1508 herede
877 1442 1045 1523 Placidae,
1077 1441 1130 1508 cui
1159 1461 1246 1506 soror
1268 1442 1432 1508 Marciana
1460 1442 1632 1525 successit,
1665 1442 1809 1508 adseruit
1835 1443 2000 1528 postulari.
2048 1443 2126 1508 haec

502 1534 707 1611 adversarius
737 1553 871 1611 eatenus
900 1545 1086 1627 refellebat,
1118 1552 1153 1610 ut
1182 1545 1302 1611 diceret
1331 1568 1359 1612 c.
1393 1546 1416 1611 f.
1445 1546 1601 1612 iuniorem
1629 1547 1825 1612 Marcianum
1854 1568 1917 1612 non
1945 1546 2126 1611 Placidiani

502 1655 624 1714 tantum
653 1650 753 1734 patris
782 1649 1017 1714 successionem
1046 1648 1104 1714 sed
1132 1648 1229 1714 etiam
1252 1649 1404 1714 Placidae
1430 1670 1605 1732 germanae
1627 1670 1705 1716 suae
1728 1670 1785 1734 pro
1807 1651 1904 1716 certis
1926 1649 2030 1714 unciis
2052 1670 2125 1714 con-
2145 1668 2171 1710 ro

460 1754 663 1835 8secutam,
695 1773 755 1818 nec
784 1760 892 1819 tamen
915 1752 1014 1817 ullam
1038 1750 1191 1816 Placidae
1213 1751 1406 1818 mentionem
1429 1772 1558 1836 precum
1582 1752 1666 1818 serie
1688 1752 1855 1817 contineri.
1902 1751 1960 1818 sed
1983 1773 2055 1817 cum
2077 1753 2126 1816 al-

502 1855 622 1938 legatio
651 1855 799 1921 diversae
828 1856 929 1940 partis
956 1856 1150 1939 adstrueret,
1182 1875 1250 1920 rem
1279 1875 1315 1920 se
1337 1854 1508 1920 obnoxiam
1531 1855 1682 1940 persequi
1704 1856 1882 1939 designatis
1905 1855 2008 1921 titulis
2029 1855 2126 1920 aetio-

501 1977 578 2021 num
609 1965 641 2023 et
669 1958 722 2041 id,
755 1957 840 2043 quod
869 1957 903 2023 in
931 1959 1019 2024 litem
1043 1959 1147 2040 venit,
1181 1979 1238 2042 pro
1262 1964 1349 2023 certa
1370 1964 1462 2043 parte
1484 1958 1679 2023 Marcianum
1702 1978 1730 2022 c.
1756 1956 1780 2022 f.
1805 1958 1970 2042 possidere
1992 1958 2125 2040 eiusque

502 2080 618 2125 nomen
648 2081 718 2126 cum
750 2060 973 2145 designatione
1002 2080 1171 2127 causarum
1194 2061 1323 2127 doceret
1344 2061 1493 2145 precihus
1516 2061 1787 2146 conprehensum,
1821 2061 1910 2126 stetit
1931 2061 2041 2126 iudicii
2064 2061 2125 2126 mei

503 2163 710 2246 deliberatio,
743 2164 803 2230 hoc
832 2164 1019 2245 adserente,
1051 2184 1220 2249 personam
1242 2164 1394 2230 Placidae
1423 2164 1651 2249 supplicationi
1679 2164 1765 2230 adici
1788 2164 1956 2246 debuisse,
1988 2164 2047 2229 illo
2068 2184 2126 2230 ne·
2145 2185 2172 2225 rr

501 2273 613 2350 gante,
640 2274 713 2351 post
735 2267 990 2350 designationem
1013 2268 1060 2334 rei
1082 2277 1115 2333 et
1137 2268 1206 2334 eius
1230 2287 1402 2352 personae,
1428 2288 1512 2349 quae
1535 2267 1632 2334 hodie
1654 2267 1860 2352 possessione
1882 2288 2048 2352 corporum
2070 2268 2125 2333 de

459 2369 631 2450 diruitur,
669 2370 844 2453 quidquam
878 2390 951 2437 esse
981 2372 1211 2455 quaerendum.
1258 2371 1395 2437 accessit
1423 2370 1616 2437 cunctationi
1645 2391 1738 2436 meae
1767 2389 1867 2435 causa
1896 2370 2121 2451 vehementior,

501 2472 589 2555 quod
610 2472 741 2539 iubente
764 2475 850 2557 lege,
883 2480 918 2538 ιιι
939 2474 1023 2539 intra
1044 2481 1195 2557 quattuor
1217 2494 1344 2540 menses
1367 2474 1410 2538 ad
1433 2473 1687 2540 aestimationem
1708 2475 1861 2539 bonorum
1884 2493 2051 2558 possessor
2069 2494 2126 2557 pe·

502 2575 588 2640 titori
614 2582 777 2658 teneatur,
809 2597 909 2657 nunc,
943 2583 977 2642 ut
1005 2583 1100 2660 gesta
1126 2579 1363 2659 monstrabunt,
1395 2584 1566 2661 angustum
1589 2576 1685 2641 nimis
1707 2595 1747 2641 ex
1770 2576 1978 2641 conventione
1999 2583 2125 2661 tempus

443 2682 480 2740 10
504 2677 606 2744 fuisse
635 2679 739 2743 visum
769 2687 818 2744 est
846 2679 1024 2763 peregrinis
1054 2681 1239 2765 corporibus
1266 2679 1487 2747 aestimandis.
1534 2687 1567 2745 et
1594 2678 1668 2745 ideo
1690 2685 1794 2744 motus
1816 2678 1978 2762 ambiguis
2000 2679 2171 2744 oraculum

501 2782 640 2846 numinis
670 2781 769 2848 vestri
800 2782 1012 2866 discingenda
1041 2791 1155 2849 cuncta
1185 2783 1327 2864 servari3
1362 2804 1437 2849 nam
1466 2783 1500 2848 in
1522 2783 1618 2849 rebus
1642 2782 1749 2848 dubiis
1770 2803 1835 2847 una
1857 2780 2057 2848 salubritatis
2079 2789 2126 2847 est

501 2885 565 2965 via,
592 2891 627 2950 ut
648 2884 759 2950 divina
780 2905 927 2969 quaeque
950 2887 1002 2951 vel
1025 2886 1086 2952 deo
1108 2887 1255 2972 proxima
1276 2888 1493 2952 consulantur.
1542 2887 1729 2952 coniunctae
1750 2886 1892 2970 paginae
1914 2886 2125 2969 allegationes

502 2987 641 3070 partium
664 2994 698 3053 et
719 2989 945 3072 supplementa
967 2997 1186 3074 sumpserunt,
1213 3010 1296 3072 quae
1318 3010 1390 3055 cum
1412 2988 1592 3054 maiestatis
1614 2994 1742 3054 vestrae
1763 2988 1887 3053 iustitia
1908 2988 2122 3074 perpenderit,

503 3109 627 3173 precor,
653 3096 689 3155 ut
709 3095 812 3155 metas
835 3090 981 3156 curiosae
1004 3091 1052 3156 liti
1075 3092 1225 3158 absoluta
1247 3091 1432 3157 delinitione
1454 3091 1590 3177 ponatis.

972 3452 1036 3518 xx
1061 3453 1229 3535 [XXXIII.
1247 3453 1386 3536 xxxx)
1422 3474 1454 3518 a.
1473 3454 1655 3518 ass-ass.

1194 3607 1432 3671 uun.run‚

589 3779 669 3844 Cum
700 3779 872 3845 clementia
901 3787 1010 3845 uestra
1031 3779 1231 3844 meminisset
1252 3778 1421 3844 faciendae
1443 3798 1595 3843 carrucae
1616 3779 1804 3862 inpendium
1827 3778 1868 3844 de
1891 3798 1981 3843 sacro
2003 3780 2127 3844 aerario

504 3902 576 3948 csse
608 3881 790 3965 decretum,
823 3883 964 3963 censuit,
996 3888 1031 3947 ιιι
1056 3883 1126 3947 eius
1148 3887 1318 3965 argentum
1340 3882 1478 3966 publicis
1501 3881 1638 3949 conditis
1660 3880 1863 3961 redderetur,
1899 3880 1977 3946 ddd.
2002 3882 2124 3967 imppp.
2175 3866 2182 3874 ’

503 3984 561 4050 sed
584 3985 741 4051 examinis
762 3986 905 4070 repperit
926 3984 1007 4050 tides
1029 4006 1070 4051 ex
1092 3985 1166 4051 aliis
1188 3985 1290 4050 titulis
1312 3984 1515 4070 adsumptam
1539 3985 1691 4069 speciem,
1718 4006 1813 4068 quarn
1836 3984 1977 4050 vehiculi
1998 3993 2127 4050 ornatus

503 4089 639 4173 accepit.
686 4089 778 4154 cuius
806 4089 852 4154 rei
882 4089 978 4155 etiam
1001 4090 1052 4154 vir
1072 4089 1217 4155 inlustris
1238 4088 1450 4173 prodecessor
1471 4108 1561 4154 meus
1583 4088 1769 4154 Auchenius
1791 4088 1914 4153 Bassus
1936 4088 2129 4172 perennitati
2147 4110 2175 4151 su

503 4198 630 4256 vestrae
651 4192 807 4257 rationem
829 4192 945 4258 dicitur
965 4192 1150 4270 intimasse;
1188 4198 1220 4257 et
1241 4191 1315 4257 ideo
1338 4192 1460 4257 saeculi
1482 4192 1580 4257 vestri
1603 4191 1749 4275 aequitas
1771 4190 1957 4276 imperavit,
1992 4199 2028 4256 ut
2050 4213 2128 4257 exa-

461 4302 480 4361 2
503 4293 626 4359 minata
654 4301 687 4360 ct
714 4303 866 4380 conperta
891 4315 1110 4378 suggererem.
1157 4316 1229 4360 cum
1258 4294 1357 4360 fiscus
1386 4295 1419 4359 in
1448 4301 1609 4379 tempore,
1643 4294 1728 4378 quod
1758 4292 1977 4378 praebendum
2006 4293 2123 4371 fuerat,

503 4417 565 4461 non
587 4396 736 4479 haberet,
763 4417 803 4462 ex
825 4417 902 4463 area
923 4399 1106 4482 quaestoria
1127 4399 1268 4481 itemque
1291 4417 1331 4463 ex
1353 4398 1525 4462 formarum
1548 4395 1695 4480 conditis,
1721 4404 1891 4481 praeterea
1912 4417 1954 4461 ex
1975 4403 2127 4479 argenta-

503 4501 620 4565 riorum
649 4499 847 4585 parsimonia
875 4508 1042 4585 argentum
1072 4502 1160 4567 iusso
1189 4502 1279 4585 operi
1308 4500 1521 4565 ministratum
1544 4506 1610 4583 est,
1645 4499 1735 4565 cuius
1758 4500 1892 4582 solutio,
1926 4499 1954 4563 si
1976 4518 2127 4565 carrucae

461 4612 480 4671 3
503 4622 581 4667 usus
610 4611 769 4685 maneret,
803 4603 845 4669 de
872 4604 1032 4670 thesauris
1062 4605 1285 4689 imperialibus
1312 4605 1383 4669 iure
1413 4610 1586 4687 peteretur.
1634 4603 1692 4668 sed
1713 4623 1798 4668 nunc
1820 4602 1964 4687 carpenti
1986 4602 2126 4668 novitate
2145 4625 2174 4665 aa

503 4705 650 4771 submota
679 4726 770 4771 suurn
801 4707 937 4790 quisque
959 4706 1120 4792 deposcit,
1153 4728 1213 4772 nec
1236 4706 1368 4773 difficile
1391 4706 1551 4771 credimus
1573 4706 1751 4790 impetrari,
1786 4704 1913 4789 quoda
1935 4705 2045 4788 legum
2067 4726 2127 4790 pa-

503 4918 728 4925 ——-—-....-.-.
761 4920 787 4924 -
813 4919 861 4924 ..-..
887 4919 914 4924 —

591 5051 712 5113 ineptes
729 5051 820 5100 om.l⁷
914 5050 1080 5101 tursum*
1171 5052 1418 5116 3supllcantumM
1508 5051 1657 5114 unqusmF
1751 5050 1848 5100 bau.
1865 5049 1891 5098 Γ
1986 5050 2131 5099 'tcausal’

503 5137 736 5187 Butadhcredcm
751 5136 807 5200 ΤΜ,
822 5140 852 5186 ab
865 5138 970 5187 haerede
983 5137 1009 5186 Γ
1096 5139 1219 5188 Placidlse
1232 5137 1260 5187 Γ
1267 5140 1305 5187 hie
1317 5144 1340 5186 st
1352 5138 1467 5200 deinceps
1571 5138 1719 5187 tldloercnt
1732 5136 1760 5183 M
1850 5152 1873 5185 e.
1887 5132 1920 5202 ι]
1933 5135 1964 5199 Γ,
1978 5137 2028 5188 effi.
2044 5138 2062 5185 i.
2080 5135 2128 5184 ΓΜ

505 5220 796 5291 llullam]I',nullam
811 5223 861 5270 ΓΜ
967 5223 997 5273 12
1015 5224 1148 5274 secm.M
1252 5221 1588 5291 130.r.]1’,0m.r.rd
1693 5222 1911 5286 lbpcrsouaTM
2014 5222 2129 5271 aduciM

505 5308 536 5358 ld
553 5311 737 5372 possessionem
750 5324 876 5372 corporum
889 5308 924 5372 M,
945 5324 1073 5373 corporum
1085 5312 1243 5373 possessione
1257 5309 1283 5357 Γ
1367 5311 1488 5360 delinitur
1501 5309 1529 5356 M
1633 5307 1665 5358 18
1682 5323 1731 5370 quo
1744 5310 1848 5357 iuuante
1862 5307 1891 5355 M
1975 5305 2053 5376 intra]
2066 5308 2123 5367 ΜΓ,

501 5396 572 5443 lnT
672 5392 784 5463 petitori]
804 5396 933 5455 himerus,
953 5398 1076 5458 spetitors
1097 5396 1170 5444 ΤΜΓ
1278 5396 1307 5445 21
1329 5397 1496 5457 disesngcnds
1516 5396 1551 5457 M,
1573 5396 1732 5455 discingenda
1750 5393 1775 5443 Γ
1877 5402 1915 5443 est
1933 5396 2089 5443 salubritatis
2107 5392 2133 5443 Γ

502 5481 535 5531 23
554 5482 671 5530 maiestas
690 5490 772 5530 sesua
792 5481 820 5530 M
921 5483 1021 5531 iustitia
1039 5498 1087 5532 cm.
1111 5482 1139 5529 M
1422 5540 1424 5551 Ι

588 5568 620 5615 dc
637 5568 761 5616 reddendo
779 5577 881 5628 argento
899 5582 1013 5616 camueac
1031 5568 1096 5630 quod
1115 5571 1191 5616 fiscus
1208 5575 1373 5630 occupauerat
1395 5569 1415 5615 Τ
1552 5566 1584 5616 26
1602 5568 1717 5616 dddnnn.
1743 5566 1797 5626 ΤΜ,
1822 5568 1853 5615 Ι).
1874 5566 2013 5615 Theodosio
2030 5581 2127 5628 semper

503 5656 567 5713 hug.
591 5653 753 5712 Symmachus
771 5655 850 5716 praei.
870 5655 927 5702 urb.
948 5652 974 5701 Γ
1101 5653 1133 5702 ts
1152 5648 1209 5703 dud
1225 5656 1291 5717 imp‘r
1309 5654 1345 5716 M,
1366 5655 1399 5704 D.
1420 5655 1555 5716 Imperator
1574 5652 1603 5715 Γ,
1624 5653 1658 5713 es.
1679 5668 1704 5713 p.
1726 5652 1784 5714 279,
1808 5654 1822 5701 ‘l
1961 5651 1994 5700 29
2012 5666 2127 5712 assump-

501 5747 551 5788 tam
572 5738 602 5799 Γ,
623 5742 779 5802 absumptam
802 5739 850 5786 ΤΜ
966 5739 998 5790 30
1017 5741 1191 5802 praedecessor
1208 5738 1235 5788 Γ
1334 5739 1480 5788 Anthemus
1498 5737 1525 5787 Γ
1635 5738 1665 5789 31
1687 5740 1781 5787 ratione
1803 5738 1853 5786 TM
1965 5737 1998 5787 33
2017 5737 2130 5786 archaT

502 5825 535 5875 34
553 5825 685 5874 carruchas
707 5826 728 5872 Τ
830 5825 862 5875 36
881 5827 1013 5888 lmpetrsrs
1034 5824 1063 5872 M
