4746 6472
1105 498 1303 556 smncfll
1319 497 1531 555 EPISTVLAE

1105 859 1194 926 cxv
1212 859 1356 944 (ovum
1389 881 1419 926 a.
1440 862 1525 925 eaor

883 994 1143 1064 amuranus
1166 997 1350 1067 cnnsmo
1372 996 1552 1087 ommno
1574 994 1744 1062 aarum.

589 1166 679 1233 Scire
701 1168 862 1252 postulas,
888 1166 966 1251 quid
988 1166 1029 1233 de
1051 1168 1286 1235 lacessentibus
1308 1168 1497 1236 sentiamus.
1544 1168 1618 1234 nolo
1640 1166 1808 1233 consilium
1831 1159 2050 1230 suscensentis
2071 1179 2130 1226 cx-

503 1276 613 1355 pectes
635 1289 740 1351 neque
761 1269 795 1334 in
818 1269 889 1335 eius
910 1289 1027 1336 noxam
1049 1271 1188 1353 labores,
1219 1292 1313 1355 quem
1336 1271 1430 1338 vides
1452 1271 1618 1337 abundare
1640 1269 1792 1356 peccatis.
1839 1267 1910 1351 ipse
1932 1283 2047 1331 causas
2069 1262 2130 1328 da-

501 1373 559 1453 bit,
585 1392 665 1455 quas
687 1391 750 1437 non
769 1371 911 1438 videaris
933 1380 1074 1457 optasse.
1115 1374 1175 1439 sed
1198 1373 1239 1440 de
1261 1374 1318 1440 illo
1341 1374 1422 1440 satis
1445 1374 1548 1440 habeo
1564 1373 1694 1439 dictum.
1734 1371 1874 1451 veniam,
1899 1390 1962 1452 quo
1975 1388 2027 1434 me
2042 1367 2131 1432 ducit
2150 1390 2164 1429 a

501 1475 651 1541 adlectio.
697 1474 826 1541 inmane
848 1481 1003 1557 quantum
1025 1476 1183 1542 alitteris
1206 1476 1361 1543 desidetis
1390 1496 1495 1559 neque
1524 1475 1682 1557 metuitis,
1715 1496 1758 1541 ne
1778 1494 1838 1540 vos
1859 1473 1981 1541 talione
2010 1469 2131 1537 silentii

502 1579 714 1644 mordeamus.
754 1578 830 1663 quid
845 1578 950 1644 hiems
964 1579 1071 1663 faciet,
1097 1600 1181 1661 quae
1203 1587 1287 1645 terra
1303 1586 1335 1645 et
1350 1579 1429 1645 mari
1445 1579 1619 1645 morabitur
1633 1582 1850 1644 commeatum
1878 1574 2017 1659 cogitate
2032 1572 2132 1638 vestri

502 1667 599 1747 efficii
621 1681 847 1747 necessitatem
869 1687 998 1747 nostrae
1020 1680 1247 1748 sollicitudinis
1269 1681 1371 1749 vicem
1394 1702 1530 1766 eamque
1552 1681 1689 1767 adripite
1712 1680 1932 1765 diligentiam,
1964 1696 2060 1761 quam
2090 1675 2132 1741 ds

502 1784 595 1850 nobis
618 1791 727 1851 mutuo
748 1783 915 1868 flagitatis.
962 1785 1047 1850 vale.

858 2160 863 2170 ,
1131 2093 1237 2160 nxvr
1258 2095 1336 2179 (nx)
1370 2116 1401 2161 a.
1422 2096 1497 2160 aaa.

886 2229 1146 2297 sumuncnvs
1169 2230 1352 2299 cnusmo
1375 2229 1554 2298 crunno
1576 2230 1745 2296 aarum.

591 2401 754 2481 Gelasiua
780 2400 832 2466 cui
855 2400 974 2467 factum
997 2401 1079 2483 volo,
1106 2401 1285 2486 imperialis
1300 2401 1415 2468 domus
1437 2421 1546 2468 curam
1568 2400 1699 2486 recepit,
1725 2385 1810 2485 quod
1831 2398 1996 2483 negotium
2018 2397 2050 2463 ci
2070 2397 2135 2462 ali-

504 2504 582 2587 quid
604 2504 722 2570 adtulit
743 2502 928 2588 diguitatis,
960 2503 1021 2571 etsi
1049 2506 1124 2588 plus
1153 2504 1251 2571 habet
1280 2505 1410 2571 honoris
1439 2504 1474 2570 in
1503 2504 1653 2572 moribus.
1701 2502 1894 2569 medicinam
1921 2499 2133 2586 cumprimis

504 2614 632 2674 nostrae
655 2607 770 2673 aetatis
793 2607 945 2673 exercuit.
985 2607 1062 2674 iude
1083 2615 1134 2673 est
1153 2607 1203 2673 illi
1223 2607 1278 2673 ria
1299 2608 1386 2674 facta
1407 2608 1602 2674 meritorum.
1642 2628 1716 2673 nam
1739 2612 1910 2672 summates
1929 2606 2036 2687 aulae,
2061 2604 2134 2688 qui-

503 2712 565 2777 bus
587 2709 728 2777 iuvanda
750 2710 855 2776 salute
877 2709 1058 2795 profuerat,
1085 2716 1186 2776 testes
1207 2710 1314 2796 potius
1335 2712 1447 2777 habuit
1468 2732 1565 2795 quam
1583 2717 1746 2796 patrones.
1789 2709 1890 2790 absit,
1916 2715 1952 2774 ut
1973 2708 2032 2774 tibi
2054 2715 2133 2774 usus
2154 2728 2185 2769 rs

505 2814 615 2881 veniat
635 2813 714 2879 artis
737 2812 818 2895 cius,
852 2833 922 2878 curn
946 2819 1053 2879 cetera
1077 2813 1321 2879 honestamenta
1343 2814 1538 2879 sanctissimi
1560 2813 1621 2878 viri
1642 2813 1769 2897 possint
1795 2833 1852 2897 pro
1873 2811 1931 2877 illo
1958 2810 2041 2877 ferre
2064 2810 2134 2877 sui-

505 2918 655 3003 iragium.
702 2937 779 2999 erge
808 2936 883 2981 arna
905 2914 1071 2982 Gelasium
1103 2916 1184 2981 milri
1205 2916 1271 2981 iam
1294 2915 1414 2982 dudum
1439 2916 1610 3002 placitum,
1643 2916 1702 2982 tibi
1723 2935 1775 2982 me
1797 2914 1976 2999 spondente
1997 2914 2136 2999 placitu-

506 3042 586 3086 rum.
634 3021 719 3087 vale.

1074 3328 1197 3395 nxvn
1217 3329 1311 3414 exn
1347 3335 1469 3397 mua.
1488 3332 1562 3396 aar.

388 3465 491 3528 ers
889 3464 1149 3531 erumnosus
1172 3464 1355 3532 onusmo
1378 3465 1558 3534 nummo
1579 3466 1749 3531 sennar.
2156 3483 2187 3525 20

595 3635 860 3703 Commendarsm
883 3635 942 3701 tibi
957 3635 1114 3721 Anysium
1137 3635 1334 3702 laudabilem
1357 3635 1471 3719 virum,
1496 3636 1559 3702 nisi
1581 3636 1615 3701 in
1637 3636 1811 3702 amicitiam
1833 3655 1937 3701 meam
1960 3642 1993 3700 te
2007 3641 2137 3701 auctore

507 3738 662 3805 venisset.
703 3738 831 3822 quaudo
853 3738 954 3821 igitur
974 3738 1054 3803 nihil
1071 3745 1129 3819 cst,
1157 3739 1244 3822 quod
1258 3739 1306 3804 illi
1322 3759 1413 3805 meus
1429 3759 1533 3806 sermo
1548 3739 1706 3819 conciliet,
1732 3739 1880 3804 beneficii
1902 3740 1972 3804 loco
1994 3738 2133 3820 habebo,

507 3842 535 3908 si
557 3844 590 3908 in
614 3863 687 3908 cum
710 3842 813 3908 sancti
828 3841 927 3907 animi
949 3841 997 3907 tui
1019 3841 1136 3925 gliscat
1150 3840 1301 3908 adfectio.
1341 3863 1416 3908 nam
1435 3843 1492 3910 ubi
1507 3844 1625 3909 amoris
1648 3842 1829 3910 rudimenta
1850 3849 2026 3927 praeventa
2048 3850 2132 3923 sunt,

508 3945 670 4012 secundae
692 3945 816 4029 gratiae
839 3945 928 4010 locus
950 3950 1011 4025 est,
1037 3952 1073 4010 ut
1094 3951 1269 4028 augmenta
1290 3955 1472 4031 poscantur.
1518 3947 1603 4014 vale.

1104 4253 1243 4320 LXVIH
1261 4254 1375 4339 (LXII)
1409 4274 1441 4321 a.
1459 4256 1534 4320 380.

893 4389 1152 4457 SYMMAOHVS
1175 4391 1358 4458 OELSINO
1380 4389 1560 4458 TITIANO
1582 4391 1752 4457 FRATRI.

595 4563 698 4628 Rufus
719 4558 913 4647 pontificalis
935 4561 1078 4628 arcarius
1099 4562 1302 4647 prosequitur
1323 4562 1409 4648 apud
1432 4570 1465 4628 te
1487 4562 1641 4629 mandata
1662 4562 1809 4646 collegii,
1841 4562 1892 4628 cui
1921 4582 1999 4647 prae
2021 4564 2137 4630 ceteris

509 4665 667 4731 retinendi
689 4663 892 4749 Vaganeusis
922 4663 1024 4729 saltus
1047 4684 1126 4730 cura
1147 4664 1258 4748 legata
1280 4671 1339 4731 est.
1387 4664 1489 4745 effice,
1524 4685 1580 4731 oro
1601 4673 1644 4746 te,
1678 4670 1713 4730 ut
1735 4664 1889 4731 divinitus
1910 4663 2058 4733 videatur
2078 4667 2137 4733 ob-

509 4768 609 4835 latum
632 4768 677 4834 tui
701 4767 829 4833 honoris
851 4765 1027 4849 auxilium,
1059 4774 1093 4834 et
1114 4766 1278 4852 utriusque
1300 4774 1333 4834 te
1355 4768 1527 4835 sacerdotii
1554 4768 1730 4835 antistitem
1752 4767 1931 4834 recordare.
1977 4768 2135 4854 quidquid

594 5046 677 5097 Pom.
696 5045 746 5095 VM
873 5045 889 5094 3
907 5052 1085 5094 succensentes
1103 5047 1218 5110 expectla
1237 5046 1283 5095 Pl
1297 5061 1332 5098 m.
1464 5045 1480 5095 4
1497 5046 1643 5110 habundare
1662 5046 1685 5094 P
1812 5043 1942 5115 dasque]
1962 5044 2071 5111 vulf),
2090 5060 2137 5096 an·

508 5148 556 5198 que
574 5133 598 5182 P
611 5139 622 5182 1
635 5149 680 5194 aa,
701 5146 784 5197 enque
803 5131 898 5182 Pam.
1005 5145 1038 5181 ue
1055 5133 1193 5181 castellone
1216 5132 1243 5194 V,
1263 5145 1342 5182 nouos
1359 5132 1454 5181 udone
1472 5131 1495 5178 P
1597 5132 1713 5193 lcosslte
1730 5130 1754 5179 P

596 5219 623 5270 ll
645 5234 694 5268 om.
713 5218 761 5265 VM
864 5217 1046 5277 symmacus?
1162 5216 1194 5267 12
1212 5220 1309 5268 tautum
1334 5216 1430 5267 vulo
1546 5215 1578 5266 13
1596 5219 1623 5265 ln
1642 5218 1753 5266 moribus
1770 5218 1870 5266 medici.
1898 5231 1955 5265 nam
1974 5232 2028 5267 eam
2046 5219 2137 5282 primis

508 5313 606 5355 nostrae
620 5307 647 5367 V,
662 5306 689 5353 ln
703 5306 814 5352 moribus
826 5304 928 5355 medici.
948 5318 1004 5353 uam
1017 5304 1043 5352 ld
1056 5306 1083 5353 in
1095 5305 1183 5366 primis
1195 5304 1298 5354 suaeld
1396 5304 1426 5353 14
1445 5303 1603 5353 tatsle.
1693 5302 1884 5353 summatlsPV
1968 5303 2084 5353 anlePl
2099 5319 2134 5353 m.

511 5444 541 5493 15
560 5443 671 5492 luuauds
689 5438 783 5507 salute]
803 5440 865 5503 lm,
890 5385 992 5491 uiueuda
1009 5444 1092 5491 salute
1114 5442 1142 5504 V,
1168 5442 1280 5491 eluenda
1298 5442 1435 5492 aduam?
1553 5454 1703 5503 quamquam
1727 5441 1770 5503 V·
1866 5445 1987 5501 patronus
2006 5439 2051 5487 Pl
2064 5440 2139 5488 m.l'

510 5529 541 5579 lii
559 5532 661 5578 eueniat
682 5528 732 5577 VM

594 5613 627 5664 20
645 5628 694 5664 om.
712 5614 756 5662 VP
855 5613 886 5664 21
907 5615 1079 5664 commendare
1097 5615 1120 5662 P
1221 5616 1320 5663 anatum
1342 5614 1386 5663 Ἠ*
1486 5615 1570 5662 ulrum
1589 5627 1639 5662 non
1656 5614 1738 5662 ausim
1757 5616 1805 5662 nial
1824 5615 1850 5662 tu
1870 5627 1950 5663 meam
1968 5613 2139 5662 amicitiaml'

509 5700 542 5751 22
560 5708 600 5749 est
617 5714 664 5750 em.
684 5702 705 5749 V
806 5700 883 5749 habeo
902 5701 925 5747 P

595 5785 628 5836 26
645 5799 694 5837 om,
715 5784 762 5833 VM
864 5784 1097 5848 renouauerat>
1198 5787 1326 5849 umentis
1346 5783 1374 5833 n
