4746 6472
491 478 532 538 22
1093 474 1290 531 SYMMACHI
1307 474 1519 530 EPISTVLAE

362 664 470 726 VMH
491 684 542 729 me
570 670 635 729 tam
665 663 722 729 diu
752 663 907 728 sermonis
935 663 982 729 tui
1011 664 1130 730 honore
1159 664 1340 729 fraudares.
1386 665 1499 730 merito
1528 663 1617 749 apud
1643 683 1701 728 nos
1732 663 1765 727 in
1793 662 1863 728 dies
1893 662 2039 746 singulos
2072 663 2119 727 tui

489 767 594 832 cultus
615 766 763 851 augescit
784 773 816 832 et
837 767 922 832 iusto
945 768 1071 832 cumulo
1095 768 1211 834 crescit
1232 766 1383 833 adfectio.
1430 786 1568 849 namque
1590 766 1639 831 ita
1653 785 1713 831 usu
1728 771 1937 851 conparatum
1957 764 2115 848 videmus,

489 876 525 936 ut
557 870 699 935 amicitia
733 870 817 935 bene
855 871 960 936 locata
993 870 1191 954 experiundo
1219 870 1350 936 cottidie
1379 870 1581 955 provehatur.
1637 867 1697 935 sed
1726 868 1767 934 de
1794 868 1860 934 ista
1891 874 1982 953 parte
2011 868 2119 934 verbis

449 973 468 1033 2
492 972 766 1058 supersedendum
790 980 854 1051 est;
884 973 1097 1056 nequeenim
1118 993 1171 1040 me
1193 980 1317 1059 oportet
1338 974 1419 1039 haec
1441 973 1567 1056 dicere,
1600 992 1684 1056 quae
1705 978 1737 1037 te
1760 971 1846 1037 malo
1869 971 1998 1037 sentire.
2045 991 2120 1037 con-

488 1075 558 1160 peri
579 1094 658 1141 sane
680 1096 721 1141 ex
743 1075 857 1141 litteris
879 1075 954 1156 tuis,
982 1082 1101 1158 quanto
1124 1096 1220 1160 opere
1243 1077 1363 1161 publici
1386 1075 1526 1142 muneris
1549 1074 1780 1140 absolutionem
1803 1073 1967 1157 requiras,
1998 1081 2031 1140 et
2052 1081 2153 1141 stu-c

489 1198 567 1263 pere
588 1197 640 1243 me
663 1177 783 1260 fateor,
816 1184 939 1244 tantum
962 1178 1021 1244 tibi
1043 1179 1330 1245 administrationis
1352 1178 1423 1245 eins
1445 1196 1517 1244 esse
1539 1177 1722 1260 fastidium,
1751 1178 1804 1243 cui
1825 1178 1947 1243 fructus
1969 1177 2121 1263 optabilis

490 1301 530 1346 ex
558 1280 699 1346 omniurn
729 1301 837 1347 amore
864 1281 1046 1366 respondet.
1094 1302 1137 1347 an
1166 1290 1216 1347 est
1244 1282 1368 1366 aliquid
1397 1281 1542 1348 tenacius
1571 1280 1690 1365 gloria,
1728 1300 1811 1363 quae
1844 1279 1975 1346 laudem
2004 1279 2122 1346 adiecit

489 1383 662 1449 voluntatis
689 1433 837 1449 ......
864 1391 897 1450 et
917 1390 1025 1450 tamen
1049 1405 1126 1450 cura
1147 1405 1210 1451 non
1233 1385 1347 1468 deerit,
1373 1392 1409 1451 ut
1421 1384 1556 1470 patiaris
1571 1390 1606 1450 tu
1621 1389 1730 1449 tamen
1755 1434 1907 1449 ......
1932 1384 2121 1469 peregrina-

488 1486 584 1553 tionis
607 1488 713 1553 eolare
734 1487 818 1553 iusto
840 1508 948 1554 amore
970 1488 1165 1573 provinciae.
1211 1489 1295 1554 vale.

980 1796 1161 1862 xxxxffl
1180 1797 1359 1883 (xxxvn)
1393 1817 1424 1861 a.
1444 1797 1627 1860 ero-379.

1060 1933 1321 2001 exnuncnvs
1347 1933 1546 2000 nvsouro.

579 2106 680 2171 Vetus
703 2105 863 2171 sententia
885 2113 951 2187 est,
986 2113 1072 2172 artes
1100 2106 1220 2173 honore
1251 2105 1377 2171 nutriri.
1425 2126 1497 2171 eam
1518 2110 1647 2171 nostrae
1669 2105 1787 2171 aetatis
1809 2104 2008 2171 confirmavit
2028 2122 2116 2169 usus.

491 2228 586 2272 nemo
609 2207 694 2272 enim
715 2208 795 2273 belli
818 2215 911 2273 notus
940 2218 998 2274 aut
1026 2209 1113 2275 domi
1142 2209 1249 2274 clarus
1278 2215 1420 2275 exortem
1442 2209 1577 2293 praemii
1607 2208 1710 2273 sensit
1729 2207 1934 2273 industriam.
1979 2207 2027 2272 ita
2048 2227 2120 2271 cnm

496 2309 604 2392 dignis
627 2309 749 2375 fructus
771 2310 930 2393 tribuitur,
956 2312 1093 2377 candem
1116 2312 1202 2377 viam
1223 2311 1472 2397 capessentibus
1494 2331 1569 2397 spes
1584 2317 1727 2395 paratur.
1773 2310 1875 2395 glisco
1890 2308 1989 2393 igitur
2002 2308 2121 2393 gaudio

492 2432 563 2478 cunr
587 2419 717 2498 propter
738 2412 838 2495 alios,
870 2415 987 2497 quibus
1010 2414 1170 2480 fortunam
1193 2416 1308 2481 sollers
1330 2415 1397 2479 vita
1419 2414 1585 2495 conciliat,
1617 2420 1684 2479 tum
1707 2413 1846 2479 maxime
1868 2412 1986 2478 Iuliani
2014 2412 2122 2476 fratris
2142 2436 2171 2476 rr

492 2515 556 2580 mei
577 2515 703 2599 gratia,
736 2535 831 2598 quem
854 2516 902 2582 sic
924 2538 944 2582 a
966 2523 998 2583 te
1021 2517 1114 2601 diligi
1136 2519 1228 2602 volo,
1259 2525 1294 2584 ut
1314 2518 1443 2602 probari
1464 2536 1560 2602 posse
1582 2515 1718 2583 confido.
1765 2516 1829 2582 scis
1849 2536 1983 2600 nempe,
2008 2515 2042 2580 in
2064 2514 2120 2579 illo

494 2617 616 2683 forensi
638 2619 771 2702 pulvere
793 2640 888 2703 quarn
911 2640 985 2684 rara
1007 2621 1154 2703 cognotio
1177 2620 1219 2686 sit
1241 2619 1371 2685 facundi
1394 2620 1458 2685 oris
1481 2627 1513 2685 et
1534 2620 1610 2685 boni
1631 2618 1788 2704 pectoris,
1821 2619 1897 2683 dum
1926 2625 1983 2683 aut
2010 2616 2121 2683 mode·

454 2725 473 2785 2
496 2726 581 2786 stum
608 2720 775 2804 ingenium
805 2723 1001 2788 verecundia
1030 2722 1188 2790 contrahit
1216 2730 1272 2789 aut
1300 2742 1451 2789 successu
1481 2723 1634 2806 eloquens
1663 2722 1839 2789 insolescit.
1885 2721 1967 2787 haec
1995 2720 2028 2785 in
2051 2740 2121 2785 meo

495 2823 647 2889 familiari
671 2845 710 2890 ac
731 2825 914 2891 necessario
943 2846 983 2893 eu
1013 2826 1166 2893 societate
1197 2827 1386 2910 viguerunt,
1419 2833 1454 2891 ut
1482 2845 1586 2909 neque
1615 2826 1741 2891 obiectu
1770 2824 1902 2910 pudoris
1930 2830 2036 2890 areret
2063 2842 2123 2889 nec

494 2946 565 2991 cum
597 2926 787 2994 detrimento
816 2926 930 2994 frontis
952 2928 1119 2995 adtineret,
1166 2949 1341 3013 numquam
1361 2928 1397 2993 in
1418 2928 1599 2994 mercedem
1622 2928 1752 3011 linguae
1774 2933 1961 2993 ornamenta
1982 2925 2124 3010 corrupit
2140 2947 2172 2989 ro

493 3049 532 3095 ao
554 3029 690 3095 fortunis
712 3030 819 3095 tenuis
840 3032 1042 3116 opulentiam
1061 3031 1137 3117 lide,
1163 3039 1333 3115 quaestum
1348 3031 1447 3097 laude
1461 3032 1610 3097 mutavit.
1654 3035 1761 3095 merito
1776 3031 1861 3096 hunc
1874 3030 1934 3096 tibi
1948 3030 1981 3095 in
1996 3049 2124 3094 manum

492 3134 546 3199 vel
568 3133 673 3216 magis
694 3133 728 3198 in
750 3133 891 3198 animum
914 3134 1019 3200 libens
1042 3134 1146 3200 trado.
1191 3155 1267 3199 nam
1290 3134 1369 3200 mihi
1391 3154 1516 3199 summa
1538 3133 1660 3199 curatio
1683 3140 1750 3212 est,
1784 3141 1820 3200 ut
1840 3132 2015 3198 amicitiam
2037 3139 2124 3198 tuam

492 3235 568 3301 boni
590 3236 734 3302 uberent.
781 3242 813 3302 te
836 3255 961 3320 quoque
983 3237 1070 3303 idem
1094 3238 1190 3319 velle,
1216 3238 1322 3303 habeo
1345 3245 1540 3322 conpertum.
1589 3256 1716 3321 semper
1737 3237 1822 3302 enim
1843 3243 1959 3300 natura
1980 3233 2126 3319 aequali-

493 3339 553 3405 bus
576 3338 713 3423 gandet‚
747 3346 780 3405 et
801 3338 960 3406 familiare
983 3341 1046 3406 sibi
1068 3348 1118 3407 est
1140 3361 1251 3422 omne,
1283 3341 1371 3425 quod
1393 3340 1499 3407 simile
1522 3347 1581 3406 est.
1630 3340 1689 3406 sed
1718 3360 1760 3406 ne
1789 3339 1913 3424 prolixo
1940 3337 2123 3405 testimonio

494 3441 710 3526 suspicionem
740 3441 917 3508 laudatoris
945 3443 1124 3526 incurram,
1157 3464 1278 3526 quaeso
1304 3445 1377 3529 ipse
1407 3445 1448 3510 de
1478 3464 1515 3510 eo
1544 3443 1671 3510 iudices
1702 3442 1850 3508 examine
1871 3441 2031 3528 pensiore.
2078 3440 2124 3507 ita
2141 3462 2172 3505 rs

495 3564 566 3610 cum
587 3544 677 3610 illius
699 3545 879 3610 institutum
901 3546 1097 3631 probaveris,
1122 3547 1302 3633 periculum
1323 3546 1435 3613 iudicii
1457 3546 1522 3612 mei
1544 3546 1670 3613 feceris.
1718 3547 1803 3612 vale.

945 3909 1009 3982 AD
1036 3908 1250 3983 Adonlvu
1276 3908 1668 3983 Pnlnrnxrfrvrr.

1020 4096 1217 4162 xxxxrnr
1237 4097 1431 4182 (xxxvm)
1465 4116 1496 4162 a.
1517 4100 1590 4162 are.

904 4234 1164 4301 sxuuucnvs
1187 4233 1349 4301 Asculo
1375 4233 1706 4301 Pannrnxruno.

578 4405 720 4470 Meretur
741 4404 913 4489 diligentia
933 4405 966 4470 in
990 4426 1041 4472 me
1062 4413 1128 4489 tua,
1155 4413 1191 4472 ut
1211 4426 1267 4489 ea,
1298 4426 1383 4488 quae
1412 4407 1555 4492 proxime
1584 4406 1676 4472 laudi
1705 4406 1784 4472 mihi
1806 4406 1951 4490 fuerunt,
1985 4406 2069 4472 clam
2091 4412 2122 4471 te
2141 4426 2171 4467 ao

493 4526 565 4573 esse
587 4527 650 4573 non
672 4506 788 4591 patiar.
835 4508 931 4574 credo
952 4509 1106 4575 indicium
1129 4509 1245 4576 fecisse
1267 4509 1326 4575 tibi
1348 4509 1486 4591 famam,
1516 4510 1602 4593 quod
1623 4518 1787 4596 parentem
1809 4531 1916 4576 meum
1938 4512 2004 4576 ruri
2027 4517 2121 4594 atque

492 4609 526 4675 in
549 4629 681 4676 secessu
703 4610 843 4677 amissae
865 4611 979 4677 domus
1000 4612 1152 4677 iniuriam
1174 4612 1403 4695 decoquentem
1427 4613 1648 4697 frequentibus
1671 4613 1856 4698 suffragiis,
1890 4613 2030 4697 denique
2051 4633 2123 4679 ora·

493 4712 615 4779 toribus
637 4713 746 4780 missis
768 4733 851 4779 noro
873 4713 993 4780 honore
1023 4720 1155 4781 senatus
1183 4715 1343 4783 acciverit.
1391 4736 1457 4799 qua
1485 4736 1585 4783 causa
1613 4716 1670 4782 nbi
1696 4716 1834 4801 primurn
1864 4716 2050 4784 facultatem
2075 4717 2124 4783 lo-

582 5076 769 5127 2nldlmusV
873 5073 1071 5144 dpmnahetur]
1086 5078 1184 5137 Gruter,
1198 5080 1347 5141 praebeatur
1363 5077 1496 5141 Vllum),
1517 5078 1679 5127 dilateturlf
1763 5079 1806 5128 sed
1819 5093 1867 5128 cm.
1885 5079 1938 5142 (Π)
2044 5078 2123 5130 8uo·

492 5165 600 5214 luntatir
618 5172 645 5214 et
669 5164 745 5225 ΗΠ)
853 5168 881 5211 tu
901 5169 985 5212 temen
1002 5165 1212 5226 peregrinationis
1233 5166 1298 5229 (Π),
1319 5171 1348 5214 tu
1366 5170 1450 5214 umen
1468 5167 1695 5227 peregrinationem
1719 5163 1796 5229 Vll'),
1818 5167 1920 5214 lum
1939 5166 2048 5216 fodiensi

581 5249 609 5299 11
630 5263 678 5298 om.
699 5249 742 5296 VF
845 5248 875 5298 13
894 5250 1019 5298 industria
1034 5265 1097 5299 corr.
1111 5265 1141 5299 er
1152 5251 1274 5300 industrii
1290 5252 1334 5299 V1
1349 5266 1383 5299 m.
1492 5250 1523 5300 17
1542 5247 1666 5317 cognatio]
1678 5252 1785 5314 leretur,
1806 5253 1915 5313 cognitio
1929 5254 1956 5313 F,
1978 5254 2087 5303 conditio
2105 5253 2126 5300 V

494 5337 525 5387 19
544 5352 573 5387 ea
592 5332 772 5403 societatem,
792 5335 823 5384 ed
841 5337 984 5384 sacietatem
999 5336 1028 5397 F,
1048 5350 1096 5385 om.
1118 5336 1138 5383 V
1239 5336 1270 5387 21
1291 5333 1405 5403 ec]111',
1427 5336 1509 5398 ιΥΦ,
1530 5350 1579 5386 om.
1594 5338 1617 5384 F
1719 5338 1802 5387 meriti
1821 5340 1935 5388 fonunae
1954 5340 2091 5388 unuemF

492 5424 623 5485 opulentia
641 5423 717 5472 fldem
739 5423 761 5471 V
880 5423 967 5470 merito
985 5426 1041 5469 calc
1059 5436 1087 5470 ac
1104 5423 1213 5471 fenuclo
1231 5421 1465 5487 conuentura,
1484 5425 1626 5484 transposui
1766 5422 1798 5472 22
1817 5430 1857 5473 cst
1874 5427 1969 5474 curatio
1988 5439 2085 5474 summa
2103 5425 2126 5472 F

492 5509 525 5559 23
545 5506 661 5576 uberent]
680 5507 756 5570 MP,
787 5508 908 5557 haberent
930 5508 951 5555 V
1087 5510 1181 5569 gaudet
1197 5510 1344 5572 aequalibus
1361 5510 1385 5556 F
1521 5507 1554 5558 25
1572 5505 1719 5576 laudatoris]
1743 5508 1791 5572 Vr,
1818 5510 1899 5559 laudis
1919 5510 1985 5573 (Il),
2005 5526 2056 5561 cm.
2071 5511 2094 5557 F

492 5595 547 5657 lpse
565 5608 613 5646 om.
631 5595 683 5657 (Π)
791 5594 825 5644 26
842 5597 954 5658 proberis
977 5596 998 5643 V

579 5679 611 5729 27
629 5681 670 5730 Ad
681 5682 803 5742 Agerium
816 5681 1005 5730 Prwtextrtnm
1017 5695 1065 5731 orn.
1079 5681 1148 5732 codd.
1249 5680 1283 5731 29
1296 5680 1458 5742 Symmachus
1470 5682 1561 5744 Agcrlo
1573 5676 1745 5749 Praetextato]
1761 5682 1804 5745 (Π
1807 5682 1826 5745 ),
1840 5695 1889 5732 om.
1904 5681 1956 5730 VM
2039 5681 2124 5732 30111-

492 5767 621 5828 dulgentfe
641 5765 688 5829 (Γ)
796 5766 827 5817 cl
848 5767 929 5828 partor
951 5768 972 5815 V
1074 5769 1120 5816 tibi
1139 5770 1228 5818 fecisse
1253 5766 1302 5815 VM
