4686 6472
804 435 855 490 Du
873 432 1070 492 suuuucffl
1088 429 1352 492 ouuuloufflvs.
1832 433 1893 499 Vll

349 666 369 724 ι
392 668 425 727 et
447 662 476 750 6)
513 659 683 727 Orationes
706 660 746 725 de
770 679 906 726 censura
928 679 991 724 non
1014 657 1216 724 restituenda
1238 664 1271 725 ct
1293 664 1402 724 contra
1423 657 1551 743 Polybii
1574 657 1675 723 lilium
1698 656 1892 742 praetorium

260 781 473 847 candidatum
497 781 592 846 simul
614 780 648 845 in
671 778 834 864 publicum
857 779 1058 863 prodierunt,
1084 799 1218 863 quarum
1242 778 1329 862 prior
1350 779 1453 844 altera
1474 797 1538 845 non
1559 778 1639 844 nihil
1662 777 1832 860 antiquior,
1860 783 1894 842 ut

259 901 422 982 ederetur,
450 907 547 966 aucta
568 906 601 965 et
622 899 794 965 emendata
816 901 926 984 estu).
975 898 1199 965 emittebantur
1222 918 1260 967 co
1282 905 1435 983 temporo,
1461 918 1525 980 quo
1547 898 1640 964 Felix
1662 902 1696 963 et
1719 896 1893 963 Minervius

260 1021 422 1105 dignitate
443 1019 572 1086 inlustri
595 1018 733 1104 praediti
756 1019 852 1084 simul
870 1019 1056 1085 Mediolanii
1079 1026 1171 1085 erant
1182 1022 1230 1100 11),
1258 1038 1391 1102 quornm
1413 1018 1496 1084 alter
1510 1017 1586 1084 inde
1601 1019 1643 1084 ab
1658 1039 1689 1083 a.
1709 1019 1771 1083 395
1794 1036 1895 1101 quac-

261 1150 355 1208 stura
376 1141 461 1207 sacri
484 1139 597 1225 palatii
620 1138 814 1224 fungebatur
836 1159 971 1223 eamque
994 1139 1145 1224 deposuit
1166 1160 1196 1204 a.
1223 1142 1284 1204 397
1309 1144 1366 1204 aut
1388 1141 1450 1203 398
1472 1139 1620 1220 ineunte,
1654 1145 1687 1204 ut
1709 1137 1894 1223 praefectus

259 1262 424 1348 praetorio
446 1261 481 1326 in
504 1260 630 1326 Gallias
652 1259 839 1340 mitteretur,
867 1259 951 1325 alter
972 1265 1096 1326 aestate
1118 1266 1175 1325 aut
1195 1266 1391 1325 autumnos
1425 1261 1486 1324 397
1511 1258 1648 1344 primum
1671 1259 1822 1323 honorem
1844 1256 1895 1322 iu-

260 1382 409 1462 lustrem,
434 1380 618 1446 comitivam
640 1400 745 1446 rerum
768 1379 974 1464 privatarum,
1004 1379 1131 1465 accepit
1157 1382 1198 1460 (ν.
1223 1379 1333 1461 iufra).
1381 1379 1479 1446 editio
1500 1379 1599 1462 igitur
1619 1379 1796 1445 orabonum
1820 1378 1896 1443 illa-

259 1521 332 1565 rum
356 1506 413 1565 aut
433 1499 556 1567 ultimis
577 1500 743 1565 mensibus
765 1520 797 1564 a.
823 1501 884 1563 397
908 1506 964 1565 aut
985 1499 1098 1584 primis
1120 1520 1150 1564 a.
1178 1501 1240 1564 398
1263 1497 1478 1566 admribenda
1499 1505 1560 1565 cst.

354 1624 382 1704 6)
410 1619 559 1705 Quinque
581 1619 742 1685 orationes
763 1620 806 1685 ad
828 1618 1042 1704 Euphrasium
1064 1618 1099 1683 in
1115 1618 1288 1704 Hispanias
1311 1618 1399 1686 misit
1416 1618 1638 1704 Symmachus,
1665 1638 1738 1684 cum
1760 1618 1843 1684 alias
1865 1618 1895 1683 ei

260 1741 329 1806 iam
354 1745 428 1805 ante
451 1739 655 1820 minueretur.
702 1752 836 1822 quarum
859 1739 1001 1805 omnium
1023 1746 1169 1824 tempora
1190 1746 1224 1805 et
1245 1744 1435 1822 argumenta
1456 1739 1579 1805 incerta
1601 1746 1687 1805 sunt.

352 1864 381 1942 7)
419 1861 649 1943 Fragmentum
678 1859 864 1943 Symmachi
893 1866 1039 1942 quartum
1074 1860 1116 1944 (p.
1143 1861 1216 1943 349)
1252 1880 1272 1924 a
1302 1858 1506 1925 Cassiodorio
1542 1860 1635 1925 nobis
1664 1865 1825 1926 somatum
1854 1878 1896 1924 ex

261 1980 407 2047 oratione
429 1980 541 2065 aliqua
562 1979 742 2064 argumenti
765 1979 952 2064 panegyrici
975 1979 1179 2065 desumptum
1203 1986 1262 2059 est,
1290 1979 1331 2045 de
1347 2000 1411 2064 qua
1432 1979 1467 2044 id
1489 1979 1593 2045 solum
1609 1986 1742 2061 constat,
1769 1979 1811 2044 ab
1834 1978 1892 2059 eis,

261 2121 400 2184 quarum
422 2100 577 2185 reliquiae
599 2099 633 2165 iu
657 2099 766 2166 codice
790 2100 941 2165 Bobiensi
963 2100 1132 2184 leguntur,
1166 2099 1326 2166 divorsum
1349 2099 1461 2165 fuisse.
1500 2120 1576 2165 nam
1599 2119 1710 2165 omnes
1740 2097 1897 2165 eiusmodi

262 2232 352 2303 suut,
378 2227 413 2287 ut
433 2221 550 2287 verba:
578 2230 677 2303 specto
695 2222 827 2304 salrator
848 2223 972 2285 virtutis
994 2225 1060 2285 cius
1076 2230 1248 2305 ouymeota,
1274 2224 1328 2305 qui
1347 2222 1455 2303 differo
1478 2222 1609 2285 laudare
1628 2222 1786 2303 principia
1807 2218 1899 2285 nulla

261 2341 391 2407 ratione
412 2340 457 2406 ad
478 2359 536 2407 cas
556 2340 717 2424 pertinere
739 2340 873 2425 possint.

353 2461 445 2541 Quae
473 2460 686 2545 Symmachus
714 2460 748 2526 in
778 2469 894 2527 senatu
922 2468 1031 2527 contra
1061 2460 1234 2528 Gildonem
1264 2461 1498 2547 pronuntiavit,
1531 2482 1594 2527 non
1622 2461 1707 2527 iuter
1736 2459 1897 2526 orationes

264 2581 326 2647 sed
355 2582 439 2647 inter
467 2580 645 2647 sententias
674 2581 853 2647 senatorias
883 2580 1123 2663 collocaverim,
1157 2601 1238 2666 quas
1267 2582 1348 2648 libro
1370 2580 1496 2648 decimo
1518 2581 1730 2666 epistularum
1753 2580 1898 2646 adnexas

265 2701 369 2767 fnisse
391 2700 598 2785 inscriptione
620 2720 679 2785 per
701 2699 844 2766 codicem
867 2700 1097 2768 Divionensem
1121 2708 1250 2768 servata
1272 2702 1422 2767 docemur
1455 2704 1540 2786 (276,
1566 2705 1634 2785 26).
1680 2700 1790 2766 scribit
1811 2699 1898 2767 enim

262 2826 394 2903 auctor,
426 2819 633 2886 Stilichonem
663 2819 698 2885 in
729 2820 830 2903 gestis
853 2821 1028 2887 curialibus
1050 2821 1092 2886 ad
1115 2821 1233 2887 scrinia
1255 2823 1402 2906 Augusta
1422 2821 1533 2888 missis
1560 2822 1622 2904 (99,
1649 2823 1701 2903 27)
1728 2840 1768 2886 ea
1790 2839 1900 2904 raper-

262 2948 372 3007 turum
387 2959 471 3023 esse,
497 2961 581 3024 quae
602 2940 673 3025 ipsc
695 2940 814 3007 dixerit
833 2942 894 3025 (99,
915 2943 986 3027 96);
1012 2962 1096 3026 quac
1119 2961 1170 3008 res
1193 2941 1297 3027 magis
1319 2942 1363 3008 ad
1384 2943 1515 3009 brevem
1538 2941 1773 3024 sententiam¹il
1800 2960 1897 3023 quam

262 3060 308 3127 ad
331 3060 506 3127 orationem
528 3060 724 3126 elaboratam
749 3061 919 3128 referenda
941 3082 1014 3129 esse
1037 3062 1174 3133 videtur.

354 3179 500 3246 Vidimus
528 3179 628 3263 igitur
657 3181 817 3247 orationes
846 3202 909 3247 non
935 3182 1042 3249 minus
1064 3189 1187 3267 septem
1210 3203 1231 3247 a
1252 3182 1446 3268 Symmacho
1467 3183 1539 3268 ipso
1563 3182 1668 3248 editas
1690 3200 1782 3262 esse,
1815 3198 1899 3263 quae

264 3320 380 3367 omues
408 3307 464 3366 aut
492 3300 642 3384 singulae
671 3307 728 3367 aut
755 3301 850 3367 binae
881 3302 1073 3368 monobiblis
1102 3302 1136 3368 in
1165 3303 1328 3387 publicum
1359 3303 1497 3369 emissae
1530 3311 1616 3370 sunt.
1662 3299 1804 3385 corporis
1838 3299 1899 3365 ali-

261 3422 374 3503 cuius,
410 3441 473 3503 quo
501 3420 573 3505 ipse
602 3428 658 3487 aut
688 3440 800 3486 omnes
830 3430 888 3489 aut
917 3421 1069 3488 maiorem
1099 3442 1210 3489 earum
1240 3430 1363 3510 partem
1394 3423 1623 3508 composuerit,
1660 3422 1752 3487 nulla
1780 3419 1899 3486 montio

260 3541 317 3625 fit,
351 3540 410 3607 sed
439 3560 536 3624 cave,
569 3561 609 3606 ne
640 3560 680 3607 ex
710 3541 848 3607 auctoris
879 3541 1006 3608 silentio
1032 3543 1157 3625 aliquid
1184 3545 1370 3611 concludas.
1417 3565 1492 3609 nam
1516 3542 1729 3628 Symmachus
1759 3540 1898 3625 quadam

261 3660 477 3727 verecundiae
506 3661 709 3728 affectatione
739 3661 802 3727 nisi
839 3661 1000 3728 rarissime
1031 3683 1129 3748 opera
1158 3683 1219 3729 sua
1252 3685 1316 3730 non
1347 3670 1574 3730 commemorat
1596 3670 1635 3730 ‘ct
1663 3682 1704 3727 ne
1734 3658 1899 3727 relationis

264 3781 396 3865 quidem
419 3781 460 3847 de
483 3801 542 3846 ara
564 3780 737 3863 Victoriae,
770 3801 854 3865 quae
883 3782 916 3847 in
945 3783 1085 3848 omnium
1115 3803 1169 3849 orc
1199 3791 1269 3850 erat
1298 3790 1331 3850 et
1359 3804 1381 3849 a
1402 3784 1585 3850 christianis
1606 3801 1734 3866 quoque
1765 3779 1899 3846 summis

592 3932 680 3939 -μ

261 4010 386 4056 actionem
405 4007 493 4055 relcrri
512 4012 604 4069 potest,
625 4008 671 4055 scd
689 4008 764 4055 verbs
783 4008 915 4070 ingruenti
934 4010 1023 4070 primi:
1043 4009 1140 4058 beatum
1158 4013 1210 4058 iam
1225 4011 1362 4071 paruulum
1379 4024 1469 4073 meum,
1490 4012 1617 4073 cuipiam
1634 4007 1724 4057 adrisit
1741 4009 1839 4066 docent,
1859 4019 1899 4053 oc-

262 4095 390 4143 casionem
408 4094 526 4142 orationis
545 4105 662 4152 namnum
680 4093 837 4155 imperatoris
854 4095 1005 4143 bonebctnm
1024 4096 1111 4158 luisse,
1133 4097 1199 4158 quod
1219 4110 1269 4146 non
1288 4097 1369 4145 solum
1384 4095 1530 4156 Symmacho
1549 4097 1597 4158 ipsi
1616 4095 1659 4143 scd
1679 4094 1755 4143 etism
1773 4094 1824 4141 fllio
1843 4093 1899 4139 aius

263 4181 391 4228 tributum
410 4184 462 4240 sst;
490 4179 636 4228 consulatus
654 4184 754 4241 sutem,
779 4193 837 4228 cum
855 4181 933 4229 totius
952 4181 1064 4229 lsmlllse
1082 4182 1240 4243 splendorem
1258 4188 1376 4244 sugeret,
1397 4184 1505 4251 postoris
1522 4195 1621 4244 quoque
1639 4181 1763 4229 senatoris
1780 4178 1840 4227 usui
1858 4178 1900 4225 lu·

269 4272 344 4314 turus
363 4270 425 4314 crat.

357 4351 398 4414 12)
420 4349 478 4411 126,
502 4351 532 4402 17
551 4351 615 4399 duas
633 4354 710 4412 ipitur
726 4354 900 4401 oratiunculas
917 4366 998 4414 nuper
1015 4352 1094 4401 editos
1111 4370 1127 4402 a
1144 4353 1214 4403 nobis
1230 4357 1296 4404 misi.
1327 4369 1413 4403 sarran
1430 4369 1482 4403 una
1500 4353 1534 4402 od
1551 4353 1659 4402 urbossos
1676 4351 1757 4411 fasces
1774 4352 1898 4399 resultan-

264 4445 315 4487 tem
338 4442 416 4487 terruit
440 4436 618 4497 candidatum,
644 4440 715 4486 alteri
732 4443 906 4499 urpumentum
924 4438 991 4486 dedit
1009 4442 1059 4487 iam
1075 4439 1171 4500 pridem
1189 4441 1285 4489 decreto
1302 4446 1403 4490 senatus
1421 4441 1549 4503 inprobata
1567 4454 1680 4488 censura.
1717 4437 1760 4486 sed
1777 4434 1899 4485 issdleium

264 4537 362 4585 ιιιιιιιιι,
386 4537 442 4571 cum
466 4536 504 4572 res
525 4528 581 4572 acta
602 4528 637 4571 est
661 4524 785 4586 habitum,
809 4528 946 4586 propopam
967 4538 1037 4586 opere
1058 4527 1173 4586 turpiore.
1214 4525 1271 4587 113,
1292 4526 1322 4577 31
1348 4531 1406 4577 misi
1424 4531 1500 4589 tpitur
1518 4527 1550 4574 od
1568 4526 1730 4575 eruditionem
1747 4529 1817 4571 tuam
1835 4519 1898 4568 duos

264 4610 437 4658 oratiunculas
453 4615 565 4669 nostras,
591 4622 698 4671 quamam
715 4625 768 4659 una
785 4610 819 4658 ud
839 4610 935 4673 Polybii
952 4611 1031 4672 titimn
1047 4616 1172 4672 pertinens
1190 4627 1219 4661 ee
1236 4617 1328 4663 recenti
1344 4617 1439 4676 nepotis
1457 4620 1518 4663 nato
1536 4619 1583 4676 est,
1610 4615 1688 4661 attera
1706 4609 1813 4666 dudm,
1840 4621 1898 4655 cum
1930 4648 1932 4652 ,

265 4709 306 4744 ιιι
323 4698 351 4743 in
367 4700 454 4744 ιιιιιιιι
471 4697 616 4756 satiaretur,
637 4712 653 4743 o
670 4710 709 4744 me
723 4700 815 4755 parata
832 4710 902 4746 nuno
919 4710 989 4757 opere
1008 4698 1114 4757 turpiore
1131 4703 1205 4747 ousta
1223 4703 1347 4761 processit.
1377 4700 1434 4749 tute
1452 4704 1627 4761 oruamentum
1644 4703 1679 4747 est
1695 4695 1827 4758 repudiata
1839 4705 1897 4740 cea·

264 4796 336 4842 sura,
356 4796 430 4844 quom
449 4785 510 4831 tunc
527 4783 601 4830 totlus
618 4787 720 4831 sumtus
737 4781 837 4842 subavit
854 4786 997 4832 auotoritas.
1037 4782 1096 4846 108,
1118 4783 1149 4833 16
1167 4798 1210 4846 eac
1228 4789 1311 4834 tumen
1328 4788 1366 4834 oet
1386 4784 1520 4836 tradendos
1538 4800 1624 4835 eoram
1641 4784 1685 4833 tihi
1697 4799 1713 4831 a
1724 4782 1803 4842 fratre
1814 4782 1897 4827 nostro

267 4866 389 4916 Minervio
406 4866 471 4916 duas
488 4868 658 4916 manusuetus
674 4881 742 4917 meos
759 4870 798 4916 uel
815 4868 949 4917 mittendas
967 4872 994 4918 tn
1008 4873 1119 4930 patriam
1136 4870 1250 4935 fidelitati
1267 4875 1319 4920 eius
1337 4874 1435 4933 insessi.
1455 4898 1490 4909 -
1513 4885 1652 4921 comumneo
1671 4875 1766 4929 tuanen,
1790 4879 1822 4914 ne
1839 4878 1897 4912 oru-

265 4956 341 5003 ts'onis
357 4956 434 5002 unius
451 4954 523 5001 titulo
541 4957 648 5002 mutetur
665 4952 695 5002 de
712 4967 751 5001 me
768 4956 916 5003 existimatio
934 4959 987 5004 tua.
1024 4970 1083 5004 nerra
1109 4956 1240 5019 repudiata
1257 4972 1363 5007 censura
1380 4962 1470 5018 pmuat
1487 4972 1533 5007 nos
1549 4959 1671 5019 principio
1689 4957 1741 5004 sota
1758 4952 1898 5013 aryumenti

266 5041 424 5101 ιιιιριιιιοιιι,
444 5038 486 5087 sed
503 5039 546 5087 ubi
564 5038 630 5087 dieto
649 5039 742 5101 leporis,
764 5054 822 5089 mem
840 5043 960 5089 sententia
978 5056 1032 5089 mea
1051 5044 1079 5090 in
1096 5047 1202 5104 qratiam
1221 5048 1358 5093 reverteris.
1396 5044 1460 5095 bone
1476 5048 1586 5105 portem:
1608 5043 1685 5105 ‘quoe
1703 5041 1841 5101 ternpestote
1858 5049 1897 5083 re·

266 5129 349 5173 secuta
365 5123 411 5172 est'
431 5127 504 5172 totius
522 5123 616 5173 ordinis
633 5129 712 5174 nostrl
729 5127 844 5174 antetulit
862 5129 1005 5176 auctoritas.

356 5209 395 5272 13)
419 5204 477 5271 193,
498 5208 514 5257 3
532 5208 595 5258 duas
612 5213 784 5259 oratiunculas
801 5225 869 5259 meos
886 5226 965 5274 nuper
981 5212 1059 5261 editus
1076 5213 1109 5261 ud
1127 5215 1243 5263 inlustres
1260 5216 1327 5263 viros
1344 5217 1464 5263 uirtutum
1481 5231 1511 5263 aa
1528 5216 1666 5263 tittermum
1682 5209 1806 5273 praeditos
1817 5220 1897 5254 meer-

266 5294 333 5343 dotio
352 5295 455 5343 Felicem
471 5299 495 5342 ιι
514 5294 663 5345 Minervium
686 5298 751 5346 misi.
789 5297 877 5345 barum
900 5302 975 5347 etiam
997 5305 1020 5347 te
1041 5305 1070 5347 ut
1093 5305 1220 5349 amantem
1241 5303 1303 5363 mei,
1327 5302 1348 5347 si
1370 5299 1532 5350 mediocribus
1554 5302 1660 5363 inpentis
1681 5312 1732 5346 non
1753 5291 1893 5357 oileum

266 5385 325 5443 opto
342 5394 392 5429 esse
409 5382 531 5431 ιιιιοιιιιι.
570 5385 618 5445 ipsi
634 5383 768 5431 voluminis
786 5386 883 5443 coptam
900 5385 1004 5445 faetent.

357 5465 397 5528 14)
421 5465 477 5528 tto,
499 5465 532 5517 26
549 5482 593 5516 nee
611 5472 710 5517 tontum
727 5469 847 5530 epistulas
864 5483 932 5518 meas
947 5473 1037 5530 poscis,
1056 5470 1098 5517 sed
1115 5471 1286 5519 oratiunculas
1305 5484 1398 5534 quoque
1415 5477 1513 5522 nostros
1530 5471 1642 5522 nondum
1660 5470 1704 5517 tlbl
1716 5466 1793 5516 editas
1804 5463 1896 5523 deferri

267 5555 296 5600 in
312 5567 402 5601 marnes
420 5556 477 5601 tuos
492 5556 624 5616 meante.
663 5568 726 5616 quoe
744 5568 782 5602 res
798 5553 897 5603 uidetur
914 5556 1050 5614 ostendere,
1072 5555 1133 5617 quid
1150 5555 1236 5604 iudicii
1254 5555 1341 5606 babeas
1359 5557 1389 5605 de
1407 5560 1450 5618 lis,
1471 5571 1532 5620 quas
1549 5563 1606 5605 onte
1624 5555 1759 5616 sumpsisti.
1781 5577 1816 5587 -
1838 5552 1895 5598 miti

267 5642 345 5700 initum
361 5652 391 5685 ιι
409 5639 581 5688 recentioribus
598 5642 762 5689 motismcutis
778 5643 839 5689 meis
857 5644 964 5703 quinque
981 5654 1094 5703 numero,
1115 5656 1220 5703 quartem
1236 5642 1296 5692 mihi
1314 5645 1364 5691 iam
1382 5644 1499 5703 fiduciam
1516 5644 1576 5704 feeit
1591 5641 1705 5703 publicus
1721 5642 1805 5702 favor.

358 5724 397 5787 lb)
419 5722 457 5773 91.
478 5723 519 5787 99,
540 5723 573 5774 32
592 5728 685 5787 inuenti
701 5740 790 5774 causae
807 5726 901 5776 deuotus
918 5731 1043 5776 sententiis
1060 5727 1235 5789 satisfecimus.
