4716 6476
952 494 1066 550 LIBER
1083 495 1146 551 Vll.

968 856 1131 923 cxxvii.

879 1011 939 1075 AD
962 1010 1223 1077 PATRVINVM.
1894 1010 1962 1072 VH

325 1179 553 1264 Promptiorem
576 1201 628 1247 me
650 1181 735 1247 cirea
749 1181 903 1248 Herennii
925 1180 1099 1247 laudabilis
1122 1182 1182 1248 viri
1205 1182 1425 1249 defensionem
1449 1181 1571 1247 iudicia
1586 1188 1694 1248 vestra
1709 1184 1861 1249 fecerant.

241 1281 338 1348 babet
359 1282 445 1348 enim
468 1282 639 1367 plurimum
663 1284 837 1369 voluptatis
860 1284 991 1367 electio,
1017 1291 1050 1351 et
1070 1292 1247 1371 provocant
1268 1285 1410 1351 animum
1434 1291 1563 1370 sperata
1585 1284 1759 1370 praesidia.
1807 1285 1865 1351 sed

211 1404 346 1449 ameum
379 1405 442 1449 non
475 1392 525 1452 est
558 1385 675 1471 scripto
708 1394 885 1469 ostentare,
922 1386 998 1471 quid
1031 1390 1159 1470 negotio
1193 1388 1407 1473 promovendo
1441 1409 1518 1454 eura
1546 1394 1655 1454 nostra
1684 1388 1862 1454 contulerit.

240 1487 382 1552 narrabit
410 1488 490 1554 baec
520 1490 610 1555 vobis
638 1490 712 1568 ille,
746 1511 842 1573 quem
871 1491 1026 1569 iuvimus3
1060 1491 1155 1556 simul
1183 1491 1286 1577 ipsius
1308 1492 1354 1558 rei
1378 1492 1484 1558 exitus
1506 1489 1614 1556 officia
1634 1497 1744 1556 nostra
1765 1497 1867 1557 testa-

242 1588 335 1654 bitur.
383 1598 497 1657 cancta
527 1593 629 1675 enirn,
662 1613 746 1676 quae
775 1594 912 1679 direptio
941 1602 1120 1679 sparserat,
1153 1595 1350 1679 investigata
1377 1601 1560 1680 patuerunt.
1614 1595 1722 1676 itaque
1753 1593 1785 1658 in
1815 1594 1866 1659 ius

243 1692 396 1757 Herennii
424 1702 602 1760 revertetur
628 1696 755 1779 legibus
777 1696 906 1780 quidem
929 1697 1054 1779 debita,
1088 1698 1147 1764 sed
1168 1698 1269 1784 patris
1293 1698 1403 1764 sensui
1426 1698 1544 1764 acerba
1565 1696 1736 1761 successio.
1784 1716 1867 1761 nune

242 1801 367 1861 vestrae
397 1795 438 1861 de
468 1816 519 1862 me
547 1797 778 1864 existimationi
805 1820 867 1883 ago
897 1806 993 1884 atque
1022 1800 1126 1866 babeo
1156 1801 1280 1884 gratias
1310 1808 1343 1867 et
1371 1821 1464 1885 spero
1486 1799 1635 1866 fiduciam
1659 1800 1757 1865 nostri
1780 1799 1868 1883 apud

199 1920 225 1959 m
243 1897 412 1982 optimates
434 1899 519 1965 viros
542 1920 614 1967 esse
636 1921 830 1985 mansuram,
856 1903 947 1969 ouius
970 1904 1161 1970 documenta
1184 1903 1326 1989 cepistis.

963 2143 1143 2209 cxxviii.

881 2299 940 2363 AD
962 2297 1225 2363 PATRVINVM.
1891 2297 1993 2358 PVF

329 2467 426 2533 Amor
455 2467 488 2532 in
518 2476 550 2533 te
580 2488 671 2534 meus
698 2489 738 2534 ex
761 2469 894 2534 summis
917 2469 1031 2552 opibus
1053 2469 1224 2547 adnititur,
1259 2476 1294 2534 ut
1316 2470 1350 2534 in
1373 2470 1442 2535 dies
1466 2469 1611 2552 singulos
1633 2471 1788 2534 bonorum
1811 2469 1869 2534 tibi

243 2570 348 2635 cultus
370 2570 521 2651 accedat,
547 2577 670 2637 tantum
692 2573 802 2653 abest,
829 2580 864 2638 nt
886 2573 989 2637 sinam
1012 2581 1138 2638 veteres
1161 2572 1218 2637 tibi
1240 2573 1360 2637 amicos
1383 2571 1656 2636 insimulationum
1676 2572 1870 2657 inprobitate

200 2693 226 2733 rs
245 2671 382 2758 decerpi.
429 2673 512 2738 inter
533 2693 613 2756 quos
635 2696 666 2740 v.
692 2695 720 2739 c.
746 2675 871 2759 Scipio,
905 2675 1057 2741 virtutum
1080 2682 1204 2741 tuarum
1228 2694 1279 2740 me
1302 2695 1427 2759 quoque
1450 2681 1533 2740 teste
1555 2674 1720 2754 laudator,
1749 2673 1870 2759 spolia-

243 2781 310 2840 tum
340 2795 376 2841 se
406 2797 513 2842 amore
544 2785 598 2843 tuo
621 2798 679 2862 per
701 2779 844 2844 aemulos
865 2778 1058 2861 ingemiseit.
1105 2777 1164 2843 sed
1186 2777 1265 2843 mibi
1287 2777 1460 2843 verisimile
1482 2797 1546 2842 non
1568 2775 1712 2853 videtur,
1746 2777 1870 2841 stabili-

244 2884 340 2943 tatem
365 2877 463 2944 animi
485 2879 530 2945 tni
554 2879 647 2945 talsis
670 2881 849 2946 rumoribus
871 2882 1014 2966 potuisse
1036 2880 1169 2961 mumri,
1196 2900 1267 2945 cum
1290 2880 1372 2946 bene
1395 2879 1543 2945 conscius
1566 2878 1652 2944 vitae
1675 2878 1756 2943 nibil
1778 2878 1812 2943 in
1835 2898 1870 2943 se

244 2981 411 3047 maledicis
440 2983 538 3049 licere
567 2983 768 3050 sermonibus
797 2982 915 3050 debeat
942 2984 1127 3051 aestimare.
1181 3003 1281 3066 quare
1310 2983 1420 3049 bortor
1448 2988 1481 3048 et
1510 2979 1680 3066 deprecor,
1716 2980 1866 3065 despuas,
1894 2983 1913 3043 2

244 3083 271 3148 si
300 3105 365 3167 qua
387 3091 461 3150 sant
481 3085 642 3152 inculcata
663 3087 849 3169 mendacia,
881 3094 977 3170 atque
1000 3086 1085 3154 hunc
1107 3086 1258 3152 honorem
1281 3086 1405 3152 meritis
1427 3084 1492 3151 tuis
1515 3083 1676 3166 vindices,
1710 3090 1746 3149 ut
1766 3083 1871 3167 qualis

198 3205 226 3246 m
243 3185 313 3271 ipse
343 3205 397 3269 es,
431 3189 529 3253 talem
558 3195 591 3254 te
612 3189 653 3254 ab
677 3189 824 3255 omnibus
849 3188 1021 3273 intellegas
1043 3188 1188 3254 iudicari.
1236 3207 1330 3254 nemo
1352 3188 1386 3253 in
1408 3193 1440 3253 te
1462 3186 1636 3252 transferat
1656 3185 1723 3251 odii
1746 3185 1796 3251 sui
1820 3204 1871 3251 se-

245 3288 342 3353 mina.
382 3289 446 3355 iam
470 3289 589 3355 dudum
612 3291 697 3356 enim
719 3311 823 3375 genus
845 3291 924 3358 artis
946 3291 1061 3358 estad
1083 3291 1218 3357 alendas
1240 3290 1326 3356 vires
1349 3289 1528 3355 discordiae
1552 3308 1630 3355 suae
1644 3295 1765 3354 metum
1781 3287 1871 3353 solli-

245 3390 343 3457 citare
372 3391 540 3477 potiorum.
587 3413 650 3459 non
672 3394 725 3459 ibo
748 3394 892 3478 longius,
926 3415 997 3460 cum
1020 3393 1098 3459 mibi
1119 3393 1364 3478 impetrationem
1388 3391 1546 3475 spondeat
1568 3390 1728 3477 sapientia
1750 3410 1872 3455 morum

244 3499 386 3573 tuorum3
421 3515 516 3577 quam
547 3503 622 3581 puto
652 3504 786 3563 eatenus
815 3516 1038 3581 responsuram
1060 3496 1175 3562 litteris
1197 3496 1295 3575 meis,
1330 3502 1449 3561 utnon
1473 3502 1538 3560 tam
1561 3494 1724 3577 ignovisse
1747 3499 1779 3559 te
1802 3492 1873 3557 Sci-

245 3595 331 3679 pioni
355 3617 382 3662 o.
408 3619 440 3662 v.
465 3619 562 3681 quam
584 3599 663 3664 nihil
687 3600 728 3666 de
751 3621 790 3666 eo
813 3600 947 3665 adseras
969 3599 1157 3666 credidisse.

882 3877 953 3949 AD
990 3875 1233 3951 SIBIDIVM.

961 4029 1157 4094 cxxviiii.

333 4198 450 4262 Curram
474 4198 569 4263 dete
592 4218 694 4263 meam
718 4200 792 4264 nolo
815 4220 855 4265 ex
878 4200 1019 4283 epistula
1041 4200 1204 4266 metiaris:
1241 4219 1345 4284 pauca
1367 4198 1564 4277 isalutantis
1587 4198 1686 4263 verba
1708 4206 1783 4262 sunt
1807 4248 1814 4261 .
1836 4248 1869 4260 ..

250 4349 342 4365 ....
369 4301 428 4365 sed
450 4308 525 4366 vota
553 4301 688 4386 prolixa.
735 4301 831 4368 liceat
859 4302 958 4385 igitur
986 4302 1063 4367 mibi
1093 4303 1212 4367 imitari
1240 4323 1319 4384 erga
1348 4309 1380 4366 te
1411 4299 1637 4385 parsimoniam
1668 4298 1870 4382 religionum,

333 4576 415 4627 tosa
436 4577 463 4641 V,
480 4578 640 4640 periittaP,
660 4579 703 4627 abi
720 4585 853 4639 supersunt
870 4580 944 4628 iaec.-
964 4579 979 4628 3
999 4615 1006 4629 .
1026 4615 1033 4629 .
1055 4616 1061 4630 .
1083 4584 1098 4627 i
1119 4575 1197 4645 t[u‘r]i
1216 4581 1233 4627 i.
1253 4592 1274 4626 e.
1295 4578 1386 4639 uestra)
1409 4577 1424 4625 i
1444 4613 1450 4625 .
1472 4614 1479 4627 .
1502 4613 1508 4623 .
1529 4575 1843 4638 tis...persta5..
1867 4612 1872 4623 .

247 4666 372 4711 ostenta.
395 4699 401 4711 .
424 4699 430 4711 .
450 4678 465 4711 o
483 4677 542 4712 curs
559 4665 603 4713 ῆι
621 4664 637 4713 6
657 4700 664 4714 .
686 4701 692 4713 .
714 4700 721 4714 .
741 4665 794 4713 obis
812 4665 922 4727 illeque
940 4700 947 4714 .
968 4701 975 4713 .
997 4700 1004 4714 .
1026 4667 1034 4711 i
1053 4665 1139 4713 exitus
1158 4663 1272 4713 official
1294 4700 1300 4712 .
1322 4701 1328 4712 .
1350 4699 1357 4713 .
1377 4678 1392 4710 a
1409 4664 1477 4711 enim
1496 4677 1560 4724 quse
1578 4663 1650 4729 direp
1747 4664 1813 4722 igsta
1830 4677 1874 4724 ps-

248 4751 352 4796 tuernnt
370 4747 386 4797 8
405 4784 411 4798 .
429 4785 458 4799 ..
479 4750 499 4797 11
516 4754 660 4799 reuertatur
677 4752 753 4812 legib,
848 4751 893 4800 sed
911 4752 990 4814 patris
1007 4751 1093 4798 sensui
1113 4764 1169 4799 scer
1187 4786 1194 4799 .
1210 4786 1239 4799 ..
1260 4763 1292 4798 ne
1309 4755 1409 4798 neumae
1427 4749 1499 4796 deme
1517 4749 1574 4809 exis
1595 4748 1610 4796 o
1703 4761 1734 4808 go
1751 4753 1825 4810 etque
1842 4775 1876 4783 —

247 4838 273 4882 et
365 4836 389 4883 is
406 4836 447 4883 u‘ri
465 4835 532 4897 spnd
549 4837 683 4897 optimates
700 4838 729 4884 ui
748 4836 780 4885 tc
872 4841 981 4886 nsusnri
998 4863 1034 4872 —
1051 4850 1093 4899 epe
1112 4872 1118 4885 .
1136 4872 1164 4886 ..
1186 4851 1198 4884 s
1326 4835 1505 4884 3deiensiene
1528 4834 1547 4881 V
1666 4829 1794 4899 iecerunt]
1814 4834 1871 4895 (Il),

247 4921 337 4969 iecerit
358 4920 379 4964 V
482 4918 587 4987 tibsec]
606 4921 663 4985 (Π),
684 4922 730 4971 boo
751 4923 772 4968 V
873 4924 980 4971 niuinns
1001 4923 1022 4969 V
1123 4917 1270 4987 Squidem]
1292 4921 1356 4984 (Π),
1380 4922 1444 4983 qnod
1467 4922 1488 4967 V
1589 4933 1678 4969 scarus
1700 4920 1726 4980 V,
1746 4916 1826 4984 merli
1843 4919 1873 4981 P,

247 5010 373 5054 ammata
392 5006 445 5068 (II)
552 5009 661 5056 secessio
680 5009 712 5056 II
812 5023 881 5059 nnnc
899 5006 1011 5074 uestrae]
1029 5022 1078 5057 non
1097 5022 1155 5056 curs
1173 5013 1211 5055 eet
1232 5007 1253 5053 V

187 5142 195 5157 „
336 5090 367 5140 12
385 5105 435 5140 cm.
454 5092 496 5139 VP
600 5092 631 5142 13
650 5108 722 5143 meus
739 5096 768 5143 in
787 5095 849 5143 teF
950 5100 979 5142 ut
997 5110 1046 5144 om.
1062 5093 1110 5142 Pl
1124 5108 1157 5143 m.
1177 5093 1219 5140 VP
1321 5093 1348 5140 ln
1366 5092 1421 5141 dies
1439 5094 1507 5141 enim
1526 5092 1639 5151 singulos
1656 5093 1775 5140 bonorum
1792 5091 1876 5139 cultus

248 5177 294 5223 tibi
312 5176 409 5225 accedit
422 5178 444 5223 P
549 5177 579 5227 11
597 5183 742 5228 tentum-
755 5179 786 5229 15
805 5180 906 5241 decerpi
924 5193 973 5228 om.
989 5180 1012 5226 P
1086 5174 1197 5244 mutum]
1214 5176 1263 5239 VI',
1285 5177 1385 5226 teutiP
1461 5172 1692 5243 insimulationum]
1709 5176 1803 5226 Pisa.
1823 5175 1873 5239 Vl',

247 5263 461 5312 insimulationem
478 5264 502 5312 P
516 5267 527 5310 1
540 5280 574 5315 m.
697 5265 983 5329 improbatorem,
1003 5265 1127 5328 probitate
1147 5265 1242 5313 Pim.
1262 5262 1308 5311 VI'
1436 5263 1466 5312 15
1486 5263 1597 5325 decerpsi
1619 5264 1640 5310 V
1758 5263 1799 5311 uir
1816 5276 1876 5311 eon·

247 5350 337 5397 suteris
355 5349 379 5395 F
506 5350 621 5400 landatur
639 5351 684 5400 Pi
700 5368 734 5401 m.
877 5351 909 5401 16
926 5352 1076 5410 ingemescit
1093 5349 1188 5399 le.
1321 5350 1457 5398 nirisimile
1476 5349 1571 5397 le.
1715 5348 1745 5397 it
1764 5363 1839 5411 posse
1857 5351 1879 5396 P

249 5433 280 5484 18
299 5435 392 5485 denest
413 5435 506 5484 Pim.
614 5450 718 5500 respuas
737 5437 829 5487 Pam.
955 5435 985 5485 21
1006 5442 1045 5485 est
1063 5436 1123 5485 artis
1142 5437 1170 5497 P,
1190 5436 1237 5484 arti
1260 5436 1305 5499 (est
1325 5434 1385 5497 orn.)
1410 5434 1430 5480 V
1530 5435 1639 5482 uirtutes
1658 5435 1681 5481 F
1782 5435 1877 5483 sollici·

247 5526 300 5570 iare
317 5527 414 5570 metum
432 5522 462 5582 Ρ,
482 5528 578 5571 metum
596 5524 696 5572 licitare
717 5524 737 5570 V
849 5521 882 5572 22
901 5523 963 5569 mihi
980 5536 1029 5571 em.
1050 5523 1073 5570 P
1175 5520 1248 5571 210.
1269 5518 1310 5587 ιι]
1328 5534 1382 5581 epo,
1402 5535 1459 5569 cum
1477 5520 1508 5581 P,
1527 5533 1575 5570 our.
1596 5520 1636 5567 VP
1738 5520 1837 5568 sileres
1856 5520 1879 5566 P

335 5607 368 5657 25
391 5621 456 5656 xxul
483 5609 566 5671 explic
593 5610 623 5658 sd
649 5610 792 5672 petromum
820 5614 846 5657 et
871 5610 1015 5670 patruinum
1042 5608 1135 5670 incipit
1161 5608 1190 5655 sd
1218 5608 1339 5657 sibidium
1365 5606 1396 5667 P,
1425 5606 1583 5665 symmachus
1608 5605 1700 5654 sibidio
1728 5606 1755 5665 F,
1785 5619 1835 5655 om.
1859 5606 1880 5653 V

248 5694 280 5743 at
299 5694 356 5742 nolo
381 5708 461 5742 meam
491 5696 513 5741 P
661 5691 806 5767 seiunctis]
833 5694 862 5756 P,
891 5694 1056 5747 iuuandum
1078 5693 1166 5757 VP(I')
1318 5697 1380 5743 sunt
1407 5706 1525 5741 essessa
1553 5693 1596 5743 scd
1625 5691 1655 5755 P,
1685 5697 1746 5741 suut
1773 5694 1816 5740 sed
1839 5692 1880 5739 VF

249 5779 397 5830 asinitate
420 5781 441 5831 V
