4716 6476
906 460 1020 515 LIBER
1037 460 1101 516 Vll.
1755 463 1816 524 209

193 651 264 715 visa
286 656 361 715 sunt
381 650 499 714 bonum
522 648 696 733 pubiienm.
744 648 818 714 buie
840 648 868 713 si
890 646 996 714 fautor
1017 648 1204 728 aouesseris,
1231 646 1370 713 futurum
1393 666 1473 729 reor,
1498 655 1535 712 ut
1556 647 1604 713 illi
1626 668 1683 734 pro
1705 648 1814 714 labore
1838 650 1951 713 PVM

111 772 120 787 ·
195 752 315 818 fruetus
336 751 567 818 aoeommodet.
609 769 729 833 quaeso
750 750 858 834 igitur,
886 752 938 816 vel
961 750 1132 834 legationis
1154 751 1266 816 merito
1289 750 1341 815 vel
1365 769 1436 816 meo
1458 750 1586 816 nomine
1608 751 1643 815 in
1665 751 1819 835 optimum

196 855 296 920 vimm
318 856 401 920 bene
424 855 590 934 consulas,
623 853 678 936 qui
702 853 783 919 satis
805 854 903 918 animi
926 854 1131 920 eontirmatus
1153 861 1219 934 est,
1250 851 1404 936 suffragio
1426 859 1480 917 tuo
1503 872 1724 920 suooessuram
1747 853 1821 920 teli·

198 959 335 1025 uitatem.

867 1302 990 1368 oxnu
1021 1325 1051 1368 a.
1074 1305 1147 1367 aas.
1173 1252 1175 1256 ὗ

834 1456 894 1520 no
917 1457 1178 1522 nuunmuvu.
1842 1458 1984 1521 nvom

282 1627 416 1691 Beatum
439 1634 481 1707 te,
509 1627 562 1709 qrri
586 1627 738 1691 bonorum
761 1627 912 1692 emeritus
935 1628 1061 1707 otiaris3
1089 1647 1146 1693 nos
1168 1628 1203 1693 in
1225 1628 1348 1712 patriae
1371 1630 1441 1693 solo
1463 1628 1601 1694 vivimus
1624 1636 1656 1694 et
1678 1627 1823 1695 fortunae

198 1729 345 1796 fluetibus
373 1730 589 1795 verberamur.
637 1748 786 1813 quorsum
815 1730 878 1795 ista
907 1731 1113 1815 protulerim,
1148 1730 1295 1796 dominus
1325 1737 1358 1797 et
1383 1731 1471 1796 tilius
1493 1751 1584 1796 meus
1606 1732 1734 1796 Attalus
1757 1732 1825 1797 elo

199 1840 322 1918 quetnr,
348 1833 400 1897 eni
423 1851 498 1917 spes
522 1832 677 1898 visendae
699 1832 891 1917 prudentiae
913 1841 989 1898 tuae
1013 1834 1155 1899 laborem
1178 1834 1445 1918 peregrinationis
1468 1834 1544 1900 feeit
1566 1835 1750 1919 optabilem.

959 2177 1057 2244 CXV.

839 2331 897 2396 AD
920 2331 1180 2398 PATRVINVM.
1847 2335 1961 2398 PVM

289 2505 361 2570 Duo
383 2504 462 2570 mibi
485 2504 605 2588 pariter
626 2503 766 2569 ineunda
788 2503 897 2569 delata
919 2509 1008 2569 sunt:
1036 2503 1139 2589 primo
1161 2523 1265 2569 sermo
1288 2512 1373 2587 tuus,
1400 2505 1454 2586 qui
1476 2503 1602 2571 etiamsi
1625 2511 1734 2589 posset
1756 2522 1827 2570 esse

202 2607 387 2687 continuus,
413 2607 580 2672 fastidium
604 2627 667 2672 non
690 2613 848 2687 moveret,
875 2605 991 2672 dehine
1013 2606 1121 2671 fratris
1144 2606 1242 2671 nostri
1264 2607 1441 2673 Frumentii
1462 2614 1632 2692 exoptatus
1655 2607 1823 2673 adventus.

201 2731 293 2794 quem
324 2730 384 2793 ego
412 2710 445 2775 in
476 2729 641 2775 nnmerum
668 2709 820 2775 bonomm
844 2729 916 2775 esse
939 2708 1160 2789 referendum,
1193 2709 1381 2794 prinsquam
1404 2731 1524 2776 morum
1546 2711 1648 2796 ipsius
1671 2710 1827 2795 periclum

156 2832 184 2871 rr
202 2813 359 2895 lacerem,
392 2833 432 2878 ex
461 2812 686 2898 praerogativa
707 2813 754 2878 tui
776 2812 950 2878 testimonii
972 2811 1129 2891 iudicavi3
1161 2812 1165 2895 Ι
1192 2812 1250 2878 sed
1272 2813 1327 2878 nbi
1350 2812 1497 2898 propiore
1520 2832 1695 2897 congressu
1717 2811 1825 2897 probi·
1847 2813 1921 2874 PV

201 2916 275 2982 tatis
298 2915 369 2981 eins
391 2921 578 2980 ornamenta
600 2921 787 2999 patuemnt,
813 2914 939 2981 adverti
962 2915 1067 2981 minus
1090 2935 1178 2995 eum,
1206 2935 1302 2997 quam
1325 2916 1406 2982 ratio
1428 2917 1622 3002 postulavit,
1655 2935 1715 3000 per
1736 2934 1828 2981 vere-

88 3022 92 3031 '
205 3017 355 3084 cundiam
377 3017 609 3103 praedicatum,
634 3018 768 3102 seipse
791 3017 1009 3083 laudationem
1032 3036 1122 3082 suam
1146 3019 1332 3084 mandatam
1354 3019 1469 3084 litteris
1491 3019 1654 3085 videretur
1667 3018 1825 3102 ingerere.

203 3141 259 3207 pro
292 3121 343 3185 bis
374 3141 451 3205 ergo
474 3120 658 3186 muneribus
680 3127 823 3206 optatum
846 3121 903 3186 tibi
926 3122 1015 3187 solvo
1037 3140 1244 3206 responsum,
1277 3142 1339 3204 quo
1361 3143 1413 3188 me
1435 3142 1532 3206 agere
1555 3142 1596 3187 ex
1618 3121 1776 3188 sententia
1798 3128 1831 3187 et

203 3223 264 3289 frui
294 3224 462 3289 commoda
490 3244 562 3290 eum
593 3224 673 3289 meis
701 3224 887 3290 valetudine
916 3243 1139 3308 recognoscas.
1197 3224 1271 3290 huie
1299 3231 1406 3291 autem
1437 3225 1483 3291 rei
1513 3224 1593 3290 nibil
1623 3224 1828 3290 adiciendum

157 3344 185 3385 20
203 3334 288 3412 puto,
315 3347 386 3392 uum
409 3327 478 3392 solo
500 3332 629 3391 nostrae
652 3325 767 3393 salutis
788 3327 908 3392 indicio
930 3328 1102 3410 gratulatio
1125 3327 1270 3393 fraterna
1291 3328 1393 3413 possit
1415 3328 1550 3413 expleri.

957 3670 1072 3737 CXVI.

842 3825 902 3889 AD
924 3825 1187 3890 PATRVINVM.

295 3996 368 4062 Seis
402 4016 459 4081 pro
486 3995 584 4062 insita
611 3995 670 4061 tibi
698 3996 915 4079 humanitate,
953 3994 1031 4078 quid
1058 3996 1203 4080 parvulis
1230 4004 1263 4063 et
1290 4003 1457 4080 parentum
1486 3997 1640 4081 suffragio
1670 3996 1832 4063 destitutis

210 4098 421 4182 benignitatis
449 4120 487 4165 ae
517 4096 754 4163 misericordiae
777 4096 942 4164 debeatur.
990 4098 1103 4163 merito
1125 4097 1202 4162 mibi
1225 4099 1311 4184 apud
1333 4107 1365 4164 te
1388 4101 1541 4166 utendum
1564 4119 1637 4165 esse
1661 4119 1724 4164 non
1745 4099 1832 4165 arbi-

160 4218 189 4259 π
207 4210 270 4268 tror
298 4202 397 4285 longo
427 4201 550 4266 ambitu
579 4200 756 4265 litterarum
787 4221 844 4285 pro
869 4200 1014 4266 inlustris
1036 4200 1209 4266 memoriae
1231 4201 1291 4266 viri
1314 4202 1424 4267 Severi
1447 4201 1537 4283 filiis,
1572 4202 1627 4285 qni
1648 4202 1711 4266 nisi
1731 4201 1832 4267 bono-

206 4325 273 4368 mm
300 4304 441 4370 iudioum
471 4304 620 4371 inventur
648 4303 787 4381 anxilio,
820 4303 962 4390 praedae
991 4310 1088 4386 atque
1117 4303 1254 4369 iniuriae
1284 4305 1507 4371 subiacebunt.
1554 4303 1712 4387 quidquid
1733 4304 1833 4386 igitur

206 4426 314 4472 eorum
344 4407 448 4492 posuit
477 4406 617 4489 utilitas,
650 4404 741 4472 favor
767 4413 842 4473 tuus
871 4426 935 4471 non
964 4413 1115 4489 gravetur
1143 4406 1334 4490 inpendere,
1369 4415 1404 4472 ut
1428 4406 1557 4492 publico
1580 4407 1695 4473 saltem
1718 4405 1831 4472 deten-

208 4509 324 4575 dantur
345 4509 468 4592 adium,
494 4509 548 4592 qui
572 4507 785 4574 familiaribus
807 4508 1014 4575 adminiuulis
1036 4508 1237 4575 desemntnr.

295 4853 305 4902 ¹
327 4850 430 4920 unum]
455 4854 568 4917 vuius
588 4852 657 4922 uro
675 4854 698 4901 Ρ

293 4936 309 4987 6
327 4953 374 4989 om,
391 4938 782 5002 martianopolitanus,
796 4943 972 5002 utpotequieo
986 4943 1252 5002 temporeoieuriotum
1266 4940 1447 5002 Hispaniarum
1458 4939 1597 5001 deposuerit
1684 4938 1698 4986 'l
1719 4935 1782 5005 selo]
1796 4938 1830 5000 u,

209 5023 259 5072 solo
278 5024 345 5071 va
445 5022 461 5073 8
479 5039 642 5074 neruoramur
662 5024 707 5073 Pl
721 5041 755 5075 m.

296 5108 321 5157 ll
344 5121 391 5159 om.
411 5109 459 5157 VM
565 5109 594 5158 12
612 5110 662 5160 duo
680 5113 707 5159 ia
725 5111 821 5160 arr.P
931 5112 962 5161 13
981 5112 1173 5159 continuumV
1276 5111 1429 5160 llmoer
1530 5110 1784 5171 perieulumPim.
1806 5110 1834 5157 M

210 5193 240 5243 15
259 5197 360 5242 mosee
377 5195 489 5244 tuditani
506 5195 595 5245 desinit
614 5196 643 5244 Μ
754 5182 920 5260 proprioreP
1037 5197 1067 5246 tu
1085 5198 1182 5246 aduorti
1202 5199 1289 5246 iulum
1307 5197 1414 5258 Pleu,
1435 5195 1635 5246 aduertimusl'
1743 5197 1836 5258 queV

211 5279 240 5329 17
260 5280 402 5329 laudatione
420 5295 466 5330 sua
484 5281 599 5330 mundata
618 5280 645 5331 Γ
746 5282 777 5331 19
796 5279 931 5349 commode]
949 5282 1003 5345 W,
1023 5282 1148 5331 commodo
1167 5283 1189 5329 P
1292 5282 1325 5331 20
1344 5284 1447 5345 explere
1471 5283 1492 5329 V

295 5365 327 5416 22
346 5367 433 5416 om.V
552 5365 585 5415 23
603 5368 717 5430 paruulis
735 5365 772 5434 et]
790 5368 958 5430 paruulosiV
1069 5368 1251 5416 destitutusl'
1370 5367 1403 5417 26
1422 5368 1533 5416 iudicum
1551 5367 1640 5418 om.V
1757 5367 1832 5429 qnid-

167 5487 172 5501 ,
209 5452 268 5512 qnle
289 5450 382 5500 le.

287 5844 312 5895 Q.
327 5844 445 5885 trvnrmrs
459 5844 607 5885 Srnrrscuvs.
