4746 6472
809 481 864 537 vn
884 482 1014 534 lus-131
1036 480 1091 536 nn
1109 479 1291 536 smmrvn.
1520 446 1525 463 ’
1763 477 1865 544 exul

237 714 371 768 statuam
402 708 547 788 offerens,
578 708 649 788 piae
676 728 737 769 oon
766 708 866 769 atinus
888 726 980 788 qucum
1002 706 1125 768 devotae
1147 707 1255 768 mentia
1277 707 1421 789 reliqioue
1440 706 1612 786 potiendum
1634 706 1865 788 eriqeademqae

239 829 371 890 curavit.
419 825 460 891 de
482 825 727 909 magistratuum
750 832 891 911 tempore
913 825 947 890 id
969 830 1092 891 tantum
1115 829 1236 890 semum
1259 830 1317 906 est,
1344 823 1499 890 siendum
1521 843 1594 889 eum
1617 823 1747 890 Galliae
1768 825 1866 890 meri-

240 944 379 1011 dionalis
406 951 480 1032 post
500 966 533 1011 a.
559 948 622 1010 399
645 945 757 1011 fnisse.
804 966 878 1010 nam
900 952 967 1012 tum
989 943 1148 1011 dioecesis
1171 944 1298 1010 nomine
1320 944 1462 1028 quinque
1483 944 1720 1030 provinciarum
1742 964 1865 1011 nunon-

238 1065 457 1151 pabatur⁹⁶⁶)‚
483 1064 543 1132 sed
564 1065 630 1131 iam
652 1087 684 1132 a.
710 1069 773 1129 400
796 1064 913 1131 divisio
934 1065 968 1131 in
991 1071 1115 1151 septem
1136 1064 1318 1151 provincias
1339 1063 1427 1131 faeta
1449 1066 1593 1149 eratuq.
1640 1064 1799 1150 epistulae
1822 1064 1865 1131 ad

240 1205 312 1251 eum
335 1185 432 1252 datae
455 1186 576 1252 nullam
599 1186 753 1270 temporis
775 1192 882 1252 notam
906 1184 1102 1269 praeferunt.

896 1415 1205 1423 ———

323 1615 362 1680 In
383 1617 475 1683 libris
498 1621 610 1682 oetavo
632 1622 665 1681 et
685 1636 769 1682 nono
792 1616 969 1682 litterarum
991 1616 1190 1702 apographa,
1217 1636 1300 1698 qnae
1323 1615 1486 1699 scriptoris
1508 1615 1628 1682 librarii
1643 1615 1759 1683 iisdem
1775 1617 1863 1683 foliis

240 1736 480 1821 inscripserunt,
506 1738 548 1802 ab
571 1736 693 1804 editore
715 1736 869 1822 discerpti
892 1757 955 1801 non
978 1742 1063 1817 sunt,
1089 1736 1134 1801 ita
1156 1743 1192 1802 ut
1213 1737 1402 1821 plerumque
1424 1735 1547 1818 aliquot
1569 1735 1727 1820 epistulae
1750 1738 1864 1803 eodem

240 1863 382 1939 tempore
410 1856 549 1922 emissae
580 1832 768 1922 ooniunotoe
798 1862 974 1923 manerent.
1023 1856 1113 1923 euius
1139 1856 1185 1923 rei
1209 1875 1325 1922 eausas
1347 1856 1501 1941 exposui,
1535 1856 1590 1921 ubi
1613 1855 1654 1922 de
1676 1857 1864 1924 eolleetione

240 1982 272 2042 et
292 1976 434 2043 editione
456 1976 597 2062 eorporis
620 1977 861 2061 Symmaohiani
883 1977 937 2061 egi
964 1979 1006 2062 (p.
1025 1977 1160 2060 XXVI),
1186 1976 1336 2062 exempla
1357 1976 1391 2041 in
1413 1975 1618 2060 inquisitione
1641 1977 1866 2062 chronologica

239 2116 322 2163 nuno
344 2097 541 2165 instituenda
563 2118 745 2181 congeram.

818 2560 905 2643 VIII
931 2559 1016 2643 0-3
1044 2559 1169 2641 tuus
1196 2560 1282 2642 396.

325 2750 406 2817 Cum
430 2751 523 2836 epist.
550 2754 570 2814 2
593 2751 739 2836 seripsit,
766 2750 979 2836 Symmachus
1002 2749 1107 2816 hieme
1130 2749 1302 2835 incipiente
1325 2748 1457 2834 Capuae
1479 2750 1613 2834 agebat,
1647 2751 1706 2817 sed
1728 2751 1863 2817 reditum

242 2872 471 2955 praeparabat;
505 2871 547 2937 de
577 2871 690 2938 eadem
719 2871 902 2937 reversione
932 2877 1074 2956 tempore
1103 2869 1235 2936 hiemali
1263 2876 1416 2955 suseepta
1444 2870 1478 2937 in
1502 2875 1520 2935 3
1550 2891 1655 2937 sermo
1683 2879 1743 2938 est.
1792 2892 1863 2937 eum

240 2997 377 3072 mustei,
411 2991 598 3077 seriptorem
620 3013 651 3058 a.
678 2995 741 3056 396
770 2992 803 3057 in
825 2990 1005 3076 Campania
1026 2989 1127 3056 fuisse
1149 2988 1236 3056 etin
1258 2990 1389 3074 itinere,
1422 3011 1485 3075 quo
1507 2992 1641 3057 Romam
1663 3010 1774 3056 mense
1796 2991 1864 3057 No-

238 3111 359 3178 vembri
382 3111 510 3196 petivit,
544 3112 690 3197 Capuam
712 3111 879 3197 tetigisse,
912 3110 971 3176 has
994 3111 1151 3196 epistulas
1174 3111 1234 3176 sub
1255 3110 1351 3177 finem
1374 3132 1405 3177 a.
1432 3115 1494 3176 396
1518 3110 1653 3195 scriptas
1676 3131 1748 3178 esse
1770 3119 1859 3197 puto.

237 3253 267 3297 v.
291 3253 324 3317 p.
350 3232 454 3298 LXII.
502 3231 607 3299 eidem
636 3232 772 3318 tempori
800 3232 949 3299 convenit
978 3231 1073 3317 epist.
1101 3235 1134 3312 1,
1172 3252 1255 3315 quae
1283 3231 1387 3298 amieo
1414 3251 1528 3298 reeens
1556 3231 1599 3298 ad
1628 3232 1863 3318 praefecturam

236 3352 395 3437 praetorio
418 3358 529 3419 eveoto
551 3353 652 3419 missa
666 3356 795 3438 est⁹⁶⁸l3
823 3351 983 3436 siquidem
998 3351 1196 3433 Theodorus,
1223 3372 1317 3435 quem
1334 3352 1521 3439 Symmaehi
1535 3353 1754 3419 familiaritate
1771 3372 1862 3419 usum

236 3491 308 3538 esse
330 3493 373 3538 ex
394 3473 423 3538 V
443 3476 549 3537 4-10
571 3480 671 3557 patet,
697 3472 811 3539 eadem
834 3472 941 3538 hieme
963 3473 1079 3539 iterum
1101 3472 1216 3538 Italiae
1239 3491 1310 3538 eum
1326 3473 1457 3558 Illyrieo
1480 3481 1513 3540 et
1526 3473 1638 3540 Afrioa
1660 3474 1863 3559 praepositus

236 3598 295 3658 est.
338 3613 370 3657 v.
395 3613 429 3678 p.
455 3592 519 3658 CL.
566 3593 652 3678 quod
680 3599 788 3660 autem
811 3593 873 3659 hae
895 3593 1020 3659 litterae
1042 3613 1107 3659 non
1129 3614 1200 3659 enm
1223 3592 1356 3677 reliquis
1378 3593 1422 3659 ad
1443 3594 1646 3661 Theodorum
1669 3593 1753 3660 datis
1775 3614 1862 3660 oom-

237 3718 404 3796 ponuntur,
430 3734 470 3779 ea
491 3714 613 3780 ratione
636 3713 865 3799 explicandum
887 3712 958 3793 erit,
983 3733 1080 3796 quam
1103 3735 1135 3799 p.
1161 3712 1256 3778 XXV
1279 3713 1498 3798 exposuimus.

801 4175 887 4258 VIII
914 4177 1026 4259 5-10
1054 4175 1180 4258 ANNI)
1207 4176 1291 4260 375.

320 4367 370 4431 Ex
392 4367 591 4445 hominibus,
623 4367 738 4450 quibus
760 4366 841 4431 haee
862 4365 1072 4449 epistularum
1095 4364 1197 4430 series
1218 4365 1418 4450 insoribitur‚
1451 4365 1515 4431 duo
1537 4373 1659 4432 tantum
1682 4366 1750 4432 noti
1772 4373 1856 4447 sunt,

238 4486 375 4553 Severus
402 4490 442 4573 (6)
470 4497 502 4554 et
523 4487 705 4553 Marcianus
732 4486 786 4570 (9),
813 4506 888 4551 nam
910 4485 1043 4551 Eusebii
1065 4487 1195 4551 saeeulo
1217 4492 1330 4569 quarto
1352 4492 1398 4552 tot
1419 4486 1629 4571 reperiuntur,
1657 4493 1692 4552 ut
1714 4486 1860 4571 dignosci

236 4613 383 4692 nequeat,
410 4608 557 4692 quisnam
579 4627 687 4673 eorum
709 4607 770 4672 hoo
792 4607 862 4672 loeo
884 4605 1123 4688 intellegendus
1145 4605 1197 4673 sit.

322 4727 410 4794 Inter
431 4727 618 4812 Symmaohi
640 4726 819 4792 familiares
842 4725 1067 4792 diseernuntur
1081 4726 1193 4791 Severi
1216 4732 1374 4809 quattuor,
1401 4746 1480 4809 quos
1503 4725 1614 4793 ordine
1636 4726 1859 4810 chronologico

232 4847 374 4933 digestos
396 4867 582 4933 proponam.

324 4969 351 5052 1)
378 4967 526 5033 Valerius
542 4967 690 5049 Severus,
717 4967 769 5033 eui
790 4967 844 5032 hie
865 4966 978 5032 titulus
994 4965 1159 5051 Cortynae
1181 4966 1215 5030 in
1230 4965 1326 5031 Creta
1347 4965 1453 5031 insula
1475 4965 1598 5051 positus
1620 4971 1685 5031 est:
1706 4967 1750 5032 C.
1767 4967 1795 5032 1.
1814 4966 1854 5030 G.

233 5090 265 5156 II
281 5090 365 5154 2595
389 5086 538 5172 Βαλέριον
554 5089 698 5175 Σεβῆρον,
719 5084 769 5152 τὸν
790 5081 998 5174 λαμπρότατον
1017 5084 1069 5151 καὶ
1089 5087 1405 5173 μεγαλοπρεπέστατον
1424 5085 1558 5173 ἔπαρχον
1573 5090 1626 5171 τῆς
1642 5082 1858 5172 βασιλευούσης

229 5207 364 5294 Ῥώμης,
390 5206 516 5296 δόγματι
537 5213 589 5274 τοῦ
611 5213 712 5275 κοινοῦ
733 5212 786 5294 τῆς
802 5206 931 5295 Κρητῶν
948 5206 1096 5294 ἐπαρχίας
1112 5205 1306 5292 Οἰκουμένιος
1322 5194 1464 5280 Δοσῖθεος
1482 5203 1727 5292 Ἀσκληπιὸδοτος
1748 5204 1859 5293 islep-

322 5520 380 5583 906)
402 5521 462 5572 Ced.
482 5521 577 5573 Theod.
597 5520 658 5571 xv]
679 5519 720 5583 10,
742 5519 773 5569 15
792 5534 847 5569 eum
866 5520 924 5568 adn.
945 5519 1099 5569 Gothofredl.

357 5607 371 5656 'i
454 5645 461 5659 .
568 5598 657 5657 ,115
690 5606 730 5656 15.

321 5606 382 5755 IIISI
401 5607 666 5756 affluebas:
685 5692 789 5755 qrwlfba
807 5692 962 5740 tonorum
986 5693 1127 5742 oulmtoe
1145 5695 1257 5740 unimam
1276 5695 1347 5740 loom
1364 5704 1416 5739 noa
1433 5692 1507 5738 solere
1523 5692 1628 5751 mutoru-
1654 5690 1775 5752 quidquid
1792 5694 1857 5739 aum

237 5780 295 5830 leue
312 5783 405 5830 mento
422 5781 552 5831 meeum
570 5781 672 5845 aceedit,
693 5781 718 5830 id
735 5781 845 5828 solutum
861 5782 940 5844 osopio
957 5779 1056 5830 uidetur
1072 5793 1122 5828 esse
1139 5793 1215 5842 quum
1230 5780 1385 5840 proaulam.
