4736 6478
1124 492 1321 550 srnnncffl
1338 488 1547 549 EPISTVLAE

1314 856 1353 920 V.

984 1010 1244 1079 SYMMAOHVS
1267 1009 1529 1077 NICOMACHIS
1552 1007 1688 1074 FILllS.

611 1188 819 1254 Severianum
842 1187 1011 1271 primorem
1028 1185 1213 1251 Liteminae
1236 1184 1323 1250 urbis
1341 1203 1362 1248 a
1377 1182 1506 1269 publica
1521 1178 1780 1265 interpellatione
1796 1176 1954 1257 revocavi,
1980 1196 2022 1241 ne
2037 1181 2146 1240 sancto

524 1291 626 1356 amico
655 1301 762 1355 nostro
785 1290 904 1356 Severo
932 1288 1073 1355 invidiae
1103 1286 1225 1371 aliquid
1255 1287 1439 1369 conquestio
1465 1285 1536 1352 eius
1558 1283 1708 1349 adferret.
1756 1280 1888 1367 promisi
1910 1287 2017 1345 autem
2041 1277 2147 1343 media

525 1394 735 1460 unanimitate
757 1400 823 1475 tua,
850 1393 949 1459 decus
971 1400 1130 1472 nostrum,
1158 1390 1184 1456 si
1208 1389 1286 1473 quid
1308 1390 1391 1455 inter
1413 1409 1468 1454 eos
1492 1385 1735 1453 concertationis
1757 1392 1823 1466 est,
1850 1402 1946 1469 posse
1967 1381 2070 1464 finiri,
2096 1386 2180 1445 ata

525 1518 587 1580 que
609 1496 682 1562 ideo
704 1516 840 1581 quaeso,
874 1503 909 1562 ut
933 1495 1002 1560 viro
1025 1494 1142 1579 optimo
1165 1495 1283 1560 Severo
1305 1491 1526 1559 terminandae
1548 1489 1638 1575 apud
1659 1496 1690 1554 te
1713 1489 1779 1554 litis
1802 1494 1912 1554 auctor
1935 1504 2009 1553 esse
2032 1484 2147 1569 digne·

525 1601 580 1666 ris.
627 1599 712 1666 vale.

1228 1924 1272 1990 VI
1301 1945 1332 1990 a.
1357 1927 1441 1991 398?

978 2080 1237 2146 SYMMAOHVS
1264 2079 1527 2146 NICOMAOHIS
1549 2078 1687 2144 FILIIS.

608 2255 786 2336 Tamquam
815 2252 921 2318 adhuc
951 2251 1149 2336 negotiorum
1178 2257 1357 2318 vestrorum
1380 2250 1481 2317 nescii
1503 2250 1638 2335 agendis
1660 2250 1756 2315 rebus
1778 2247 1932 2313 formulas
1954 2244 2142 2333 praefinitis.
2166 2263 2195 2303 ιο

523 2363 558 2423 at
585 2377 646 2440 ego
675 2356 875 2421 unanimitati
904 2362 1030 2422 vespae
1060 2355 1223 2438 utriusque
1254 2355 1374 2420 exitum
1404 2374 1521 2420 causae
1550 2354 1739 2438 iampridem
1767 2352 1909 2431 retexui,
1942 2355 1974 2416 et
1997 2349 2091 2415 credo
2113 2348 2146 2413 in

524 2479 637 2525 manus
660 2467 784 2526 vestras
806 2479 864 2544 per
886 2459 1003 2525 milites
1026 2459 1203 2525 vicarianos
1226 2458 1345 2540 delata,
1371 2479 1453 2541 quae
1477 2458 1679 2543 scripseram.
1719 2455 1831 2522 merito
1853 2460 2002 2522 enarrata
2024 2460 2057 2520 et
2071 2472 2145 2518 oon-

523 2570 615 2648 perta
645 2583 709 2628 non
737 2569 863 2648 repeto;
897 2562 957 2628 hoc
987 2563 1089 2627 solum
1120 2564 1216 2628 etiam
1245 2583 1329 2628 nunc
1358 2562 1490 2628 notitiae
1518 2568 1645 2628 vestrae
1674 2558 1897 2627 ostentationis
1926 2557 2048 2642 pudore
2069 2557 2145 2622 sula

523 2672 697 2747 traxeram,
723 2666 851 2732 misisse
873 2686 925 2731 me
948 2666 1148 2732 necessarias
1163 2666 1297 2748 litteras,
1322 2666 1438 2748 quibus
1454 2665 1549 2731 amici
1566 2665 1606 2731 de
1621 2664 1734 2730 tutoris
1749 2662 1916 2728 fraudibus
1934 2662 2139 2739 instruantur,

481 2775 500 2834 2
523 2776 556 2836 et
577 2776 672 2855 puto,
699 2768 727 2834 si
748 2768 814 2834 fors
836 2770 997 2854 inceptum
1021 2769 1122 2851 iuvet,
1150 2769 1383 2836 decernendum
1406 2768 1545 2852 aliquid,
1571 2788 1634 2852 quo
1656 2767 1823 2852 frangatur
1845 2765 2014 2832 obnoxius.
2060 2763 2144 2847 quod
2163 2780 2191 2820 1⁵

522 2893 598 2939 vero
627 2873 688 2953 iter
714 2873 756 2938 ad
779 2873 925 2957 proxima
946 2873 1018 2938 urbi
1040 2872 1174 2957 praedia
1196 2872 1382 2954 distulistis,
1417 2893 1609 2956 quamquam
1635 2872 1734 2937 vestri
1757 2869 2015 2956 cupientissimus
2037 2868 2144 2953 inpro-

523 2978 600 3043 bare
630 2997 693 3042 non
722 2995 864 3062 possum.
912 2976 1081 3060 allegastis
1104 2976 1189 3042 enim
1210 2975 1297 3059 piam
1320 2996 1450 3042 causam
1473 2996 1648 3058 moramm,
1681 2981 1777 3059 atque
1798 2974 1872 3039 ideo
1895 2971 2055 3038 desiderio
2075 2991 2145 3036 meo

522 3080 746 3146 necessitatem
769 3079 942 3163 religiosae
964 3079 1191 3146 adfectationis
1213 3080 1369 3145 antefero.
1417 3080 1503 3145 haud
1527 3079 1609 3160 scio,
1642 3100 1685 3144 an
1707 3077 1902 3144 morantibus
1923 3076 2014 3141 vobis
2037 3075 2145 3157 aliqua

523 3182 668 3249 invitatio
698 3203 755 3249 nos
786 3182 893 3267 potius
915 3183 949 3247 in
972 3182 1183 3268 Campaniam
1205 3182 1308 3268 possit
1329 3182 1478 3249 educere.
1525 3182 1584 3248 sed
1605 3181 1666 3247 hoc
1688 3181 1886 3264 relinquatur
1907 3178 2053 3258 eventui3
2088 3197 2145 3242 uos

521 3286 649 3352 iuterim
673 3294 784 3351 mutua
806 3285 968 3352 desideria
990 3285 1164 3369 scriptione
1186 3287 1363 3353 foveamus.
1410 3286 1539 3352 solaciis
1555 3284 1639 3352 enim
1655 3284 1824 3351 leniendus
1840 3289 1890 3350 est
1903 3283 2042 3363 animus,
2067 3301 2146 3364 quo-
2163 3296 2191 3338 2⁰

522 3391 605 3457 tiens
628 3390 827 3475 protelantur
848 3395 967 3474 optata.
1015 3390 1098 3455 vale.
2101 3378 2103 3385 ’

1226 3716 1285 3781 VH
1317 3737 1349 3781 a.
1368 3718 1441 3780 397.

977 3872 1237 3938 SYMMACHVS
1264 3871 1528 3938 NIGOMAOHIS
1550 3872 1688 3937 FILIIS.

607 4046 789 4110 Tabumius
820 4052 985 4110 evocatum
1014 4065 1065 4109 me
1088 4062 1246 4110 essenon
1268 4044 1371 4127 siluit,
1405 4051 1436 4111 et
1458 4043 1595 4110 fortasse
1616 4043 1791 4126 miremini,
1825 4043 1906 4109 nihil
1929 4062 2026 4127 super
2049 4064 2089 4108 ea
2111 4063 2145 4109 re

522 4148 602 4214 meis
630 4148 758 4233 paginis
785 4148 977 4227 indicatum3
1012 4147 1069 4214 sed
1098 4147 1174 4231 quia
1202 4148 1311 4213 multis
1344 4168 1382 4214 ac
1409 4147 1601 4214 necessariis
1630 4148 1738 4213 causis
1767 4146 1853 4212 domi
1882 4166 2012 4212 manere
2035 4145 2146 4212 decre·
2164 4158 2194 4201 ²⁵

521 4272 641 4335 veram,
666 4252 774 4317 inanis
798 4271 869 4318 esse
893 4271 1010 4337 operae
1032 4250 1172 4317 iudicavi
1194 4251 1292 4316 inrita
1313 4252 1355 4317 ad
1378 4271 1434 4317 vos
1458 4257 1490 4317 et
1512 4250 1716 4317 dissimulata
1737 4250 1888 4335 perferre.
1929 4249 2025 4315 credo
2040 4257 2146 4316 autem

521 4362 651 4421 sanctae
680 4355 884 4421 unanimitati
914 4361 1041 4420 vestrae
1069 4355 1256 4438 inconperta
1284 4375 1348 4419 non
1378 4374 1468 4436 esse,
1508 4375 1590 4438 quae
1620 4375 1718 4420 mea
1751 4353 1978 4438 peregrinandi
2012 4353 2145 4419 oonsilio

521 4458 756 4524 retraxemnt.'
778 4479 854 4523 uam
877 4464 909 4523 et
931 4442 1065 4523 fractam
1089 4458 1305 4523 valetudinem
1329 4477 1433 4523 meam
1455 4459 1567 4541 nostis,
1594 4465 1626 4524 et
1647 4458 1732 4525 unici
1755 4457 1818 4523 mei
1840 4456 2048 4523 solitudinem
2071 4476 2147 4522 cou-

522 4561 735 4645 templamini,
761 4568 794 4626 et
816 4561 997 4645 emptiones
1020 4560 1186 4627 fluminum
1209 4562 1374 4645 usquead
1398 4570 1517 4627 metum
1540 4561 1653 4628 diluvii
1676 4561 1884 4648 conperistis,
1910 4560 2052 4646 pontium
2068 4581 2147 4644 quo-

481 4665 501 4726 2
523 4684 585 4748 qne
606 4664 716 4730 ruinas
738 4673 770 4732 et
792 4664 943 4730 montium
968 4664 1059 4729 labes
1082 4665 1169 4748 apud
1190 4684 1261 4742 vos,
1289 4672 1324 4731 ut
1346 4666 1497 4748 arbitror,
1523 4664 1611 4730 fama
1632 4686 1696 4731 nou
1718 4664 1830 4731 tacuit.
1878 4685 1923 4730 ex·
1941 4684 2004 4747 quo
2027 4663 2145 4730 factum
2165 4678 2196 4718 ³⁰

521 4773 587 4835 est.
613 4774 648 4833 ut
669 4767 766 4834 ceteri
789 4788 913 4851 quoque
936 4768 1065 4832 veniam
1087 4768 1305 4851 postularent,
1339 4788 1418 4852 quos
1442 4768 1556 4834 similis
1579 4769 1701 4834 accitus
1724 4768 1902 4848 exciverat,
1937 4773 2065 4851 praeter
2085 4769 2147 4832 Ar-

522 4871 661 4936 centium
684 4877 717 4936 et
737 4871 957 4955 Euangelum,
983 4890 1115 4955 quorum
1137 4872 1273 4936 alterum
1296 4872 1387 4956 vigor
1408 4871 1665 4951 adulescentiae,
1692 4873 1828 4938 alterum
1848 4872 1997 4936 incautus
2019 4870 2147 4937 animus

521 4973 637 5039 obiecit
664 4973 806 5040 incertis.
860 4975 1014 5058 intellego
1044 4994 1101 5039 vos
1129 4974 1324 5060 profectione
1353 4975 1490 5041 hominis
1519 4996 1582 5041 non
1610 4976 1706 5041 amici
1735 4995 1829 5060 posse
1858 4975 1985 5054 terreri,
2023 4973 2082 5040 sed
2112 4981 2146 5040 ut

608 5286 688 5337 lom.
715 5285 760 5335 VM
864 5286 1032 5335 31itarufnae
1052 5287 1135 5350 (eruin
1153 5290 1180 5335 in
1197 5290 1257 5351 rua.)
1280 5288 1308 5349 P,
1329 5289 1482 5337 linternlnae
1502 5288 1531 5336 Μ
1632 5293 1717 5338 sancto
1738 5289 1778 5349 (an
1797 5291 1825 5336 ia
1842 5302 1890 5337 raa.
1912 5286 1992 5348 Vm.)
2016 5286 2039 5334 P

607 5373 622 5421 9
642 5370 752 5431 symmac
769 5372 936 5421 nichomachts
955 5373 1015 5421 filiis
1033 5372 1062 5433 P,
1082 5388 1131 5424 om.
1150 5372 1199 5421 VM
1315 5374 1346 5424 10
1364 5375 1492 5437 Tanquam
1513 5376 1576 5437 (Tan
1594 5377 1622 5423 ia
1639 5374 1701 5435 rua.)
1722 5374 1745 5421 P
1860 5372 1889 5423 11
1909 5370 1947 5440 at]
1965 5373 1997 5421 ad
2015 5373 2062 5421 Pr
2077 5390 2111 5421 m.

522 5459 757 5510 unanimitatisf'l
772 5459 846 5508 m.V
931 5460 990 5521 quta
1002 5461 1228 5510 caueredoiaaer.
1243 5461 1338 5509 me.
1430 5459 1461 5509 tt
1479 5461 1606 5531 couptaP
1692 5460 1723 5509 15
1742 5460 1838 5509 forlsV
1924 5458 1955 5508 16
1972 5458 2073 5521 praedia
2085 5458 2147 5508 delet

522 5545 584 5595 Suae
690 5545 718 5594 ll
738 5546 861 5607 alligastis
884 5547 904 5593 V
1008 5545 1038 5595 18
1057 5546 1174 5609 religiosa
1193 5561 1221 5595 ea
1240 5548 1419 5596 diffectationls
1441 5547 1462 5593 V
1564 5548 1615 5596 scio
1632 5543 1677 5614 au]
1695 5546 1804 5608 Lectica,
1825 5549 1876 5595 acii
1894 5544 1970 5606 PVI',
1989 5547 2073 5595 acleus
2091 5545 2120 5593 Μ

607 5631 639 5682 23
658 5632 1019 5692 symmacnichomaohiatlits
1039 5633 1067 5694 P,
1088 5647 1137 5681 om.
1159 5633 1204 5680 Vll
1308 5632 1340 5682 tt
1359 5635 1491 5682 taburnius
1506 5632 1534 5679 M
1618 5630 1656 5700 ct]
1674 5633 1744 5681 ueV
1846 5631 1879 5682 26
1898 5632 2032 5681 dlaslmula
2052 5631 2096 5680 Pl
2110 5648 2145 5681 m.

521 5717 554 5767 28
572 5733 600 5768 ao
617 5720 688 5767 unici
709 5716 758 5765 VM
902 5717 935 5766 29
953 5714 991 5784 et]
1009 5732 1036 5766 ac
1059 5719 1080 5766 V
1226 5719 1322 5769 deluuil
1342 5719 1436 5767 le.
1588 5719 1617 5768 31
1639 5715 1714 5786 quos]
1731 5714 1783 5783 qlll
1801 5719 1824 5766 P
1972 5716 2004 5767 32
2023 5713 2060 5784 ct]
2078 5733 2106 5766 ac
2128 5718 2149 5764 V

525 5803 556 5853 33
576 5818 700 5856 uoscorr.
722 5804 790 5854 Vm.
810 5804 931 5853 eauoP
