4746 6472
398 434 409 441 ”
502 451 542 512 os
1100 446 1296 504 srnuucur
1314 448 1526 505 nursuvnnu

418 635 484 699 PF
500 637 680 722 suspendit.
728 656 788 720 ego
811 642 917 702 tamen
941 636 1015 701 huic
1038 656 1146 703 morae
1169 656 1358 704 suscensere
1379 658 1444 702 non
1466 657 1606 722 possum.
1654 636 1812 703 defuisset
1839 636 1924 703 enim
1947 638 2005 704 tibi
2027 657 2127 704 causa

500 740 655 806 sermonis
678 740 832 821 iterandi,
865 739 892 804 si
914 744 1039 805 mature
1061 758 1216 824 respousa
1239 746 1349 805 nostra
1370 740 1518 824 legisses.
1565 760 1665 823 quae,
1695 748 1730 806 ut
1753 740 1894 824 confido,
1919 741 1985 806 iam
2008 741 2126 807 tradita

499 850 589 919 sunt3
616 844 679 908 nisi
703 844 783 910 forte
806 843 911 908 denuo
932 842 1049 926 aliquis
1071 864 1111 909 ex
1134 843 1266 909 urbanis
1289 843 1444 909 divitibus
1465 843 1609 909 insessor
1629 844 1753 909 uiarum
1777 844 1897 930 scripta
1913 851 2023 910 nostra
2037 843 2127 910 fura-

459 947 478 1007 2
501 947 592 1012 verit.
641 946 687 1012 dii
708 947 784 1012 illos
806 945 965 1011 mentibus
988 946 1055 1012 suis
1077 946 1227 1031 puniant!
1258 966 1342 1012 nunc
1364 946 1408 1012 ad
1429 947 1576 1030 quaesita
1597 946 1778 1012 redeamus.
1824 947 1947 1027 humor,
1973 947 2029 1030 qui
2050 968 2127 1032 par-

498 1048 563 1113 vuli
592 1050 691 1114 nostri
721 1057 834 1135 pectus
864 1048 1037 1115 obsederat
1064 1057 1161 1133 atque
1189 1049 1394 1135 inportunam
1424 1050 1538 1115 tussim
1567 1050 1687 1133 ciebat,
1721 1070 1841 1133 magna
1861 1056 1953 1134 parte
1974 1057 2160 1116 tenuatuss

497 1160 562 1230 est;
594 1152 703 1235 itaque
732 1152 929 1238 spiramenta
957 1151 1098 1218 faucium
1129 1153 1231 1219 libera
1260 1152 1339 1218 nibil
1368 1153 1433 1219 ium
1456 1152 1627 1218 stridulum
1650 1159 1775 1219 sonant.
1823 1152 1918 1245 (lenm
1941 1152 2126 1236 benignitas

498 1255 576 1320 velit
603 1257 788 1340 processum
818 1254 965 1321 sanitatis
992 1256 1118 1321 sinsin
1141 1255 1243 1322 solido
1266 1256 1444 1322 conlocare.
1491 1275 1549 1322 nos
1571 1263 1608 1323 ut
1630 1277 1650 1321 a
1671 1263 1759 1322 metu
1781 1256 1999 1341 praesentium
2022 1256 2125 1340 respi-

497 1358 650 1441 ravimus,
676 1359 722 1424 ita
744 1366 817 1425 voto
839 1354 947 1425 futura
969 1360 1140 1425 munimus.

1076 1702 1300 1767 XXXXVIIII
1330 1709 1404 1767 ante
1419 1724 1450 1767 a.
1470 1706 1544 1767 395.

965 1840 1225 1905 SYMMACHVS
1247 1839 1466 1905 FLAVIANO
1488 1839 1655 1905 FRATRI.

584 2012 730 2078 Scribere
753 2012 917 2095 hucusque
940 2032 1002 2077 non
1026 2011 1120 2077 libuit
1141 2012 1398 2097 obstrepentibus
1421 2011 1670 2079 inbecillitatum
1693 2012 1855 2096 querellis,
1883 2032 1965 2095 quas
1983 2011 2126 2079 indicare

498 2116 648 2181 vitamus.
695 2115 770 2180 hinc
791 2114 910 2180 factum
934 2121 999 2198 est,
1034 2121 1069 2179 ut
1091 2113 1231 2181 officium
1255 2121 1397 2180 noenum
1419 2122 1476 2181 tua
1497 2115 1652 2198 adloquia
1673 2115 1909 2200 praevenirent.
1957 2122 2125 2201 postquam

497 2219 610 2285 divina
637 2238 698 2302 ope
727 2216 872 2282 sanitatis
900 2217 984 2283 bono
1013 2216 1076 2282 frni
1106 2216 1289 2302 coepimus,
1322 2217 1406 2283 redit
1435 2238 1512 2284 cura
1542 2218 1708 2284 sermonis.
1757 2238 1847 2284 sume
1876 2217 1974 2302 igitur
2003 2218 2127 2287 litteras

497 2340 586 2387 seras
608 2319 738 2403 quidem
761 2320 913 2386 seducto
935 2326 990 2385 tuo
1012 2327 1045 2386 et
1065 2319 1226 2405 proposito
1249 2327 1478 2404 congruentem
1505 2342 1588 2404 quae
1612 2328 1646 2387 ut
1667 2320 1723 2387 diu
1747 2321 1868 2387 dilatae
1891 2326 1975 2401 sunt,
2001 2319 2048 2386 ita
2061 2319 2127 2387 ‘de-

497 2423 650 2490 siderium
673 2422 724 2488 sui
744 2421 864 2487 indicio
886 2422 1018 2489 mellore
1039 2423 1231 2508 pensabunt.
1279 2423 1364 2489 vale.

1175 2768 1201 2830 L
1231 2774 1305 2833 ante
1320 2788 1351 2832 a.
1371 2771 1445 2832 395.

965 2903 1224 2970 SYMMAOHVS
1247 2904 1464 2968 FLAVIANO
1487 2905 1655 2969 FRATRI.

582 3076 648 3140 lter
676 3075 709 3140 in
737 3074 874 3160 patriam
902 3074 964 3141 diis
986 3074 1172 3159 auspicibus
1194 3075 1373 3157 ordiemur,
1406 3074 1492 3160 quod
1514 3075 1574 3140 tibi
1596 3083 1629 3142 et
1650 3081 1725 3141 aute
1748 3050 1933 3160 conpertum
1957 3082 2017 3140 est.
2067 3075 2124 3141 sed

494 3178 609 3262 religio
631 3177 763 3260 monuit,
787 3184 823 3243 ut
843 3176 908 3244 diei
931 3198 1057 3263 quoque
1079 3178 1195 3245 certior
1216 3177 1408 3246 reddereris.
1448 3198 1519 3245 cras
1541 3178 1640 3263 igitur
1662 3179 1747 3245 riam
1762 3178 1855 3245 nobis
1870 3177 1959 3244 disce
1973 3179 2122 3263 relegen-

495 3281 587 3365 dam,
621 3289 654 3348 et
682 3281 759 3365 quia
788 3280 935 3366 promissi
962 3280 1221 3348 servantissimus
1244 3300 1297 3367 es,
1329 3280 1382 3349 fac
1404 3281 1589 3349 meminerit
1611 3281 1654 3347 ad
1677 3281 1842 3369 publicum
1866 3282 2024 3348 sollemne
2046 3301 2123 3348 con·
2142 3302 2171 3344 ru

391 3402 393 3406 “
494 3384 638 3452 tendere.

1166 3726 1207 3789 LI
1237 3732 1359 3792 antea.
1379 3728 1452 3791 395.

963 3862 1222 3929 SYMMAOHVS
1244 3863 1463 3930 FLAVIANO
1485 3864 1653 3929 FRATRI.

581 4036 760 4101 Emiseram
790 4036 876 4120 prior
904 4035 1076 4120 scriptum,
1107 4034 1192 4118 quod
1220 4035 1254 4099 iu
1285 4055 1400 4101 manus
1429 4041 1501 4101 tuas
1524 4037 1644 4102 dudum
1667 4056 1837 4122 praesumo
1859 4038 1998 4104 venisse.
2045 4037 2124 4104 haut

496 4140 631 4205 multum
654 4137 810 4223 processit
830 4137 942 4219 horae,
970 4158 1041 4203 curn
1064 4136 1194 4220 aderat,
1220 4137 1274 4221 qui
1296 4158 1317 4203 a
1339 4144 1370 4204 te
1394 4138 1471 4203 mihi
1494 4139 1618 4205 litteras
1641 4140 1818 4206 exhiberet.
1865 4140 2001 4205 decursa
2022 4140 2124 4207 oeulis
2142 4160 2171 4202 rc

495 4242 616 4327 pagina
643 4239 763 4324 requiri
785 4261 805 4306 a
826 4260 878 4306 me
900 4240 1030 4325 conperi
1051 4238 1136 4307 diem
1160 4241 1338 4326 coeptando
1359 4240 1465 4306 itineri
1489 4241 1695 4308 destinatum.
1743 4242 1801 4308 sed
1824 4263 1886 4326 ego
1907 4243 1992 4309 hanc
2014 4263 2122 4309 euram

496 4352 671 4429 spontaneo
702 4363 848 4409 sermone
880 4363 1122 4429 praeveneram.
1170 4363 1248 4426 ergo
1280 4343 1506 4428 respondenda
1538 4345 1804 4431 consumpsimus.
1852 4344 1930 4428 quid
1962 4352 2119 4431 superest,

496 4447 560 4513 nisi
589 4456 624 4514 ut
653 4448 797 4531 gratuler
825 4447 918 4514 nobis
947 4447 1072 4513 animos
1102 4465 1174 4513 esse
1203 4452 1378 4532 cognatos?
1413 4468 1488 4512 nam
1518 4468 1602 4531 quae
1631 4456 1664 4514 te
1694 4448 1776 4514 scire
1802 4449 1886 4516 velle
1908 4449 2120 4535 praesumpsi,

495 4551 682 4637 priusquam
704 4570 886 4634 quaereres,
911 4550 1065 4617 indicaui.
1106 4550 1189 4615 vale.
1347 4544 1356 4561 ‘

583 4896 595 4946 1
615 4911 660 4958 ago
679 4897 701 4945 P
820 4910 886 4944 more
905 4894 952 4943 Pr
966 4911 999 4943 m.
1018 4894 1074 4958 (Γ),
1096 4910 1188 4945 rnorem
1207 4897 1302 4946 Pam.
1445 4895 1459 4944 3
1479 4894 1600 4963 insessor]
1619 4898 1734 4960 cyprus,
1755 4898 1866 4946 Incessor
1885 4898 1914 4959 P,
1935 4900 2051 4947 incensor
2070 4899 2092 4944 F

494 4985 620 5033 furaretur
638 4984 661 5031 F
762 4978 876 5049 launo]
893 4982 979 5031 nosF
1079 4997 1147 5031 amor
1168 4981 1261 5032 le.
1278 4981 1346 5046 (Iu)
1453 4982 1668 5046 bspiramentum
1688 4985 1782 5033 le.
1890 4983 2081 5046 lpraecessum
2101 4984 2124 5031 P

496 5068 586 5120 Suale
603 5069 662 5118 edd.
677 5071 700 5117 F

584 5156 615 5206 to
632 5172 681 5206 om.
697 5157 720 5204 F
821 5138 852 5204 l3
870 5154 933 5203 dono
950 5153 1038 5203 dlulno
1056 5157 1163 5203 unitus
1181 5155 1231 5205 Irni
1250 5156 1273 5203 F
1373 5169 1431 5205 cura
1449 5155 1514 5204 redlt
1532 5156 1555 5203 F

584 5241 613 5291 ll
634 5257 683 5291 om.
697 5243 721 5289 F

582 5326 615 5377 22
633 5328 691 5376 boec
708 5329 814 5389 epistula
833 5330 860 5375 iu
876 5327 919 5374 VF
934 5328 1019 5375 eolloc.
1039 5331 1075 5374 est
1090 5331 1146 5389 port
1164 5329 1217 5388 111,
1238 5330 1272 5375 40
1387 5328 1419 5376 23
1438 5342 1487 5377 om.
1507 5329 1549 5374 VF
1651 5328 1683 5378 at
1703 5329 1874 5392 respondendo
1891 5329 1914 5376 P
2017 5330 2051 5380 28
2068 5345 2124 5391 gra-

495 5415 563 5464 tnles
585 5414 612 5476 V,
632 5414 806 5478 gratuletur*
909 5411 942 5462 29
960 5413 1132 5480 qruaerertsl'
1233 5417 1345 5480 sequitur
1363 5418 1390 5462 in
1406 5414 1426 5461 V
1442 5414 1495 5478 111,
1517 5418 1546 5462 ⁴1
