4716 6476
937 527 1052 583 LIBER
1070 527 1134 585 Vll.

917 890 999 957 XXI
1028 912 1058 958 a.
1078 892 1152 957 398.

802 1046 1062 1115 SYMMAOHVS
1084 1047 1268 1114 ATTALO.
1850 1056 1914 1119 FP

307 1223 482 1306 Postquam
505 1218 583 1285 mibi
606 1219 730 1285 litteras
751 1224 825 1284 tuas
842 1218 1013 1305 raedarius
1035 1240 1126 1286 meus
1149 1219 1290 1286 reddidit
1311 1226 1344 1285 et
1366 1220 1517 1287 salutatio
1540 1241 1581 1286 ex
1603 1221 1718 1287 itinere
1740 1241 1850 1307 repor-

222 1332 291 1390 tata
312 1323 549 1389 observantiam
571 1330 713 1388 nostram
736 1323 832 1388 solvit
853 1323 1027 1407 religione,
1053 1324 1148 1389 datus
1171 1331 1221 1389 est
1243 1323 1322 1388 mibi
1344 1324 1452 1390 aditus
1475 1325 1603 1407 crebro,
1631 1324 1705 1390 dum
1729 1324 1847 1407 aberis,

192 1433 327 1493 rtecum
354 1425 517 1511 loquendi.
564 1447 663 1510 qnare
686 1427 727 1491 ab
749 1425 790 1491 iis
813 1424 935 1509 ordior,
968 1447 1051 1511 qnae
1074 1426 1108 1491 in
1130 1434 1203 1492 voto
1225 1434 1279 1492 tuo
1301 1426 1405 1511 prima
1427 1434 1510 1492 sunt.
1558 1426 1653 1492 deum
1676 1448 1756 1512 pace
1778 1448 1852 1493 mea

222 1537 318 1613 atque
348 1529 435 1595 unici
457 1530 520 1594 mei
543 1529 667 1595 sanitas
689 1530 789 1612 viget.
837 1531 977 1596 urbanas
999 1529 1110 1595 turbas
1132 1529 1304 1612 Vaticano,
1338 1531 1548 1614 inquantum
1571 1529 1663 1613 licet,
1696 1551 1769 1596 rure
1792 1530 1851 1596 de-

223 1634 323 1715 clino,
357 1639 390 1699 et
412 1641 537 1716 tamen,
567 1632 744 1717 siquando
766 1632 800 1697 in
822 1639 947 1699 coetum
970 1652 1135 1713 vocamur,
1170 1633 1213 1697 ad
1235 1633 1423 1716 obsequium
1446 1631 1571 1698 consilii
1592 1633 1713 1716 publici
1735 1634 1850 1718 pedem

222 1737 336 1803 refero.
383 1736 450 1801 scio
477 1742 509 1802 te
538 1735 620 1801 nihil
649 1735 790 1821 amplius
819 1736 905 1802 velle
934 1735 974 1802 de
1003 1736 1106 1801 nobis.
1153 1736 1342 1802 tantundem
1371 1755 1561 1821 pernoscere
1590 1756 1695 1801 rerum
1723 1742 1850 1801 tuarum

223 1838 374 1906 desiderii
397 1838 511 1906 modus
533 1838 687 1924 postulat.
733 1839 819 1905 vale.

178 2152 205 2193 to
979 2132 1088 2199 XXII.

665 2244 668 2247 ’
800 2286 1062 2356 arnnnonvs
1084 2287 1269 2354 amnne.

307 2461 420 2544 Longa
441 2479 493 2524 me
516 2458 706 2525 deliberatio
728 2460 858 2541 habuit,
886 2481 928 2526 an
951 2459 1009 2526 tibi
1032 2460 1183 2527 bonorem
1207 2460 1313 2526 faeere
1337 2461 1396 2525 sub
1418 2460 1504 2527 iusta
1525 2460 1649 2527 reditus
1670 2463 1770 2527 uestri
1792 2483 1850 2528 ex-

222 2563 403 2648 pectatione
424 2562 585 2628 deberem.
633 2563 769 2629 verebar
791 2562 894 2646 euim,
928 2584 968 2629 ue
991 2563 1155 2630 festinatio
1177 2571 1233 2629 tua
1255 2563 1385 2629 solaciis
1407 2563 1510 2629 obviIs
1532 2563 1744 2648 frangeretur.
1792 2565 1851 2631 sed

221 2665 281 2731 boc
302 2665 487 2749 ambiguum
510 2664 607 2730 solvit
628 2665 708 2730 ratio
731 2666 907 2747 contraria,
934 2687 1019 2749 quae
1042 2687 1133 2752 spem
1156 2666 1255 2747 dedit,
1282 2665 1343 2731 bas
1365 2666 1489 2733 litteras
1511 2667 1683 2734 revertenti
1705 2667 1851 2733 stmulo-

176 2789 204 2829 ιι
221 2790 290 2835 rum
312 2789 376 2835 non
398 2768 559 2834 frenorum
581 2769 683 2834 instar
705 2768 842 2834 futuras.
887 2770 946 2836 red
968 2771 1113 2835 consulto
1135 2769 1261 2836 adfecto
1284 2769 1472 2836 brevitatem
1495 2770 1597 2836 solam
1619 2770 1679 2836 tibi
1700 2770 1851 2836 deserens

222 2871 393 2939 dictionem
416 2871 539 2953 salutis,
567 2878 602 2936 ut
623 2872 792 2939 verborum
815 2893 958 2939 meorum
980 2872 1116 2939 haustus
1139 2873 1276 2956 exiguus
1298 2871 1460 2939 efficacior
1483 2875 1524 2939 sit
1546 2874 1590 2939 ad
1612 2873 1849 2940 sollicitandam

222 2975 307 3042 sitim
329 2996 425 3060 qnam
448 2975 491 3040 ad
514 2974 719 3060 explendam.
767 2975 877 3055 vale„

972 3267 1098 3337 XXIII.

798 3424 1059 3491 SYMMAOHVS
1081 3425 1266 3492 Adrano.
1871 3433 1905 3496 P

176 3612 205 3659 ro
308 3595 485 3679 Requiront
505 3617 571 3678 me,
599 3596 708 3679 credo,
735 3597 820 3662 oculi
842 3597 907 3663 tui:
934 3618 1026 3663 mens
1048 3598 1164 3663 adesse
1185 3619 1248 3664 non
1271 3596 1405 3665 dubitet.
1452 3618 1577 3665 mecum
1600 3598 1685 3663 enim
1708 3598 1850 3681 diligen-

222 3701 267 3766 tia
295 3700 343 3766 tui
371 3700 595 3783 peregrinatur
623 3706 786 3783 totumque
809 3700 909 3766 animi
931 3700 1113 3768 adfectione
1137 3702 1338 3768 circumfero.
1385 3701 1593 3767 nibilominus
1616 3720 1752 3766 exerceo
1775 3701 1849 3767 stilo

222 3803 384 3868 amicitiae
413 3803 628 3887 voluptatem3
662 3803 748 3886 quod
777 3804 807 3869 si
835 3810 869 3869 tu
899 3825 1026 3887 quoque
1047 3805 1186 3871 invicem
1209 3804 1342 3886 feceris,
1376 3805 1513 3885 eveniet,
1549 3813 1583 3871 ut
1606 3806 1738 3887 longum
1763 3804 1850 3870 iruar

223 3907 276 3971 otii
300 3906 546 3992 possessionem,
573 3906 734 3990 quianon
756 3906 902 3989 negabis,
928 3907 1013 3989 quod
1036 3928 1087 3973 me
1110 3914 1220 3993 posset
1241 3906 1411 3973 abducere.
1458 3908 1544 3973 vale.

960 4199 1103 4265 XXIIII.

176 4373 205 4417 aa
798 4353 1059 4421 SYMMACHVS
1081 4353 1265 4421 ATTALO.

306 4526 358 4592 Ad
379 4525 629 4612 Neapolitanam
659 4533 828 4611 provectus
857 4547 945 4592 oram
968 4526 1092 4593 litteras
1114 4527 1252 4611 sumpsi,
1287 4526 1403 4609 quibus
1424 4547 1483 4593 nos
1505 4526 1539 4592 in
1561 4526 1735 4592 aduentum
1757 4532 1848 4591 tuum

221 4631 297 4696 Bais
320 4629 462 4696 residere
483 4630 618 4696 iussisti.
659 4629 830 4695 adserebat
850 4630 992 4715 perlator
1013 4631 1184 4716 epistulae,
1210 4630 1378 4696 imminere
1400 4649 1570 4696 excursum
1592 4637 1681 4696 tuum
1705 4630 1847 4695 calcibus

221 4733 299 4799 suis.
347 4733 424 4817 quid
444 4733 601 4815 iacerem,
627 4754 700 4799 cum
723 4752 775 4798 me
797 4753 858 4799 neo
879 4734 969 4833 locus
990 4733 1075 4799 idem
1098 4740 1244 4800 teneret?
1287 4734 1469 4819 expeditius
1490 4732 1596 4799 risum
1619 4742 1683 4813 eat,
1716 4740 1752 4798 ut
1773 4753 1794 4797 a
1816 4739 1848 4797 te

221 4837 326 4920 potius
355 4836 491 4921 gratiam
514 4837 722 4903 continuandi
744 4836 787 4902 ad
808 4855 869 4902 nos
890 4836 1016 4903 itineris
1037 4856 1253 4923 posceremus.
1301 4837 1422 4903 amicos
1445 4837 1548 4920 enim,
1580 4857 1646 4902 non
1668 4836 1767 4902 Baias
1789 4833 1847 4900 de-

175 4960 203 5002 no
222 4938 382 5021 sideraeti,
407 4939 470 5004 nisi
492 4938 573 5006 iorte
595 4940 652 5005 illo
675 4940 822 5007 luxuriae
845 4940 917 5006 sino
939 4940 1087 5008 traheris.
1127 4939 1350 5007 comitabimur
1371 4946 1414 5023 te,
1441 4941 1469 5007 si
1491 4960 1529 5007 eo
1551 4939 1657 5007 redire
1677 4938 1843 5018 malueris,

306 5236 389 5287 Iom.
409 5237 432 5283 F
542 5236 672 5301 bportata
692 5235 734 5301 (Il
851 5239 960 5302 equare
978 5241 1008 5288 ab
1026 5241 1058 5289 iis
1076 5240 1159 5288 ordior
1176 5234 1253 5306 quae]
1272 5239 1300 5301 F,
1321 5232 1613 5307 qwlsllsllllsllssslp
1714 5250 1774 5299 pace
1791 5251 1847 5285 mea

221 5320 307 5390 atque]
325 5325 354 5386 F,
373 5325 447 5384 periit
464 5322 532 5371 lnP
633 5322 775 5373 barbanus
793 5322 892 5392 turbas]
906 5327 939 5388 F,
960 5324 1176 5394 urbanissllm?
1260 5320 1370 5392 declino]
1388 5327 1418 5388 F,
1439 5322 1566 5393 dslssssl'
1668 5323 1784 5372 9motns
1799 5321 1845 5385 (Γ)

309 5409 335 5459 11
358 5425 408 5460 om.
423 5411 446 5457 F
550 5408 581 5458 14
599 5409 792 5473 reuerenthI',
812 5412 992 5461 reuertendlI'
1096 5413 1126 5461 15
1145 5410 1202 5480 aad]
1219 5426 1273 5476 epo,
1293 5411 1376 5460 etPF
1476 5410 1657 5473 praetereunt*
1759 5407 1790 5457 tt
1810 5411 1846 5457 sl·

221 5497 265 5543 tim
287 5497 349 5559 litim
368 5498 395 5544 in
412 5497 474 5558 rur.)
496 5496 518 5543 P

307 5580 340 5632 20
358 5584 492 5644 requtrnnt
510 5578 562 5650 me]
580 5585 688 5647 Iunctos,
708 5585 838 5648 requirant
855 5599 896 5634 me
917 5584 982 5647 (Π),
999 5587 1073 5645 perlit
1091 5588 1118 5635 in
1137 5585 1160 5633 P
1274 5586 1361 5635 adme
1379 5580 1442 5651 non]
1462 5585 1526 5649 (11),
1544 5586 1618 5645 perltt
1636 5586 1663 5632 tn
1681 5583 1705 5631 P
1805 5583 1846 5629 ‹ll-

222 5666 326 5728 ligentta
343 5665 393 5734 tut]
407 5668 472 5732 (11),
492 5666 659 5738 dibgsnllslsl
673 5669 695 5717 P
798 5670 829 5721 21
850 5667 1020 5737 adllsstonel’
1120 5670 1154 5721 22
1172 5667 1287 5741 eueniet]
1310 5669 1486 5733 thpeodorp,
1506 5669 1633 5721 uenletP
1734 5667 1768 5717 23
1785 5682 1845 5733 pes·

221 5754 401 5818 sessionemP
503 5758 583 5818 possit
600 5755 695 5807 Pam.

307 5840 339 5889 28
358 5841 424 5889 idem
444 5843 492 5889 iam
511 5847 610 5890 teneret
631 5843 658 5892 C.
673 5844 703 5891 F.
723 5842 759 5893 W.
775 5842 880 5892 Mueller
983 5842 1016 5891 ³0
1034 5844 1148 5891 luxoriae
1168 5842 1214 5891 Pr
1228 5859 1263 5893 m.
1286 5842 1330 5906 (Γ)
1437 5857 1466 5891 eo
1484 5856 1546 5891 corr.
1567 5857 1596 5890 ex
1613 5856 1644 5892 ea
1660 5844 1686 5905 (t)
1709 5842 1802 5891 ram.
