4744 6476
744 503 766 557 1.
788 501 986 558 LAVDATIO
1005 498 1043 558 IN
1063 502 1381 559 VALENlellANVld
1402 506 1422 558 1.
1833 506 1891 570 321

270 693 422 777 probatus
436 692 622 776 imperium;
642 695 655 775 ΙΙ
675 715 747 769 quae
766 715 812 753 res
830 701 1015 755 inanescere
1032 701 1162 755 omnibus
1179 699 1234 755 fuit
1255 692 1268 777 ΙΙ
1283 712 1358 756 nam
1381 712 1432 757 res
1455 693 1587 776 publica
1602 692 1823 758 vehementius
1839 693 1897 759 de-

271 795 406 860 lectatur
434 795 553 859 inritis.
607 816 700 860 nemo
729 795 804 879 plus
834 795 984 879 dignitati
1012 802 1086 860 tuae
1116 795 1237 875 adfuit,
1283 816 1379 877 qnam
1415 796 1470 879 qui
1499 816 1562 861 non
1590 796 1696 881 paruit
1724 797 1893 863 voluntati.

277 906 279 937 ¹
301 907 396 961 nabet
414 914 480 960 ante
499 906 621 960 neodem
641 907 822 960 canilidetum
840 908 905 961 aula
923 907 1039 962 viditate
1065 899 1078 982 ΙΙ
1105 905 1174 964 erat
1201 898 1330 982 quidem
1360 899 1574 965 verecundiae
1595 907 1689 980 tuae,
1723 906 1757 964 ut
1779 921 1897 985 repug-

271 1020 382 1083 nares,
416 1001 473 1066 sed
503 1022 565 1066 non
596 1001 700 1066 minus
729 1000 922 1081 devotionis,
956 1009 991 1067 ut
1016 1001 1158 1068 cederes.
1205 1002 1337 1087 prodest
1358 1022 1595 1086 nonnumquam
1618 1003 1766 1069 militan’s
1789 1004 1897 1088 inpro-

239 1104 371 1169 abitas:
398 1104 496 1169 hodie
519 1105 559 1169 bo
585 1154 1166 1170 .....................

910 1349 997 1408 Deest
1016 1347 1125 1428 solium
1148 1367 1255 1410 terrram.

360 1550 511 1565 ......
538 1499 718 1564 incredibili
748 1498 948 1584 providentia
979 1506 1146 1582 utrumque
1175 1502 1370 1586 conplexus,
1402 1522 1443 1567 nc
1472 1510 1527 1567 aut
1556 1503 1589 1568 in
1613 1456 2071 1587 ιιιιοεροε1111111111ιιιιλὼῗ

271 1602 396 1687 imperii
419 1610 476 1668 aut
497 1602 531 1667 in
554 1602 678 1667 duobus
701 1609 788 1667 esset
810 1622 909 1668 causa
932 1603 1087 1669 certandi.

357 1706 439 1770 Huic
454 1705 589 1786 accedit,
616 1705 793 1787 quodcum
817 1704 879 1770 duo
903 1705 1021 1771 sintin
1042 1706 1177 1790 imperio
1200 1707 1331 1790 gradus,
1357 1709 1432 1773 ilico
1454 1709 1487 1774 in
1509 1729 1698 1793 germanum
1722 1717 1755 1775 et
1777 1711 1897 1795 pariter

222 1825 251 1863 ιο
271 1808 452 1890 contulisti,
486 1808 571 1890 quod
601 1827 737 1872 noveras
768 1807 817 1872 bis
846 1828 940 1892 posse
963 1808 1131 1892 praestari.
1179 1808 1323 1874 adeone
1346 1811 1482 1893 gratiam
1505 1811 1634 1894 quidem
1657 1822 1787 1898 captas,
1820 1820 1897 1879 uta

269 1909 422 1994 perfectis
458 1909 624 1975 beneficiis
660 1930 787 1994 semper
819 1910 968 1995 incipias.
1016 1910 1125 1994 exigui
1162 1911 1261 1976 animi
1291 1912 1378 1977 vices
1405 1935 1574 1980 munerum
1604 1916 1800 1999 partiuntur3
1841 1924 1897 1982 tua

271 2013 448 2078 liberalitas
485 2013 657 2078 desideriis
692 2013 737 2077 nil
772 2013 902 2096 reliquit
929 2014 1132 2095 maximeque
1166 2013 1199 2079 io
1234 2015 1424 2099 imperatore
1459 2016 1609 2083 faciundo
1643 2018 1896 2102 magnitudinem

269 2115 377 2198 regiae
400 2116 560 2198 largitatis
583 2115 684 2181 minui
707 2116 881 2199 credidisti,
909 2117 937 2182 si
960 2136 1031 2182 cum
1054 2117 1219 2202 insperata
1241 2120 1444 2203 concederes,
1473 2121 1580 2187 adbuc
1603 2123 1764 2206 speranda
1786 2122 1897 2187 differ-

273 2219 353 2283 res(
381 2240 457 2302 ergo
479 2222 659 2302 Augustum
689 2220 760 2305 pari
789 2220 857 2285 iure
887 2220 1078 2285 confirmans
1108 2221 1243 2303 curasti,
1275 2243 1316 2288 ne
1346 2244 1496 2307 umquam
1523 2224 1581 2289 tibi
1605 2233 1774 2310 suspectus
1796 2233 1893 2305 esset,

223 2340 251 2379 rr
272 2321 323 2387 eui
346 2342 409 2386 non
432 2322 599 2406 reliquisti,
626 2323 711 2405 quod
734 2323 819 2387 ultra
842 2329 953 2407 optare
976 2324 1118 2389 deberet.

354 2426 362 2507 1Ι
385 2433 455 2487 llinc
480 2434 608 2504 plerique
631 2436 800 2503 principum,
828 2450 898 2503 quos
921 2435 1059 2489 secundos
1085 2442 1265 2501 creaverant,
1290 2438 1371 2507 quasi
1395 2440 1520 2493 aemulos
1544 2456 1608 2493 mox
1627 2440 1774 2495 timebant.
1812 2447 1895 2509 urget
1922 2441 1958 2499 12

269 2539 341 2592 enim
363 2538 522 2606 potissimos
547 2539 709 2607 expectatio
731 2539 936 2606 proximorum,
961 2554 1127 2609 semperque
1152 2542 1251 2595 similis
1277 2541 1414 2597 invidenti
1438 2548 1495 2605 cst,
1523 2544 1567 2598 cui
1587 2549 1729 2613 superest,
1757 2545 1832 2613 quod
1850 2560 1896 2597 ro-

268 2642 362 2710 quirat
388 2636 401 2717 11
427 2654 487 2699 nec
518 2632 603 2698 istud
634 2633 767 2697 nimium
798 2634 940 2717 gratiosa
969 2640 1025 2699 ant
1049 2636 1197 2720 populari
1220 2635 1423 2702 festinatione
1447 2637 1551 2702 fecisti
1575 2637 1760 2702 iamdudum
1783 2646 1896 2704 cuncta

267 2743 418 2819 expertus
441 2737 473 2801 in
498 2737 612 2818 fratre,
644 2757 727 2819 quae
750 2736 805 2802 diu
828 2738 1034 2821 explorantur
1055 2738 1088 2803 in
1112 2739 1263 2804 Caesare.
1310 2738 1511 2806 dubitaretur
1533 2740 1573 2805 de
1596 2740 1713 2805 iudicio
1735 2748 1807 2823 tuo,
1834 2741 1896 2805 nisi
1947 2790 1950 2799 .

218 2854 248 2896 ²0
268 2840 309 2904 ab
339 2839 508 2905 inmodicis
536 2839 733 2905 inchoasses.
782 2841 890 2905 statim
920 2842 1160 2925 perspeximus,
1193 2842 1319 2926 qualem
1350 2843 1526 2928 principem
1550 2844 1693 2928 legeres,
1725 2851 1895 2929 postquam

271 2943 495 3025 cognovimus,
521 2941 607 3024 quod
628 2942 708 3007 nibil
731 2941 789 3008 tibi
812 2944 905 3025 quasi
928 2944 1083 3010 sollicitus
1106 2965 1299 3011 reservares.

354 3045 389 3109 Si
412 3066 475 3128 qua
503 3045 586 3110 inter
608 3052 761 3129 cognatas
784 3045 933 3110 caelitum
949 3053 1124 3129 potestates
1148 3048 1331 3113 huiusmodi
1353 3056 1441 3114 esset
1462 3049 1628 3133 aequatio,
1661 3049 1793 3134 paribus
1816 3070 1888 3114 cum
1916 3057 1952 3116 13

268 3146 335 3211 sole
365 3147 539 3212 luminibus
568 3148 684 3230 globus
710 3145 715 3232 Ι
742 3152 859 3213 sororis
888 3148 1029 3230 arderet,
1064 3169 1124 3213 nec
1152 3150 1251 3215 radiis
1275 3152 1384 3216 fratris
1406 3152 1545 3217 obnoxia
1567 3152 1744 3237 precarium
1768 3159 1894 3236 raperet
1908 3172 1980 3215 auur.
1995 3186 2016 3224 p.
2031 3176 2066 3215 er

267 3250 344 3314 luna
366 3248 541 3331 fulgorem3
572 3251 584 3334 11
611 3258 715 3314 iisdem
735 3261 880 3315 cernentis
899 3266 1047 3331 utrumque
1066 3263 1145 3317 sidus
1163 3269 1320 3331 emergeret
1346 3255 1358 3338 1
1385 3255 1455 3339 pari
1485 3264 1596 3322 exortu
1625 3256 1711 3322 diem
1741 3276 1896 3339 germana

219 3368 249 3409 re
268 3360 450 3433 renovaret,
489 3374 547 3437 per
583 3355 713 3420 easdem
749 3356 830 3421 caeli
861 3355 965 3421 lineas
994 3357 1173 3438 laberetur,
1214 3378 1274 3424 nec
1303 3365 1463 3424 menstruo
1493 3359 1586 3444 pigra
1614 3359 1748 3424 decursu
1777 3365 1833 3424 aut
1861 3358 1893 3424 in

268 3456 465 3520 renascendo
495 3457 602 3522 varias
631 3466 768 3524 mutaret
798 3458 929 3542 ecfigies
959 3467 1016 3524 aut
1038 3459 1070 3524 in
1094 3461 1291 3526 senescendo
1314 3482 1433 3545 parvas
1455 3469 1618 3548 pateretur
1638 3469 1773 3528 aetates.
1821 3482 1895 3528 ecee

268 3558 402 3624 formam
420 3560 566 3625 beneficii
583 3562 628 3625 tui
644 3570 733 3627 astra
747 3562 895 3628 nesciunt
916 3563 1089 3641 aemulari;
1116 3564 1183 3629 illis
1205 3565 1285 3629 nibil
1309 3573 1357 3630 est
1378 3564 1412 3629 iu
1435 3565 1599 3629 mundana
1621 3566 1693 3630 luce
1715 3565 1890 3645 consimile,

269 3662 360 3725 robis
383 3669 481 3728 totum
505 3671 556 3728 est
578 3663 610 3727 iu
634 3665 709 3729 orbe
732 3684 910 3730 commune.
1672 3734 1676 3741 ,

354 3764 503 3830 Nondum
533 3764 646 3832 adulta
675 3787 779 3831 rernm
810 3788 830 3832 a
861 3775 892 3833 te
922 3776 1085 3852 gestarum
1109 3770 1242 3852 profano
1265 3778 1469 3837 monumenta
1491 3781 1518 3834 et
1540 3771 1603 3836 iam
1628 3771 1707 3837 cedo
1729 3771 1889 3856 primitiis.
1919 3780 1954 3838 11

217 3886 246 3923 ao
267 3864 393 3947 faciam,
427 3866 512 3949 quod
536 3874 707 3935 rrsnrem're
730 3870 824 3935 nobis
847 3870 880 3935 in
903 3871 1027 3955 prolixo
1049 3872 1163 3938 itinere
1186 3874 1278 3955 solet,
1305 3873 1359 3939 ubi
1382 3874 1437 3956 qui
1459 3875 1501 3938 ad
1524 3874 1685 3940 destinata
1707 3881 1889 3960 properant.

266 3990 329 4033 non
357 3989 468 4034 omnes
500 3972 612 4037 obvios
644 3974 856 4038 consalutant.
905 3995 981 4057 ergo
1007 3975 1038 4039 in
1063 3974 1145 4040 duas
1169 3995 1262 4040 curas
1286 3976 1405 4041 dividis
1428 3977 1513 4042 orbis
1535 3977 1707 4043 excubias:
1739 3978 1891 4044 invictum

267 4075 396 4140 fratrem
421 4076 581 4158 reliquens
598 4074 731 4156 Orienti,
757 4077 828 4161 ipse
850 4096 949 4161 supra
970 4077 1112 4161 inpacati
1135 4078 1239 4143 Rheni
1262 4079 1498 4146 semibarbaras
1521 4082 1610 4166 ripas
1632 4082 1747 4166 raptim
1771 4082 1892 4147 vexillo

266 4178 462 4244 constituens
493 4186 526 4244 et
554 4179 738 4262 provincias
768 4180 845 4244 luxu
868 4182 1067 4264 superiorum
1092 4180 1217 4246 deditas
1240 4181 1358 4247 veteris
1380 4182 1531 4267 ignaviae
1554 4184 1678 4268 pudore
1700 4184 1889 4265 defendens,

265 4281 414 4366 princeps
446 4288 571 4346 creatus
602 4281 644 4345 ad
674 4280 838 4346 difficilem
870 4282 1018 4347 militiam
1047 4283 1218 4348 revertisti.
1267 4284 1372 4349 statim
1403 4285 1535 4368 itinera,
1570 4287 1677 4352 statim
1708 4288 1831 4372 proelia
1860 4295 1892 4353 et

217 4400 247 4437 ³⁵
267 4383 389 4467 primus
419 4384 450 4448 in
480 4383 546 4473 acie
574 4391 787 4468 purpuratus,
814 4385 826 4468 ΙΙ
851 4400 880 4448 et
905 4394 1008 4462 regetis
1032 4394 1098 4447 auu
1115 4394 1168 4449 surb
1186 4395 1308 4464 pertibus
1332 4388 1344 4471 1
1368 4407 1497 4453 somnus
1527 4389 1586 4454 sub
1616 4390 1724 4471 caelo,
1758 4398 1890 4475 potuse

270 4486 386 4565 fluvio,
427 4487 566 4553 tribunal
603 4486 636 4549 in
675 4506 799 4570 eampo.
847 4487 928 4552 haec
957 4487 1090 4572 imperio
1120 4489 1249 4570 quidem
1280 4510 1363 4554 nova
1392 4491 1449 4555 sed
1479 4492 1538 4557 tibi
1568 4492 1706 4575 cognita.
1753 4494 1890 4559 docuisti

268 4591 373 4674 magis
405 4591 562 4656 fortunam
592 4590 732 4672 regiam,
764 4590 842 4671 quid
865 4591 967 4656 virum
997 4591 1103 4658 facere
1135 4594 1333 4676 conveniret,
1366 4616 1459 4678 quam
1490 4595 1632 4661 didicisti
1660 4596 1702 4661 ab
1725 4616 1781 4677 ea,
1814 4596 1890 4679 quid
2128 4671 2130 4675 ¹

264 4694 472 4779 imperatores
497 4694 503 4781 1
528 4701 603 4759 ante
625 4692 788 4758 fecissent.
1903 4720 1976 4761 ruer.
1991 4733 2012 4771 „,
2027 4725 2052 4761 :a

352 4937 1052 5000 1uonquaerensinuitsmeutoomnibusdtBuclrerrr
1122 4953 1186 5001 resp.
1270 4940 1551 4990 brutemobllemlm.
1624 4938 1674 5005 1111
1752 4939 1889 5004 tprodss!

353 5024 381 5073 11
402 5021 512 5086 incipias
623 5022 653 5071 12
671 5022 855 5087 inrlperstorem
961 5024 1144 5073 secreteque
1250 5023 1373 5092 differres]
1394 5025 1453 5087 Mei,
1478 5024 1574 5093 dstterte
1682 5027 1711 5076 11
1730 5023 1889 5092 confirmans]

265 5110 396 5169 Baehrens,
417 5111 546 5157 confirmas
651 5105 711 5173 tibi]
729 5110 745 5155 9
762 5124 809 5171 rra,
829 5112 849 5158 ti
870 5114 881 5157 1
901 5127 935 5159 m.

354 5196 384 5244 16
402 5196 461 5243 binc
486 5195 600 5257 plerique
622 5220 656 5229 -
683 5194 712 5243 17
732 5197 797 5256 qnod
821 5198 931 5257 requiret
955 5202 1012 5244 nate
1037 5196 1067 5247 14
1093 5211 1150 5258 ergo
1169 5199 1492 5270 Angustumtrrcercadum
1509 5204 1561 5247 sect
1702 5200 1731 5249 11
1750 5198 1889 5266 potissimss

267 5282 297 5331 ts
316 5282 536 5330 lecistlsrndudum
643 5279 674 5329 19
692 5296 813 5346 caesarcrp
919 5282 946 5330 21
971 5280 1096 5348 (1110111111

350 5367 383 5417 22
401 5365 536 5434 poteststes
647 5366 679 5416 23
697 5364 790 5433 sorores
894 5372 1045 5431 praecariam
1159 5370 1192 5419 24
1211 5372 1291 5419 isdem
1396 5370 1549 5420 scribendum
1567 5378 1680 5420 erutuet
1699 5374 1789 5421 llsdern
1808 5375 1887 5422 curri·

264 5456 326 5503 culis
344 5460 481 5516 utrumque
500 5455 570 5502 sidus
588 5461 728 5513 emergeret
745 5459 790 5502 cot
808 5456 861 5516 part
879 5461 967 5503 exortu
986 5455 1052 5504 diem
1065 5470 1182 5515 germana
1195 5462 1329 5505 renouaret
1433 5457 1465 5506 25
1484 5454 1602 5524 decursu]
1621 5458 1751 5519 cestren,
1772 5460 1886 5509 discursu

263 5542 296 5589 16
315 5537 425 5605 ecttgies]
445 5540 576 5601 Baebium,
597 5537 712 5607 etieglles

349 5625 382 5675 29
400 5623 437 5692 et]
455 5624 479 5691 11
612 5626 645 5675 311
664 5641 823 5676 ususuuenrc
957 5629 1058 5690 prolyxo
1192 5630 1281 5691 quisad
1415 5630 1535 5678 distinata
1556 5634 1566 5677 l
1587 5646 1621 5679 m.
1756 5631 1786 5679 31
1807 5630 1887 5697 culsne

264 5711 296 5761 32
315 5714 369 5761 reni
474 5714 585 5765 uexilles
690 5713 721 5762 33
742 5716 804 5765 luxu
915 5714 947 5763 35
966 5711 1030 5780 scie]
1051 5716 1146 5776 Haupt,
1166 5716 1244 5762 aciem
1349 5723 1376 5761 et
1394 5716 1483 5776 regalis
1501 5744 1535 5751 -
1553 5718 1734 5777 petltbrrspost
1753 5718 1785 5765 31
1804 5720 1885 5765 tribu-

263 5800 304 5846 nnt
323 5800 682 5861 incompoiurereadomcrot
787 5800 819 5847 311
839 5798 967 5865 1111111111
1072 5800 1112 5866 1111
1218 5801 1249 5850 31
1269 5798 1387 5865 (1111101311

339 5901 365 5950 Q.
381 5900 493 5940 Averna-e
508 5900 655 5942 senescere.
1646 5907 1675 5955 11
