4722 6470
806 512 860 567 vn
880 514 982 564 eo-cs
1001 511 1055 566 un
1073 512 1293 567 ruuurcrvn.
1687 508 1865 578 CLXXXV

239 735 430 818 magistratu
460 712 725 801 commemoratur
752 734 828 800 inde
857 737 899 802 ab
929 757 961 801 a.
987 739 1049 800 396
1084 736 1153 817 (VII
1170 738 1228 819 63)
1262 755 1363 820 66666
1393 735 1436 800 ad
1464 757 1496 800 a.
1522 739 1585 798 499
1617 736 1687 817 (VII
1710 738 1775 819 59).
1823 735 1865 801 ad

242 853 380 920 eundem
404 855 562 940 epistulas
584 875 710 939 666666
733 856 793 920 1111
816 859 943 920 54-69
966 856 1104 941 scriptas
1127 875 1210 937 esse,
1237 874 1334 941 supra
1356 855 1461 921 docui.

324 1288 375 1349 69.
401 1289 438 1349 61
473 1285 597 1369 primae
627 1286 804 1369 epistulae,
839 1306 919 1369 quas
950 1285 1163 1370 Symmachus
1190 1286 1233 1351 ad
1260 1284 1431 1350 Patricium
1461 1285 1565 1359 misit,
1599 1285 1737 1368 scriptae
1766 1286 1865 1368 igitur

238 1412 314 1469 sunt
335 1411 409 1471 aute
432 1403 528 1471 finem
551 1425 582 1469 6.
608 1408 683 1469 396.
729 1425 761 1469 v.
787 1403 830 1470 ad
852 1404 946 1489 epist.
970 1408 1025 1469 63.

324 1528 364 1588 62
387 1524 546 1591 Patricius
568 1523 723 1607 magister
745 1524 966 1609 epistularum,
991 1546 1023 1590 6.
1049 1527 1231 1590 396-499.

324 1648 363 1707 63
387 1644 545 1711 Patricius
567 1644 723 1728 magister
745 1644 973 1730 epistularum3
1000 1645 1213 1730 Symmachus
1236 1645 1268 1710 16
1287 1645 1474 1729 Campania,
1501 1644 1586 1729 qnod
1608 1651 1665 1712 aut
1686 1644 1728 1710 ad
1750 1666 1780 1711 a.
1801 1649 1863 1711 396

235 1764 357 1830 autad
379 1785 410 1830 a.
437 1768 498 1829 397
523 1764 637 1831 referri
658 1772 776 1851 potest.
815 1786 847 1829 v.
873 1785 904 1849 p.
930 1764 1018 1829 LXI.
1066 1785 1137 1831 cum
1160 1771 1266 1831 autem
1289 1766 1411 1831 nullam
1436 1764 1633 1831 valetudinis
1655 1766 1863 1832 conturbatae

233 1885 429 1950 6666166666
452 1884 563 1968 166166,
589 1885 787 1968 quinetiam
810 1884 851 1950 de
871 1890 1031 1968 prosperis
1053 1889 1119 1949 cuis
1142 1886 1366 1973 loquatur⁰³⁸),
1392 1885 1454 1951 iter
1468 1886 1667 1969 Campanum
1690 1885 1859 1970 posterius,

233 2003 320 2086 quod
350 2025 368 2070 e
399 2005 508 2071 morbo
537 2005 808 2091 periculosissimo
837 2005 978 2070 nondum
1008 2011 1170 2071 recreatus
1200 2005 1359 2090 suscepit,
1393 2005 1584 2072 excluditur.
1637 2010 1737 2071 restat
1764 2005 1864 2089 igitur

234 2132 361 2208 tempus
382 2145 405 2189 a
426 2144 502 2191 vere
524 2143 626 2208 usque
649 2124 683 2189 16
705 2143 848 2190 mensem
871 2125 1086 2191 Nouembrem
1109 2145 1139 2190 a.
1166 2127 1241 2190 396.

318 2248 361 2308 64
384 2265 441 2330 pro
471 2264 570 2310 66666
598 2244 850 2331 propinquomm
881 2264 1009 2311 suorum
1032 2245 1246 2330 Symmachus
1275 2245 1464 2327 intervenit;
1498 2245 1634 2312 fortasse
1659 2245 1702 2312 ad
1724 2242 1861 2312 eandem

235 2385 301 2430 rem
323 2364 495 2431 referenda
516 2372 575 2448 666,
602 2386 667 2448 666
689 2365 730 2432 (16
752 2365 822 2450 agit
843 2340 904 2431 Vll
926 2369 967 2430 49
991 2373 1024 2432 66
1046 2369 1098 2431 52.

318 2490 359 2549 65
382 2488 436 2549 666
456 2496 490 2549 ur
513 2496 558 2549 est
580 2488 775 2570 multiformis
794 2490 974 2570 plerumque
993 2489 1125 2570 perfidio
1148 2496 1321 2568 totorum,
1349 2491 1380 2550 iu
1403 2492 1511 2551 eurico
1534 2509 1566 2551 66
1586 2488 1764 2570 frequenter
1778 2497 1861 2550 ortes

232 2610 331 2669 uertit.
377 2605 463 2671 hanc
491 2605 664 2691 epistulam
693 2613 726 2673 et
746 2606 774 2670 V
797 2611 838 2671 52
868 2606 1014 2691 respicit,
1049 2627 1120 2671 cum
1147 2613 1270 2672 aestate
1293 2627 1324 2673 a.
1352 2609 1412 2670 397
1437 2606 1574 2689 66611661,
1609 2609 1729 2671 66161666
1751 2628 1783 2671 66
1805 2629 1861 2671 66-

202 2730 206 2741 '
234 2730 386 2790 eessurr'ou
410 2729 539 2807 litteras,
566 2728 674 2809 661666
698 2731 791 2791 amici
812 2730 848 2790 66
871 2731 1003 2790 tutoris
1023 2727 1190 2808 fraudibus
1212 2732 1410 2791 instruontur
1436 2732 1506 2810 154,
1536 2732 1587 2791 14.

762 3156 830 3240 VII
857 3159 922 3240 66
941 3155 991 3239 -71
1018 3157 1081 3240 AD
1108 3156 1329 3239 ALYPIVM.

318 3344 367 3410 De
390 3343 530 3411 Faltonii
554 3344 648 3410 Probi
672 3345 782 3430 Alypii
804 3345 930 3410 familia
951 3345 1187 3428 honoribusque
1210 3346 1335 3430 egimus
1357 3369 1389 3432 p.
1414 3347 1490 3413 XCI
1513 3353 1545 3412 et
1569 3347 1714 3413 XCVIII.

318 3467 360 3528 66
383 3465 522 3549 Alypius
545 3464 685 3530 vicarius
707 3465 848 3548 Africae,
874 3486 905 3531 6.
932 3470 1004 3531 378.
1051 3486 1082 3531 v.
1109 3488 1141 3551 p.
1167 3466 1315 3531 XCVIII.

318 3587 358 3648 98
382 3584 424 3651 de
453 3584 625 3650 collatione
654 3585 695 3650 ob
721 3584 862 3669 inopiam
893 3584 1044 3652 frumeuti
1073 3608 1094 3652 a
1123 3593 1237 3652 senatu
1264 3586 1423 3671 promissa
1453 3606 1556 3653 sermo
1579 3594 1646 3669 est,
1679 3608 1859 3671 quaecum

235 3723 346 3770 mense
368 3705 519 3770 Ianuario
541 3725 572 3770 a.
598 3708 661 3769 396
683 3704 749 3770 iam
772 3704 858 3771 lacta
880 3705 922 3771 sit
949 3709 1033 3787 (156,
1062 3710 1125 3791 19),
1151 3707 1233 3773 haec
1254 3707 1395 3792 epistula
1415 3707 1449 3772 iu
1472 3707 1602 3773 ultimos
1624 3729 1656 3772 a.
1682 3711 1744 3772 395
1768 3728 1859 3774 men-

231 3843 282 3890 ses
311 3824 502 3890 collocanda
529 3824 599 3890 erit.
647 3844 721 3889 6666
749 3845 791 3890 66
820 3824 860 3890 (16
883 3825 1055 3891 collatione
1077 3826 1154 3891 6661
1177 3828 1240 3889 389
1262 3827 1455 3910 cogitemus,
1489 3832 1577 3891 vetat
1600 3828 1858 3894 commemoratio

231 3946 369 4007 dominae
391 3966 428 4008 66
447 3946 531 4026 filiae
553 3936 757 4028 Symmachi,
791 3964 873 4028 6666
901 3953 968 4011 tum
999 3945 1118 4032 primos
1145 3945 1302 4012 infantiae
1332 3966 1434 4012 annos
1463 3946 1604 4012 nondum
1635 3967 1768 4031 egressa
1797 3949 1858 4015 (16-

231 4063 319 4130 mina
339 4085 360 4128 a
381 4070 474 4150 patre
495 4064 654 4149 appellari
674 4084 737 4129 uon
759 4065 873 4149 potuit.

315 4187 357 4248 69
380 4183 593 4269 Symmachus
615 4188 729 4270 ipseper
750 4188 935 4250 ualetudinis
963 4188 1047 4270 (196,
1074 4187 1125 4271 29)
1159 4185 1193 4251 16
1214 4186 1419 4253 Formianum
1448 4187 1611 4272 profectus
1634 4193 1702 4270 est,
1735 4208 1768 4254 a.
1793 4191 1855 4252 394

231 4307 382 4369 666396.
429 4325 460 4369 v.
486 4324 519 4388 p.
545 4304 616 4368 LX.
1143 4288 1144 4291 ¹

316 4427 353 4487 71
380 4423 565 4508 Symmachi
587 4423 714 4489 infirma
735 4424 885 4490 valetudo
908 4430 1180 4506 commemoratur,
1207 4447 1238 4490 6.
1265 4429 1350 4491 3971
1393 4448 1425 4491 v.
1450 4446 1483 4510 p.
1509 4426 1595 4492 LXI.

890 4653 1198 4661 —-—-—---—-

757 4871 826 4954 VH
851 4871 929 4954 12*Ω
941 4873 989 4954 89
1018 4871 1080 4954 Ab
1107 4872 1326 4957 FRATRES.

315 5061 382 5126 Sub
405 5060 467 5125 hac
481 5059 686 5145 inscriptione
702 5079 761 5124 eae
777 5059 937 5144 epistulae
952 5061 1195 5145 coniunguntur,
1221 5081 1303 5145 quas
1318 5061 1531 5147 Symmachus
1546 5062 1590 5128 ad
1606 5082 1717 5128 omnes
1736 5083 1856 5146 cogna-

230 5186 277 5247 tos
301 5179 481 5265 affinesque
502 5180 600 5264 misit,
626 5180 681 5264 qui
703 5180 784 5245 forte
807 5179 920 5246 eodem
943 5180 1014 5247 loco
1035 5188 1250 5264 versarentur,
1276 5202 1309 5247 v.
1333 5181 1409 5247 adn.
1438 5186 1510 5247 194.

315 5304 355 5365 72
377 5304 594 5368 Mediolanium
614 5310 775 5383 pervectus
798 5302 871 5365 hoec
893 5302 1002 5367 scribo.
1041 5323 1072 5366 6.
1093 5303 1153 5365 399
1171 5309 1308 5369 exeunte
1323 5310 1379 5368 aut
1394 5306 1456 5368 402
1472 5302 1613 5368 ineunte.
1646 5324 1677 5367 v.
1698 5325 1730 5386 p.
1748 5298 1851 5367 LXII.

315 5425 367 5487 73.
393 5427 433 5486 74
457 5441 568 5489 mense
590 5420 672 5487 lulio
695 5427 752 5488 aut
773 5420 885 5506 primis
907 5422 1046 5505 Augusti
1068 5421 1182 5489 diebus
1204 5444 1237 5489 6.
1263 5427 1337 5489 397.
1384 5445 1417 5489 v.
1441 5443 1475 5507 p.
1502 5422 1645 5488 CLXIV.

313 5732 372 5796 933)
397 5732 454 5795 194,
474 5732 507 5783 27
531 5747 570 5781 me
593 5732 665 5781 66666
688 5732 768 5782 666666
791 5739 814 5782 et
837 5736 865 5782 tu
886 5737 986 5795 6661666
1006 5735 1159 5796 0666666166
1182 5737 1252 5795 pauet
1275 5733 1534 5795 61161136666661166,ο
1558 5749 1618 5781 aum
1635 5735 1697 5782 66166
1714 5736 1854 5782 omicomm

226 5832 342 5881 prospero
358 5819 484 5880 vohrptute
500 5820 599 5880 purtlri.

304 5920 331 5969 Q.
346 5919 459 5959 Arnum
473 5919 622 5961 Eumenes.
1628 5934 1648 5988 y
