4686 6472
457 484 517 548 hll
551 464 554 469 ’
1074 480 1123 534 nn
1142 479 1337 535 88888888
1357 476 1461 535 vrrs.

455 709 602 791 8888183).
642 705 776 771 oratoris
798 705 897 789 igitur
917 705 986 770 lilia
999 704 1148 770 Flaviani
1170 724 1250 769 uror
1272 703 1413 769 88888818
1436 700 1565 786 8881181)
1593 710 1626 770 81
1647 703 1785 770 sonasse
1807 713 1941 789 nepotes
1956 725 2085 790 quoque

455 834 489 894 et
514 833 639 913 neptes,
664 828 1074 910 quoscommemorat185J,
1107 845 1171 891 non
1193 822 1280 890 filiae
1301 824 1369 890 nati
1397 831 1489 891 erant
1517 824 1576 890 sed
1605 824 1763 909 privigni;
1796 846 1872 890 nam
1894 825 1950 909 qui
1972 844 2084 892 omnes

455 948 599 1032 qualibet
626 947 792 1013 adfinitate
821 953 877 1011 881
899 946 1086 1029 cognatione
1110 964 1218 1012 secum
1241 945 1425 1012 coniunctos
1446 945 1532 1012 tilios
1555 951 1588 1011 et
1609 952 1761 1030 88888188
1783 952 1816 1012 81
1837 945 1955 1013 1881888
1977 953 2082 1027 vocat,

456 1068 557 1134 multo
578 1068 698 1133 maiore
720 1067 791 1133 iure
814 1066 924 1155 generi
946 1066 1068 1151 prolem
1091 1072 1227 1149 nepotes
1249 1065 1416 1151 appellare
1437 1065 1550 1151 potuit,
1576 1071 1610 1132 et
1630 1066 1767 1132 Fabium
1786 1066 1973 1133 Memmium
1988 1065 2086 1152 Sym-

456 1189 616 1271 machum,
642 1188 697 1272 qui
718 1188 752 1253 in
766 1188 858 1252 titulo
875 1192 1000 1253 statuae
1015 1186 1173 1252 Flaviano
1188 1186 1300 1252 maiori
1315 1186 1439 1272 positae
1454 1205 1657 1272 prosocerum
1672 1207 1745 1253 eum
1760 1186 1840 1253 dicit
1849 1190 1912 1271 ¹⁸⁶),
1940 1187 2080 1268 (181188,

455 1330 552 1393 quum
582 1310 685 1375 solam
706 1309 791 1375 inter
812 1315 947 1391 nepotes
968 1307 1043 1373 illos
1064 1307 1208 1373 nominat
1228 1314 1350 1390 orator,
1382 1326 1513 1373 uxorem
1537 1305 1684 1389 duxisse,
1718 1306 1793 1373 iude
1815 1307 1885 1373 veri
1908 1307 2013 1374 simile
2035 1309 2080 1391 111,

457 1429 543 1513 quod
570 1449 685 1495 nomen
714 1429 784 1495 eius
815 1428 945 1494 saeculo
975 1428 1086 1511 quinto
1107 1427 1143 1492 iu
1165 1428 1428 1512 Symmachorum
1450 1426 1575 1492 familia
1596 1427 1767 1512 repetitum
1800 1427 2003 1493 matrimonia
2024 1449 2084 1494 au-

456 1558 521 1617 tem
549 1551 635 1617 inter
660 1551 836 1616 avunculos
865 1555 898 1614 et
926 1554 1040 1634 neptes
1065 1554 1132 1613 tum
1154 1548 1220 1613 iam
1243 1548 1368 1632 legibus
1391 1547 1491 1614 vetita
1513 1554 1619 1629 erant,
1654 1554 1686 1614 et
1707 1569 1900 1633 quamquam
1923 1548 2085 1634 rescriptis

458 1670 656 1756 specialibus
677 1670 836 1736 interdum
857 1669 1197 1754 permittebanturffill,
1224 1669 1370 1752 legitima
1390 1674 1498 1734 tamen
1514 1675 1547 1735 et
1560 1687 1712 1735 concessa
1727 1689 1855 1756 semper
1869 1668 2085 1756 probabiliora

458 1798 543 1858 sunt.
590 1791 699 1873 itaque
723 1791 750 1856 si
772 1790 840 1855 11118
861 1790 1062 1875 Symmachi,
1094 1809 1177 1871 quae
1199 1809 1302 1874 paene
1325 1788 1486 1855 continuis
1507 1790 1626 1855 morbis
1648 1789 1901 1874 vexabatur¹⁸⁸),
1933 1810 2083 1874 umquam

457 1912 580 1998 prolem
602 1911 734 1976 vitalem
757 1911 853 1976 enixu
874 1917 933 1993 est,
958 1910 1039 1975 nihil
1061 1916 1169 1976 18888
1191 1908 1232 1976 de
1255 1931 1296 1976 ea
1318 1916 1451 1976 8888181.

544 2031 693 2097 Flaviani
721 2030 854 2096 minoris
884 2051 964 2096 uxor
992 2030 1094 2096 altera
1124 2030 1260 2115 primum
1290 2034 1554 2097 commemoratur
1582 2029 1688 2096 bieme
1710 2050 1741 2096 a.
1769 2028 1888 2115 394)95
1902 2031 1965 2115 ¹⁸⁹).
2013 2050 2083 2096 cum

459 2159 566 2220 autem
588 2152 718 2238 nuptias
741 2151 848 2218 statim
872 2157 944 2235 post
965 2150 1066 2235 patris
1088 2158 1221 2216 mortem
1241 2152 1271 2234 (1²
1287 2153 1358 2235 394)
1386 2171 1407 2215 8
1428 2149 1495 2215 tilio
1517 2149 2085 2235 8818188188888888888888811118

458 2272 615 2357 videatur,
640 2273 847 2339 1818888888
871 2274 932 2336 392
956 2277 988 2337 et
1011 2274 1083 2353 394,
1109 2271 1226 2354 quibus
1248 2270 1413 2354 Eugenius
1434 2270 1604 2356 imperium
1620 2269 1804 2338 Occidentis
1827 2271 2002 2357 optincbat,
2028 2290 2084 2337 eas

458 2394 702 2460 collocaverim
739 2391 824 2477 quod
852 2393 953 2457 altum
976 2389 1017 2457 de
1039 2390 1087 2457 eis
1111 2391 1273 2457 silentium
1295 2391 1330 2456 in
1353 2391 1536 2475 Symmachi
1559 2391 1686 2477 scriptis
1709 2392 1891 2473 confirmat,
1925 2391 2085 2476 siquidem

459 2514 618 2600 epistulae
639 2520 782 2599 tempore
804 2512 970 2597 tyrannico
992 2511 1188 2597 compositae
1210 2511 1329 2577 maiore
1352 2532 1393 2577 ex
1415 2518 1506 2596 parte
1528 2533 1549 2577 a
1571 2512 1720 2579 Memmio
1742 2513 1937 2598 Symmacho
1962 2513 2085 2580 editore

459 2653 654 2720 suppressae
677 2632 778 2699 sunt'
808 2632 910 2698 maior
929 2631 1029 2715 igitur
1049 2652 1091 2697 ex
1118 2632 1250 2698 oratoris
1279 2632 1390 2699 liberis
1418 2632 1503 2697 iuter
1531 2652 1633 2697 annos
1662 2636 1724 2698 375
1754 2639 1787 2698 81
1816 2635 1878 2698 386
1907 2641 1984 2700 8818
2013 2653 2085 2701 esse

460 2753 566 2835 debet,
593 2754 678 2836 quod
701 2772 773 2819 cum
795 2751 997 2819 matrimonio
1019 2773 1103 2818 anno
1126 2755 1188 2816 375
1211 2751 1290 2818 18118
1313 2752 1432 2835 881188
1455 2752 1613 2818 conuenit.

544 2873 673 2940 Vltimis
696 2873 841 2941 eiusdem
863 2872 938 2937 8881
961 2873 1135 2956 88881188,
1161 2892 1233 2939 888
1252 2891 1355 2938 novus
1370 2872 1503 2939 maritus
1518 2872 1613 2937 modo
1628 2871 1728 2939 fundo
1743 2872 1844 2940 (181811
1859 2874 2082 2958 delectaretur,

458 2996 554 3062 modo
569 2995 767 3081 Campaniae
790 3000 822 3061 et
837 2993 960 3059 Samnii
982 2992 1104 3078 oppidu
1124 3000 1312 3077 peragraret
1333 2993 1403 3077 113,
1422 2996 1468 3079 3),
1494 3000 1586 3080 88188
1607 2993 1788 3061 81886888
1803 2994 1937 3061 incensa
1951 3015 1993 3062 ex
2007 2997 2086 3063 urbe

457 3117 571 3201 pulsus
586 3122 619 3182 81
633 3136 707 3181 mox
722 3121 854 3181 senatus
869 3114 1030 3198 legatione
1045 3120 1212 3180 revocatus
1227 3119 1293 3193 est,
1312 3134 1376 3197 qua
1391 3113 1559 3181 occasione
1575 3115 1684 3182 811818
1698 3114 1784 3181 filius
1799 3136 1840 3181 ex
1854 3116 1967 3183 itinere
1983 3116 2086 3183 redux

459 3236 512 3302 die
542 3239 561 3300 9
584 3236 727 3302 Ianuarii
748 3256 780 3300 8.
806 3236 869 3299 376
896 3235 1071 3301 orationem
1102 3234 1192 3299 illam
1214 3253 1272 3319 pro
1294 3234 1447 3319 Trygetio
1476 3235 1605 3318 habuit,
1642 3255 1726 3319 quae
1754 3241 1878 3302 tantum
1906 3236 1942 3301 in
1971 3245 2085 3304 senatu

458 3357 605 3442 plausum
629 3354 783 3422 excitavit
810 3356 850 3438 (v.
875 3376 908 3439 p.
927 3354 997 3437 111).
1041 3373 1145 3438 neque
1168 3354 1253 3420 enirn
1275 3354 1477 3421 1881888188
1500 3354 1648 3420 Gratiani
1669 3355 1736 3421 vivi
1757 3376 1855 3440 quam
1877 3356 2086 3442 vituperatio-

458 3497 532 3543 nem
547 3475 764 3543 Valentiniani
785 3474 900 3540 mortui
921 3474 1074 3540 laudibus
1095 3473 1155 3539 6111
1175 3473 1352 3540 involutam
1375 3474 1544 3560 expressit,
1571 3494 1717 3560 quaeque
1738 3477 1842 3542 maior
1863 3497 1939 3562 8888
1954 3485 2085 3544 8888188

457 3597 554 3664 188118
577 3597 745 3681 sentiebat,
770 3595 878 3662 verbis
901 3594 1091 3661 enuntiavit.
1130 3614 1193 3676 quc
1217 3614 1368 3661 successu
1391 3595 2086 3665 818188881888188188888811888888811-

458 3717 514 3800 dit,
541 3718 601 3783 sed
623 3718 719 3784 etiem
741 3716 801 3781 sub
823 3714 1016 3781 annifinem
1038 3721 1138 3782 totum
1160 3716 1244 3782 illud
1266 3717 1444 3782 orationum
1466 3735 1582 3802 corpus
1604 3717 1736 3801 collegit
1757 3724 1790 3787 81
1810 3718 1968 3803 vulgavit,
1994 3719 2085 3785 ouius

458 3837 614 3922 reliquiae
636 3836 824 3922 superstites
847 3842 922 3902 8881
948 3838 990 3920 (v.
1015 3857 1048 3921 p.
1073 3837 1131 3919 X).

544 3957 770 4025 Valentiniano
793 3963 916 4023 mortuo
937 3956 1101 4023 Ausonius
1124 3977 1282 4024 summum
1304 3957 1338 4023 in
1360 3958 1436 4024 aula
1459 3957 1612 4044 discipuli
1635 3960 1740 4024 locum
1767 3966 1881 4026 888188
1903 3967 1969 4042 881,
1995 3961 2086 4027 88188

458 4078 631 4146 amicitiam
654 4078 919 4163 Symmachorum
943 4078 1068 4144 familia
1090 4078 1200 4144 sensit.
1247 4099 1322 4144 nam
1345 4086 1439 4163 pater
1460 4077 1503 4144 ad
1532 4080 1733 4145 consulatum
1757 4087 1887 4148 evectus
1910 4086 1977 4165 est,
2010 4081 2086 4146 Fla-

458 4199 572 4266 viauus
600 4198 740 4267 vicarius
762 4198 891 4264 Africae
920 4198 1041 4281 factus,
1074 4197 1289 4283 Symmachus
1319 4199 1493 4265 orationem
1516 4199 1663 4266 Gratiani
1693 4200 1727 4267 in
1751 4208 1866 4267 888818
1888 4201 2085 4269 recitandam

457 4321 584 4406 accepit
610 4321 652 4406 [X
675 4322 719 4404 2),
746 4340 808 4404 quo
830 4320 949 4385 honore
971 4318 1084 4385 iterum
1108 4324 1181 4403 post
1201 4318 1350 4385 victorias
1373 4319 1522 4386 Gratiani
1545 4321 1586 4386 de
1608 4320 1816 4404 Alamannis,
1849 4321 2023 4389 Theodosii
2045 4321 2086 4389 de

458 4441 572 4508 Gothis
594 4463 624 4507 a.
651 4443 713 4507 379
735 4441 871 4507 81188188
893 4447 944 4506 881
973 4439 1079 4524 (1953
1104 4439 1155 4504 ΙΠ
1181 4441 1243 4524 18).

545 4667 601 4729 183)
623 4666 668 4731 49,
688 4667 721 4717 29
738 4667 812 4716 88118
829 4667 859 4716 da
876 4668 959 4715 cauria
976 4671 1046 4715 81888
1064 4668 1177 4715 cameto
1195 4671 1239 4729 cat,
1259 4668 1330 4715 88188
1348 4669 1540 4727 8888818ιί8888
1556 4673 1671 4718 neuturus
1687 4674 1774 4731 portua
1792 4670 1906 4721 81881811.

545 4753 603 4815 184)
624 4754 694 4814 0888
712 4754 861 4815 Borgheslus
880 4758 964 4802 contra
981 4753 1135 4816 disputavit,
1162 4767 1191 4801 ea
1208 4754 1262 4801 8818
1280 4767 1306 4801 88
1324 4754 1459 4817 81188188,
1485 4756 1551 4817 quod
1569 4756 1619 4805 iam
1637 4772 1660 4806 a.
1682 4756 1733 4806 382
1751 4762 1802 4806 188
1820 4763 1873 4806 arta
1890 4758 1957 4806 18188
1974 4757 2086 4817 Symma-

457 4840 533 4889 chum
545 4840 741 4902 flavianumque
758 4841 874 4889 malorem
893 4840 1034 4888 coniunctio
1053 4839 1177 4899 extiterit,
1197 4845 1227 4888 ut
1244 4840 1289 4888 soli
1308 4841 1432 4889 amlcitlae
1450 4843 1529 4890 tribul
1548 4843 1592 4890 rlx
1610 4844 1704 4907 possit3
1725 4844 1792 4906 quod
1810 4858 1898 4893 rerum
1916 4844 2018 4906 quidem
2035 4848 2083 4902 est,

457 4928 502 4977 sud
520 4929 666 4989 cognatione
684 4927 745 4975 88118
764 4927 913 4990 explicatur.

545 5013 601 5075 185)
625 5012 682 5077 162,
704 5012 719 5063 8
745 5012 788 5062 aed
813 5026 865 5061 noo
889 5013 1042 5062 mediocriter
1067 5013 1207 5073 nepticulae
1232 5026 1301 5063 meuc
1329 5012 1417 5061 (181188
1442 5014 1574 5077 infimitas
1597 5017 1726 5066 conturbat
1751 5019 1796 5067 8111
1819 5019 1897 5067 nostrl
1919 5019 2084 5066 8888818188.

459 5099 516 5163 164,
538 5100 570 5151 29
594 5100 710 5150 domuum
727 5101 807 5165 fillum
823 5114 905 5149 meum
922 5102 1061 5149 salutatem
1078 5113 1134 5148 cum
1152 5099 1300 5149 dclctaaimta
1317 5100 1445 5160 nepotibus
1462 5102 1527 5151 culo.
1567 5101 1624 5166 176,
1647 5102 1679 5153 19
1704 5119 1779 5168 quare
1797 5109 1820 5154 ct
1837 5105 1905 5154 88118
1922 5109 1945 5154 ct
1963 5105 2087 5154 cummuni

454 5189 563 5249 plynorl,
583 5191 654 5236 88188
671 5188 811 5236 cothronem
828 5187 894 5235 diem
911 5186 997 5236 cadula
1014 5187 1131 5248 reliyioue
1149 5186 1297 5250 8818188818,
1316 5187 1402 5236 uberes
1416 5202 1548 5249 precamur
1565 5204 1652 5239 88888.

545 5272 898 5336 twduuwwffl

544 5359 601 5422 187)
623 5362 737 5411 881188.
758 5363 833 5423 epist.
854 5360 927 5422 168,
950 5360 961 5410 1
990 5359 1090 5409 Patami
1112 5359 1210 5423 quidem
1231 5363 1346 5409 88881881
1370 5365 1418 5410 mal
1442 5364 1618 5413 salutationem
1636 5365 1699 5426 lcyt,
1726 5364 1768 5413 aad
1785 5365 1991 5416 88888118118888
2008 5363 2087 5413 1881-

457 5460 579 5511 quantun
593 5453 732 5510 paterarum,
752 5453 780 5496 et
797 5449 857 5497 88118
874 5449 926 5513 {illo
943 5452 1040 5509 neptem
1057 5448 1172 5509 copalqrc
1190 5462 1219 5496 eu
1236 5449 1298 5512 filiu.
1336 5450 1370 5497 81.
1391 5449 1485 5510 Symm.
1505 5451 1544 5500 IX
1565 5449 1622 5501 133.

545 5532 603 5597 188)
625 5533 682 5595 165,
704 5532 719 5583 3
742 5536 820 5598 {ittam
842 5548 923 5583 meum
945 5536 1043 5594 conpari
1067 5539 1220 5582 consueto
1243 5535 1326 5586 181888
1350 5539 1441 5587 emori.
1483 5537 1540 5601 166,
1562 5537 1577 5588 6
1601 5542 1624 5587 te
1649 5540 1766 5589 iactatum
1789 5541 1889 5600 8888881
1907 5536 2088 5590 181888888-

457 5627 554 5672 88818.
592 5621 623 5670 de
641 5623 708 5671 111188
725 5621 870 5671 ualetudine
887 5634 967 5683 paene
984 5622 1014 5669 iu
1032 5621 1148 5670 omnibus
1166 5622 1226 5670 llbrt
1244 5623 1311 5671 sexti
1328 5623 1447 5684 epistulls
1466 5626 1579 5687 loquitur
1600 5623 1658 5689 153,
1678 5624 1725 5691 28)
1748 5625 1806 5687 155,
1827 5624 1856 5690 9;
1879 5625 1937 5690 157,
1957 5624 2005 5689 13;
2027 5623 2085 5686 118,

458 5705 508 5769 27;
531 5706 589 5768 161,
612 5708 658 5769 11;
681 5707 791 5771 18818
814 5708 872 5768 167,
893 5706 924 5769 3;
947 5706 1006 5768 168,
1026 5706 1074 5771 24;
1098 5705 1156 5771 169,
1176 5708 1218 5762 26.
1240 5709 1287 5774 348
1309 5708 1367 5771 171,
1391 5708 1436 5775 rr,
1459 5711 1516 5775 172,
1539 5711 1563 5763 1.

547 5792 606 5856 189)
627 5792 686 5858 158,
708 5792 750 5848 17.
