4746 6472
969 492 1085 547 LIBER
1102 490 1123 547 l.

750 853 912 919 XXXIIII
932 851 1093 936 (XXVIII)
1128 859 1202 938 post
1216 872 1247 918 a.
1266 854 1340 917 369.

802 989 1063 1056 sunrmcrrvs
1091 989 1289 1056 ausonio.
1361 970 1364 975 '
1889 989 1954 1052 Vn

321 1161 459 1245 Plenum·
478 1162 599 1229 laboris
621 1161 784 1246 negotium
806 1181 902 1245 gero,
935 1161 990 1243 qui
1012 1162 1197 1246 conpellare
1224 1161 1341 1228 totiens
1370 1162 1501 1227 tacitum
1523 1181 1706 1246 persevero.
1753 1169 1863 1228 contra

240 1263 298 1328 nisi
320 1264 474 1348 instigare
496 1285 595 1350 pergo
616 1272 713 1349 atque
735 1265 908 1349 exculpere
930 1284 951 1329 a
971 1272 1003 1330 te
1019 1263 1144 1348 aliquid
1159 1264 1347 1346 litterarum,
1372 1265 1488 1347 gliscet
1503 1266 1632 1331 oblivio.
1680 1266 1749 1331 sive
1763 1265 1863 1349 igitur

210 1367 297 1433 sico
317 1366 458 1433 officium
480 1388 587 1434 meum
609 1368 757 1434 sedulum
779 1368 903 1434 iudices
926 1387 984 1433 seu
1007 1368 1191 1448 molestum,
1224 1375 1289 1433 stat
1311 1368 1471 1433 sententia
1492 1369 1643 1433 honorem
1665 1375 1754 1434 tuum
1777 1370 1863 1435 cele·

238 1469 324 1536 brem
346 1478 511 1555 praestare
533 1471 718 1556 colloquiis;
744 1471 826 1537 adeo
849 1470 929 1536 mibi
950 1470 1069 1536 veteris
1083 1469 1118 1535 in
1132 1477 1164 1537 te
1180 1471 1299 1536 amoris
1313 1471 1404 1536 nulla
1418 1470 1574 1537 discessio
1590 1477 1650 1537 est.
1689 1478 1723 1537 et
1735 1471 1859 1555 merito,

238 1592 310 1637 narn
331 1572 492 1640 amicitiae
513 1594 643 1660 operam
664 1594 822 1657 nusquam
844 1572 950 1640 locari
970 1593 1073 1656 aeque
1095 1574 1190 1639 bene.
1236 1580 1406 1659 propterea
1427 1574 1588 1640 silentium
1610 1580 1699 1639 tunm
1723 1594 1863 1658 conque·

238 1695 297 1741 ror.
337 1675 415 1742 facit
429 1677 514 1743 enim
530 1678 670 1745 tenerior
683 1677 833 1757 adfectio,
859 1685 895 1742 ut
910 1677 952 1743 sit
966 1677 1111 1760 querella
1125 1676 1304 1761 proclivior.
1343 1676 1450 1743 mollis
1472 1683 1523 1742 est
1543 1676 1670 1741 animus
1693 1676 1859 1760 diligentis
1884 1677 1903 1738 2

238 1777 333 1843 etad
355 1798 482 1846 omnem
505 1800 636 1847 sensum
660 1780 780 1846 doloris
802 1787 946 1863 argutus.
983 1779 1012 1845 si
1033 1779 1259 1863 neglegentius
1280 1785 1408 1860 tractes,
1435 1779 1497 1844 cito
1519 1786 1641 1845 marcet
1662 1786 1698 1845 ut
1718 1799 1807 1859 resa;
1834 1780 1862 1845 si

198 1899 222 1939 ιι
239 1877 348 1946 durius
370 1887 473 1963 teras,
506 1883 586 1949 livet
606 1890 642 1949 ιιι
663 1883 743 1948 lilia.
789 1881 910 1966 legisse
933 1902 984 1948 me
1012 1881 1163 1963 memini,
1199 1882 1317 1947 vultu
1347 1902 1474 1968 saepe
1502 1881 1615 1949 laedi
1643 1882 1857 1967 pietatem:

238 1982 314 2066 quid
333 1983 392 2050 ille
414 1991 480 2051 tam
502 1985 607 2052 serius
628 1985 748 2052 arbiter
778 2004 875 2072 super
904 1986 1052 2052 continuo
1083 1985 1212 2051 silentio
1241 2004 1280 2050 ac
1310 1984 1511 2051 dissimulato
1541 1986 1702 2052 scribendi
1730 2005 1863 2052 munere

239 2085 436 2154 censuisset?
457 2095 562 2154 tecum
584 2089 667 2156 baec
687 2089 819 2174 pensius
841 2089 1039 2171 aestimabis,
1067 2088 1125 2154 sed
1146 2087 1225 2154 mibi
1248 2088 1362 2173 religio
1377 2088 1439 2155 fuit
1453 2095 1574 2173 tegere,
1600 2108 1682 2173 quae
1698 2087 1861 2155 dolebant.

239 2210 311 2254 nam
333 2191 423 2256 utin
445 2199 478 2258 te
500 2191 600 2259 animi
629 2212 731 2276 nsque
760 2192 902 2278 pendeo,
936 2191 982 2258 ita
1011 2212 1107 2277 opere
1134 2192 1274 2258 maximo
1303 2211 1433 2258 usuram
1461 2197 1536 2258 tuae
1565 2191 1785 2258 unanimitatis
1807 2212 1865 2258 ex-

239 2302 319 2377 peto.
366 2294 452 2360 vale.

765 2603 892 2669 XXXV
911 2603 1089 2687 (XXVIIII)
1124 2609 1242 2688 posta.
1262 2605 1336 2668 369.

805 2739 1067 2807 SYMMAOHVS
1095 2739 1295 2806 AVSONIO.
1868 2740 2002 2802 ·VM11

325 2911 391 2978 Diu
416 2911 449 2978 in
472 2913 670 2999 Campaniae
693 2912 876 2979 secessibus
897 2912 1016 2979 otiatus
1038 2911 1205 2977 occasione
1227 2912 1316 2977 carui
1342 2911 1559 2996 scriptionum.
1605 2912 1679 2978 ideo
1702 2914 1869 3000 paulisper

243 3015 396 3081 sermonis
411 3014 474 3082 mei
497 3014 582 3081 circa
602 3022 635 3083 te
657 3034 773 3081 munus
795 3015 942 3100 intepuit.
991 3014 1050 3081 sed
1072 3014 1127 3080 ubi
1149 3015 1184 3080 in
1205 3014 1341 3100 patriam
1364 3014 1480 3099 pedem
1502 3015 1608 3099 retuli,
1621 3017 1767 3098 ‘antiqua
1788 3015 1867 3081 rnihi

243 3117 302 3183 init
317 3117 520 3184 instaurandi
541 3117 638 3184 officii
661 3116 841 3202 diligentia.
887 3136 964 3202 ergo
987 3116 1095 3183 debito
1116 3124 1148 3183 te
1171 3117 1290 3183 honore
1312 3117 1515 3183 salutationis
1541 3117 1677 3203 inpertio
1698 3126 1867 3202 utrumque

196 3237 225 3279 ιι
243 3210 429 3306 deposcens,
454 3227 490 3287 ut
511 3228 544 3287 et
565 3220 693 3288 silentio
709 3220 868 3305 superiori
882 3221 978 3289 venia
993 3219 1080 3287 iusta
1094 3226 1275 3306 praestetur
1289 3228 1321 3287 et
1335 3221 1498 3306 praesenti
1513 3221 1666 3304 obsequio
1681 3222 1867 3290 vicissitudo

241 3323 443 3409 respondeat.
488 3325 575 3390 vale.
661 3336 667 3343 ’

780 3633 925 3700 xxxvr
945 3633 1061 3717 (xxx)
1095 3654 1126 3700 a.
1146 3636 1329 3699 ιιι-ιιι.

809 3770 1068 3838 snumcnvs
1096 3771 1296 3838 svsouro.
1897 3777 1961 3840 Vn

333 3944 510 4031 Interpeiio
532 3945 757 4030 occupationes
778 3950 852 4011 tuas
874 3943 1068 4010 adsiduitate
1090 3943 1251 4028 colloquii.
1297 3964 1372 4009 uam
1395 3945 1519 4030 etipse
1546 3945 1730 4011 huiusmodi
1757 3964 1872 4030 pascor

201 4061 230 4104 ²⁶
247 4047 370 4132 officio,
402 4054 435 4115 et
461 4048 752 4135 peregrinationem
774 4053 862 4113 tuam
886 4047 1013 4113 solaciis
1034 4046 1154 4113 talibus
1182 4047 1277 4112 credo
1298 4047 1448 4112 recreari.
1494 4054 1566 4113 tuas
1595 4056 1704 4114 autem
1730 4047 1870 4114 vicissim

243 4151 368 4219 litteras
391 4158 527 4238 expecto
549 4171 613 4217 non
635 4151 741 4235 exigo.
789 4150 940 4216 iniurium
962 4150 1081 4241 quippe
1104 4156 1153 4216 est
1171 4169 1368 4235 magnopere
1390 4149 1548 4233 flagitare,
1574 4152 1660 4234 quod
1683 4171 1803 4237 speres,
1829 4172 1871 4218 ue

241 4255 327 4339 quod
349 4262 400 4322 est
421 4254 655 4337 voluntarium,
690 4253 839 4320 rideatur
861 4259 1030 4319 extortum.
1077 4273 1156 4320 sane
1179 4252 1271 4318 fratri
1292 4274 1364 4319 meo
1387 4252 1572 4320 Innocentio
1594 4254 1738 4337 gratulor
1758 4253 1873 4320 amici·

241 4358 303 4424 tias
324 4365 409 4438 tuas,
433 4357 619 4444 priusquam
643 4356 824 4438 scriberem,
852 4355 1036 4441 contigisse,
1064 4356 1141 4438 qnia
1163 4355 1291 4421 facilior
1312 4355 1391 4421 mihi
1415 4374 1487 4421 esse
1507 4355 1612 4441 coepit
1627 4356 1697 4422 eius
1712 4376 1873 4422 cummen-

242 4460 337 4544 datio,
365 4480 461 4544 quern
483 4460 636 4546 probasti,
662 4480 758 4543 quam
781 4459 898 4527 luisset
919 4459 1084 4542 incogniti.
1131 4459 1241 4541 itaque
1263 4459 1323 4525 hoc
1345 4479 1443 4523 unum
1463 4458 1610 4525 beneficii
1635 4461 1705 4525 loco
1731 4459 1869 4544 postulo,

197 4578 226 4621 ιι
243 4571 278 4630 nt
297 4563 354 4648 qui
368 4563 420 4631 sui
436 4562 711 4630 commendatione
725 4563 790 4628 iarn
806 4563 928 4646 nititur,
953 4561 1127 4630 testimonii
1142 4562 1241 4628 nostri
1259 4562 1364 4646 gratia
1379 4563 1572 4630 cumulatius
1588 4562 1754 4648 diligatur.
1785 4563 1870 4630 vale.

331 4755 362 4805 rc
380 4752 440 4810 (tic.
459 4768 512 4823 pro
528 4753 614 4808 Rosc.
633 4748 697 4807 Am.
720 4754 761 4816 13,
782 4753 823 4804 tt.

330 5098 346 5150 2
366 5100 529 5160 Symmachus
547 5096 673 5167 Ausonio]
693 5101 757 5163 (Π),
779 5116 828 5149 om.
847 5100 891 5148 l'F
1009 5098 1025 5147 3
1044 5099 1148 5147 tacitum
1166 5098 1260 5147 totiens
1279 5099 1302 5147 F
1421 5097 1436 5147 i
1454 5093 1587 5164 instigare]
1605 5098 1643 5159 11,
1665 5100 1761 5147 instare
1782 5096 1873 5161 ΜΓ)

244 5187 362 5237 bmeum
383 5200 432 5237 cm.
447 5188 470 5235 F
570 5183 678 5254 iudices]
698 5186 740 5247 (Π
745 5186 764 5248 1,
784 5187 880 5236 iudicas
904 5184 931 5247 V,
951 5185 1019 5233 dicas
1037 5185 1061 5231 F
1160 5185 1217 5233 siue
1235 5184 1259 5231 F
1361 5184 1483 5233 celebrem
1502 5185 1591 5234 om.V
1704 5183 1766 5233 diu
1784 5189 1810 5234 te
1828 5198 1874 5232 uo-

244 5275 304 5322 teris
324 5274 346 5320 F
449 5272 560 5322 decessio
578 5272 687 5323 Luttaas
699 5273 817 5322 battutas
921 5271 1035 5333 ireque
1052 5272 1117 5319 bene
1134 5283 1182 5319 cm.
1199 5271 1222 5317 F
1322 5269 1338 5320 9
1357 5271 1587 5332 negglegsntiual'
1667 5267 1794 5338 παῖσαι]
1812 5271 1872 5332 HF,

244 5360 338 5409 mulcet
355 5357 422 5408 VF‘F
526 5358 558 5408 10
576 5357 655 5427 teras]
672 5360 699 5419 V,
719 5364 807 5408 teneas
820 5359 843 5405 F
943 5354 1020 5425 linet]
1040 5357 1077 5420 Π,
1098 5358 1180 5420 liquet
1198 5358 1227 5416 F,
1248 5358 1351 5406 uitetV
1452 5370 1492 5405 me
1510 5357 1601 5419 legisse
1620 5358 1643 5404 F
1745 5353 1830 5424 saepe]
1842 5357 1872 5417 F,

244 5447 320 5495 etism
343 5444 370 5505 V,
390 5447 467 5494 etism
485 5460 561 5509 ssape
581 5446 630 5510 (Π)
750 5445 776 5494 11
799 5459 904 5495 seuerus
923 5445 946 5491 F
1061 5442 1092 5493 12
1111 5441 1267 5511 aestimabis]
1287 5444 1350 5506 (Π),
1370 5443 1487 5492 estimaul
1510 5442 1552 5489 VF
1654 5443 1698 5492 sed
1717 5458 1765 5493 om.
1784 5442 1836 5504 (Π)

243 5527 340 5598 tegere]
358 5532 419 5580 haec
437 5536 520 5591 tegere
539 5533 562 5580 F
664 5531 694 5581 13
713 5532 752 5580 uti
768 5533 798 5580 iu
820 5531 841 5578 l'
942 5531 1111 5579 animositatis
1129 5531 1152 5577 F
1254 5526 1357 5597 expeto]
1375 5529 1444 5586 Fessa
1464 5532 1570 5590 expecto
1594 5528 1636 5575 l'F

331 5617 362 5667 16
381 5628 430 5667 an.
450 5617 500 5666 VM
595 5616 625 5666 li
644 5618 799 5666 occasionem
817 5617 889 5679 parui
907 5616 941 5665 Π
1035 5614 1066 5666 18
1084 5612 1174 5682 retuli]
1192 5612 1288 5679 Μ(Π),
1309 5616 1410 5679 reppuli
1433 5615 1453 5663 V
1551 5613 1583 5665 19
1600 5619 1627 5662 to
1642 5618 1700 5676 post
1718 5614 1875 5663 salutationis

323 5702 400 5754 ,711

243 5704 363 5839 ωαωῖἑι
381 5804 431 5839 osu.
454 5790 495 5838 VF
596 5788 629 5838 21
648 5790 747 5852 tpsoV
850 5787 882 5838 rt
902 5784 1040 5855 extortum]
1058 5788 1086 5849 F,
1108 5801 1140 5835 ex
1158 5787 1248 5835 tctoV
1350 5786 1383 5838 28
1401 5788 1483 5848 coepit
1500 5800 1557 5836 esse
1574 5787 1598 5833 F
1697 5784 1876 5834 emendattcl'

1627 5884 1666 5939 31
