4746 6472
934 520 1049 575 LIBER
1066 520 1118 575 111.

870 881 935 945 Illl
968 886 1043 946 ante
1057 900 1088 945 a.
1107 881 1181 944 388.

788 1017 1049 1084 SYMMACHVS
1074 1016 1264 1083 IVLIANO.
1862 1017 1928 1080 PF

299 1189 418 1272 Decet,
452 1198 486 1255 nt
507 1190 632 1255 litteras
655 1210 745 1255 meas
766 1189 951 1274 frequenter
972 1188 1150 1273 efflagites,
1182 1210 1243 1256 nec
1264 1197 1371 1256 mmen
1394 1191 1559 1269 convenit,
1593 1197 1628 1254 ut
1650 1190 1691 1255 de
1713 1189 1841 1256 silentio

217 1312 313 1375 grave
342 1292 507 1378 quidpiam
534 1292 720 1379 suspiceris.
767 1293 899 1358 oblitum
923 1292 1060 1374 metui,
1093 1292 1180 1375 quod
1203 1293 1236 1357 in
1258 1293 1341 1357 hanc
1363 1293 1448 1358 diem
1472 1293 1638 1371 silueram,
1673 1292 1838 1359 censuisti.

187 1412 257 1458 ³au
285 1394 333 1459 ita
361 1395 416 1461 vel
445 1394 509 1460 mei
538 1394 638 1460 animi
661 1395 742 1462 fides
763 1396 879 1476 lclara
900 1403 950 1462 est
970 1395 1023 1461 vel
1045 1394 1090 1461 tui
1114 1395 1219 1461 meriti
1240 1403 1381 1479 augusta
1402 1403 1562 1461 momenta
1584 1400 1676 1475 sunt,
1710 1402 1745 1461 ut
1766 1395 1842 1461 huic

218 1497 257 1563 de
277 1517 329 1562 me
351 1498 492 1582 opinioni
515 1498 604 1564 locus
627 1518 701 1565 esse
723 1499 891 1565 debuerit?
912 1518 1011 1583 quare
1033 1498 1176 1564 amicitia
1199 1499 1374 1564 communis
1396 1500 1470 1585 plus
1493 1498 1618 1584 accepit
1639 1497 1776 1565 iniuriae
1799 1519 1840 1565 ex

164 1623 169 1631 ·
218 1608 271 1666 tua
300 1601 483 1687 suspicione
513 1623 608 1686 quam
637 1622 679 1669 ex
709 1602 836 1667 silentio
863 1622 946 1667 mco.
992 1602 1097 1668 minus
1128 1609 1178 1668 est
1204 1600 1288 1668 enim
1311 1601 1504 1667 necessitate
1528 1600 1670 1667 officium
1692 1599 1843 1667 deserere

217 1724 311 1786 quam
341 1705 505 1771 voluntate
534 1725 750 1790 praepropera
778 1704 932 1771 iudicare.
979 1710 1074 1789 putas
1101 1725 1153 1771 me
1182 1705 1331 1771 sollemni
1361 1725 1479 1787 genere
1510 1703 1707 1770 defensionis
1733 1705 1840 1770 levare
1863 1709 1883 1768 2

217 1814 398 1892 peccatum:
438 1807 513 1873 ‘diu
541 1807 628 1891 afui,
662 1809 759 1892 longa
788 1807 854 1873 otia
875 1808 910 1873 in
932 1827 1063 1873 secessu
1085 1807 1169 1873 ruris
1191 1808 1303 1891 exegi,
1336 1808 1498 1875 tabellarii
1520 1807 1715 1873 defuerunt’.
1763 1808 1844 1874 haec

172 1927 198 1965 ιο
217 1910 245 1974 si
274 1930 350 1975 vcra
376 1910 566 1995 plerumque
592 1917 682 1992 sunt,
715 1917 822 1977 umen
853 1910 1049 1978 adsiduitate
1080 1911 1197 1977 detrita
1222 1910 1255 1976 in
1282 1910 1436 1976 invidiam
1467 1909 1626 1976 mendacii
1648 1909 1840 1976 reciderunt.

218 2032 308 2077 meae
337 2013 564 2098 occupationes
593 2015 634 2080 ab
664 2034 725 2080 usu
755 2021 895 2080 remotae
917 2013 999 2079 nihil
1022 2014 1182 2080 mediocre
1204 2014 1415 2099 protendunt,
1449 2013 1540 2079 cuius
1562 2033 1629 2079 rem
1651 2013 1843 2080 familiarem

217 2135 300 2180 nova
328 2115 462 2182 incessit
486 2116 638 2184 adfinitas
661 2124 771 2183 contra
791 2116 946 2183 rationem
969 2118 1078 2202 legum
1102 2118 1289 2183 felicitatem
1311 2123 1490 2203 temporum
1513 2135 1704 2183 consensum
1726 2137 1845 2203 paren-

217 2227 283 2284 tum
312 2226 408 2304 pacta
437 2220 603 2286 maiorum.
651 2220 710 2287 sed
733 2220 903 2306 reprimam
926 2242 977 2286 me
999 2241 1103 2305 neque
1126 2220 1177 2287 his
1200 2221 1353 2303 querellis
1377 2220 1510 2287 ulterius
1531 2219 1729 2302 inmorabor‚
1762 2238 1844 2303 quas

217 2322 422 2405 tabellarius,
457 2323 485 2388 si
514 2323 642 2389 veritati
671 2323 793 2389 amicus
822 2330 889 2405 est,
922 2323 1108 2408 explicabit.
1155 2323 1201 2389 ita
1222 2325 1291 2405 fiet,
1326 2330 1361 2389 ut
1382 2330 1415 2390 et
1436 2323 1492 2389 tibi
1518 2322 1658 2405 cognitio
1680 2328 1844 2406 gestorum

171 2439 199 2479 ¹⁵
217 2425 315 2509 plena
336 2425 513 2509 proveniat,
539 2434 572 2493 et
593 2447 654 2510 ego
677 2428 916 2493 excusationem
939 2447 1044 2492 meam
1066 2426 1172 2512 potius
1194 2427 1357 2493 indicasse
1380 2425 1493 2491 videar
1514 2446 1610 2509 quam
1632 2425 1787 2492 dolorem.

891 2702 918 2766 V
951 2710 1027 2768 ante
1042 2723 1074 2768 a.
1094 2702 1168 2768 388.

794 2840 1054 2905 SYMMACHVS
1080 2840 1267 2906 IVLIANO.

304 3013 419 3091 Aiunt,
453 3012 508 3094 qui
537 3012 657 3077 callent
684 3011 875 3077 rhetoricam
905 3011 1127 3095 disciplinam,
1160 3011 1242 3077 nihil
1272 3031 1346 3078 esse
1368 3012 1620 3093 controversiae,
1653 3012 1708 3077 ubi
1730 3011 1845 3077 eadem

218 3114 357 3198 partium
380 3113 469 3179 iussa
492 3122 576 3178 sunt.
624 3114 798 3197 imaginem
820 3114 1003 3200 propositae
1025 3102 1071 3181 rei
1095 3116 1259 3200 postulas?
1281 3113 1370 3179 mitto
1393 3112 1581 3180 decantatas
1604 3113 1845 3179 meditationum

175 3228 202 3269 ²⁰
222 3216 420 3282 iudicialium
443 3215 587 3283 fictiones
609 3222 642 3282 et
664 3217 773 3282 inania
795 3216 967 3284 simulacra
989 3237 1174 3283 causarum:
1209 3217 1262 3283 vel
1285 3217 1366 3282 haec
1388 3216 1487 3282 nostri
1510 3216 1631 3282 silentii
1654 3216 1847 3282 diuturnitas

222 3319 376 3385 maurice
398 3320 474 3386 talis
496 3321 678 3405 exemplum
701 3327 762 3387 est.
802 3321 922 3386 obicies
944 3321 1023 3386 milri
1046 3320 1240 3387 dissimulati
1261 3319 1359 3386 officii
1381 3318 1640 3402 neglegentiam:
1667 3319 1701 3385 in
1723 3326 1753 3385 tc
1768 3320 1849 3385 haec

222 3422 357 3488 refertur
379 3422 490 3489 oratio.
538 3444 614 3508 ergo
644 3423 721 3506 quia
748 3443 844 3509 pares
870 3443 1001 3507 sumus,
1035 3424 1129 3491 dulce
1152 3423 1337 3489 conludium
1360 3429 1427 3505 est,
1460 3429 1495 3488 ut
1516 3442 1588 3488 cum
1610 3423 1712 3489 altero
1734 3426 1889 3488 neuter2

222 3526 414 3610 expostulet.
460 3525 588 3592 veniam
611 3545 682 3591 curn
706 3527 846 3609 dederis,
871 3527 1062 3612 impetrasti.
1103 3528 1160 3593 sed
1184 3547 1240 3592 cur
1262 3526 1375 3610 aequis
1396 3534 1501 3593 tecum
1524 3526 1765 3592 condicionibus
1787 3547 1849 3609 ago

221 3628 286 3693 iam
302 3627 416 3694 melior
429 3648 529 3694 causa
547 3631 631 3712 [est],
656 3630 711 3713 qni
726 3629 813 3715 prior
827 3631 962 3696 emendo
977 3631 1143 3714 utriusque
1159 3630 1334 3697 delicturus
1356 3628 1477 3712 videro,
1502 3649 1586 3711 quae
1608 3635 1665 3694 tna
1676 3627 1794 3694 >futura
1809 3629 1851 3694 sit

177 3744 205 3785 ²⁵
222 3732 254 3796 in
282 3730 453 3798 referendo
483 3751 629 3797 sermone
652 3733 784 3799 curatio.
830 3754 891 3817 ego
912 3733 947 3798 in
970 3737 1055 3799 viam
1078 3733 1194 3799 reduxi
1216 3733 1378 3799 amicitiae
1401 3737 1529 3798 nostrae
1552 3731 1716 3798 fortuitum
1739 3739 1849 3816 stupo-

222 3855 307 3915 rem,
340 3855 444 3919 neque
474 3856 515 3901 ex
544 3857 584 3902 ea
612 3856 646 3903 re
674 3836 803 3903 adfecto
832 3836 982 3921 gratiam.
1033 3836 1113 3903 satis
1143 3834 1220 3902 mihi
1250 3836 1357 3903 laudis
1387 3841 1437 3901 est
1465 3834 1619 3901 invidiam
1648 3834 1769 3901 silentii
1799 3834 1850 3901 di-

221 3938 335 4005 luisse.
381 3938 465 4004 vale.

934 4199 979 4262 Vl
1008 4219 1040 4262 a.
1059 4200 1133 4262 380.

797 4335 1056 4402 SYMMACHVS
1081 4333 1271 4399 IVLIANO.

176 4521 204 4559 ³⁰
309 4510 400 4575 Solet
422 4509 550 4591 quidem
574 4509 794 4593 aegritudines
815 4508 915 4573 animi
937 4507 1017 4573 ratio
1040 4506 1204 4589 mitigare,
1232 4504 1290 4571 sed
1313 4505 1459 4569 fortunae
1481 4511 1608 4570 nostrae
1631 4512 1755 4571 tanturn
1778 4506 1851 4570 vul-

222 4633 283 4679 nus
306 4620 373 4693 est,
405 4618 441 4678 ut
462 4613 493 4678 ei
515 4634 556 4679 ne
578 4620 635 4677 tua
662 4611 791 4696 quidem
821 4610 1056 4677 delenifica
1084 4615 1123 4674 et
1152 4609 1281 4673 suada
1308 4607 1511 4673 facundia
1539 4608 1719 4673 cicatricem
1749 4609 1851 4693 possit

221 4715 392 4782 obducere.
438 4714 504 4780 fors
534 4715 619 4798 fuat,
652 4736 695 4780 an
724 4714 795 4780 dies
824 4713 923 4797 longa
951 4712 1144 4796 quandoque
1172 4712 1303 4777 hebetet
1327 4711 1472 4775 laxatum
1495 4711 1655 4791 dolorem3
1690 4711 1848 4793 siquidem

308 4906 338 4956 3¹
359 4903 504 4959 Ausonius
521 4904 597 4972 apud
616 4903 721 4974 Symm.
742 4902 825 4972 epist.
845 4903 920 4967 132,
943 4904 965 4956 l.

1476 5090 1618 5163 beazflu

311 5200 395 5251 lom,
416 5202 439 5249 F
576 5196 655 5266 dan]
674 5200 702 5262 F,
728 5205 772 5247 aut
792 5198 843 5246 1³1
864 5214 910 5257 m.,
935 5197 1001 5245 hand
1021 5197 1043 5243 P
1060 5200 1076 5245 9
1094 5213 1126 5244 m.
1269 5192 1344 5262 clara]
1364 5196 1414 5258 PF,
1440 5197 1529 5245 clauda
1547 5212 1605 5258 epo,
1633 5199 1727 5245 inclara
1745 5196 1850 5257 speum

224 5287 313 5338 imao
331 5288 472 5336 allennes
606 5282 817 5352 Spracpropera]
835 5285 858 5333 P
875 5288 891 5333 2
908 5299 941 5332 m.
963 5282 1024 5345 ΙΨ,
1052 5296 1215 5346 praepropera
1233 5283 1255 5330 P
1272 5287 1284 5329 1
1303 5298 1355 5344 m.,
1384 5284 1484 5344 propria
1502 5283 1525 5329 F
1664 5282 1694 5331 ll)
1713 5279 1745 5348 si]
1764 5282 1852 5331 ctch

226 5373 254 5423 ll
289 5373 530 5423 xllcanitle.

273 5389 339 5510 ⁰1¹²?
353 5460 438 5508 om.l¹'
524 5458 555 5509 18
567 5457 710 5508 eandem?
795 5457 826 5507 19
838 5459 909 5505 iussa
920 5452 993 5523 sunt]
1007 5453 1084 5517 Plu,
1098 5448 1194 5516 oms,
1203 5457 1260 5503 lura
1271 5460 1333 5504 sunt
1346 5456 1450 5516 hretia,
1464 5456 1593 5503 commisce
1606 5460 1668 5502 suut
1681 5452 1817 5501 Muranum

222 5548 352 5608 postulant
371 5546 393 5593 F
492 5547 624 5594 demutata
643 5544 666 5591 P
678 5548 690 5592 1
703 5561 737 5592 m.
844 5542 877 5593 20
894 5540 992 5609 luania]
1010 5543 1120 5605 leretur,
1142 5543 1218 5590 anuis
1236 5541 1266 5603 P,
1286 5541 1369 5589 omnia
1388 5541 1410 5588 F
1517 5538 1548 5589 21
1569 5540 1700 5588 dictumue
1718 5538 1813 5587 le.

222 5635 249 5681 in
267 5629 304 5699 tc]
324 5633 425 5692 Mereor,
445 5632 511 5680 inter
529 5631 573 5679 PF
691 5629 724 5679 23
742 5630 929 5679 conditionibus
948 5629 993 5677 Pl
1008 5644 1041 5678 m.
1171 5627 1204 5677 nl
1222 5632 1261 5676 est
1278 5629 1348 5675 roscia
1366 5628 1456 5674 inclusi
1576 5623 1762 5674 dilectum-Pl
1777 5640 1811 5674 m.

223 5721 295 5769 uidco
314 5719 337 5767 F
438 5725 498 5780 tuas
516 5719 539 5766 P
641 5717 720 5766 25111
739 5712 817 5783 ulam]
836 5717 944 5776 lucretur,
965 5715 1088 5763 luuldiaru
1108 5713 1200 5763 Plus
1303 5712 1335 5762 26
1353 5714 1442 5762 affecto
1460 5712 1522 5761 mihi
1542 5712 1564 5760 F

307 5805 451 5861 'iidemu'
551 5803 582 5855 31
603 5801 752 5875 110]an
852 5801 886 5859 82
904 5804 947 5853 flat
964 5808 994 5855 nt
1011 5801 1108 5856 diesF
1207 5798 1368 5867 habctptP
