4746 6472
1105 471 1301 554 crunnum
1319 494 1531 554 nrrsrvnnn

1217 861 1262 926 VI
1291 881 1322 925 a.
1342 863 1416 925 383.

383 999 416 1060 P
423 999 485 1060 VF
968 998 1228 1066 SYMMAGHVS
1255 997 1473 1065 FLAVIANO
1495 1000 1664 1064 FRATRI.

589 1170 721 1235 Emensi
743 1170 825 1235 haec
846 1190 971 1253 quoque
994 1169 1106 1253 litora,
1133 1191 1217 1254 quae
1239 1177 1312 1254 post
1333 1169 1479 1235 Formias
1500 1169 1534 1234 in
1555 1170 1691 1255 Axyrim
1714 1170 1927 1255 porriguntur,
1956 1190 2071 1235 navem
2095 1190 2133 1234 ac

503 1273 642 1358 remiges
663 1294 727 1339 non
749 1294 918 1339 moramur.
966 1273 1025 1339 sed
1046 1273 1110 1339 diis
1133 1293 1214 1358 opus
1237 1280 1303 1354 est,
1339 1280 1374 1340 ut
1402 1273 1455 1339 bic
1485 1273 1604 1339 reditus
1626 1279 1736 1339 noster
1756 1272 1838 1338 nihil
1860 1273 1999 1358 reperiat
2020 1272 2133 1357 paeni-

502 1375 646 1442 tendum.
686 1376 839 1461 frequens
862 1378 947 1444 enim
963 1397 1067 1443 sermo
1083 1383 1143 1460 est,
1168 1377 1257 1443 tenui
1278 1376 1366 1442 rictu
1388 1377 1422 1441 in
1443 1378 1555 1443 turbas
1578 1376 1706 1462 plebem
1728 1376 1859 1457 moveri,
1885 1396 1945 1442 nec
1966 1376 2035 1441 ulla
2057 1396 2165 1461 spese

463 1480 483 1541 2
507 1480 610 1560 datur,
637 1480 860 1564 praesentibus
882 1480 1042 1563 angustiis
1064 1479 1189 1565 copiam
1211 1499 1307 1564 posse
1330 1478 1513 1546 succedere.
1561 1499 1664 1545 annus
1686 1480 1806 1562 ubique
1828 1478 1870 1545 ad
1891 1479 2009 1545 famem
2025 1479 2134 1564 proxi-

501 1602 591 1662 mus;
618 1582 733 1648 classis
754 1583 788 1649 in
810 1583 892 1649 alios
913 1603 1069 1649 conversa
1084 1602 1214 1664 cursus;
1239 1588 1349 1648 aestas
1364 1603 1464 1666 prope
1479 1581 1619 1648 decessit
1633 1590 1797 1648 autumno.
1844 1581 1907 1649 diis
1922 1603 1974 1648 me
1989 1583 2130 1665 hercule,

503 1692 538 1752 ut
559 1685 726 1772 praefatus
749 1705 834 1767 sum,
862 1686 1046 1770 deleganda
1068 1693 1119 1752 est
1140 1686 1236 1752 huius
1256 1686 1370 1752 incerti
1392 1685 1647 1765 administratio;
1674 1685 1839 1751 hominum
1861 1691 1969 1752 autem
1992 1686 2135 1752 remedia

502 1788 558 1855 diu
588 1789 794 1855 dissimulata
822 1789 887 1854 iam
918 1808 991 1855 sera
1021 1795 1106 1856 sunt.
1154 1807 1213 1855 vos
1245 1791 1351 1855 valete
1381 1795 1414 1855 et
1443 1789 1568 1855 litteras
1600 1794 1728 1874 sperate
1757 1789 1923 1869 meliores,
1957 1789 1985 1854 si
2008 1789 2135 1856 fortuna

503 1893 592 1959 urbis
612 1899 740 1959 nostrae
763 1892 915 1959 secundis
937 1912 1049 1959 amara
1069 1892 1253 1959 mutaverit.
1300 1892 1385 1958 vale.
2153 1911 2181 1952 ro

1209 2168 1271 2233 VH
1300 2187 1330 2232 a.
1350 2169 1426 2232 383.

376 2305 487 2369 PVM
968 2303 1228 2371 SYMMACHVS
1254 2303 1472 2370 FLAVIANO
1495 2304 1666 2370 FRATRI.

586 2478 795 2543 Fortunatum
816 2484 849 2543 te
871 2478 1055 2564 cumprimis
1076 2478 1137 2542 hoc
1165 2476 1200 2541 in
1228 2484 1371 2562 tempore
1401 2476 1593 2559 iudiearem,
1627 2476 1712 2560 quod
1741 2483 1910 2562 exemptus
1932 2477 2057 2562 patriae
2080 2479 2130 2544 in-

501 2581 677 2646 commodis
700 2581 829 2662 otiaris,
862 2581 925 2646 nisi
955 2581 1069 2647 scirem
1095 2581 1196 2646 bonos
1219 2580 1307 2646 cives
1330 2586 1362 2646 et
1383 2580 1431 2646 tui
1453 2581 1576 2646 similes
1598 2580 1730 2664 gravius
1752 2580 1890 2647 adversa
1912 2581 2015 2665 ferre,
2048 2603 2132 2664 quae

501 2703 564 2748 non
587 2683 709 2750 vident.
756 2705 796 2750 ea
817 2684 936 2769 quippe
960 2703 1064 2749 rerum
1087 2689 1202 2748 natura
1224 2690 1288 2763 est,
1316 2689 1350 2749 ut
1372 2682 1528 2767 quidquid
1550 2683 1592 2748 ab
1615 2684 1717 2749 altero
1740 2683 1959 2768 cognoscitur,
1985 2685 2132 2769 asperius
2153 2705 2181 2745 rs

403 2818 411 2826 ’
502 2794 534 2852 et
556 2788 660 2852 maius
682 2787 851 2853 habeatur.
903 2786 1004 2869 adde,
1037 2786 1122 2870 quod
1150 2786 1278 2871 integer
1307 2787 1433 2852 suimus
1462 2793 1554 2872 putat
1582 2786 1797 2852 innocentiam
1827 2804 1919 2852 suam
1947 2787 2066 2869 minui,
2103 2788 2130 2853 si

462 2890 693 2975 ipericulosis
717 2889 802 2956 desit
824 2911 964 2956 suorum.
1011 2890 1092 2956 haec
1114 2910 1191 2974 ego,
1224 2911 1289 2955 non
1316 2896 1352 2954 ut
1381 2890 1519 2955 celerem
1548 2889 1685 2956 reditum
1715 2889 1775 2955 tibi
1803 2889 1976 2972 suadeam,
2009 2889 2069 2957 sed
2097 2896 2132 2957 ut

501 2993 629 3059 noveris
658 2993 692 3058 in
721 2994 942 3060 communibus
970 2993 1067 3058 maiis
1096 2993 1177 3059 nihil
1207 3012 1293 3072 esse,
1328 2993 1415 3075 quod
1437 3011 1595 3078 properes.
1641 2991 1719 3076 quid
1749 2993 1835 3059 enim
1863 2993 1993 3059 iurares
2022 3012 2129 3059 curam

501 3096 681 3180 publicam,
714 3117 908 3179 quamquam
930 3097 1071 3162 omnium
1093 3097 1379 3181 prudentissimus,
1412 3096 1440 3161 si
1462 3096 1605 3162 redires?
1635 3096 1701 3161 iam
1723 3097 1860 3182 primum
1883 3096 2017 3162 consilio
2039 3097 2129 3163 locus

444 3253 455 3261 .
501 3200 611 3265 nulius
639 3206 705 3281 est,
738 3199 815 3266 dum
843 3200 878 3265 in
907 3200 1117 3266 deliberando
1139 3220 1276 3286 persona
1304 3201 1504 3269 censentium
1526 3199 1652 3285 pondus
1674 3199 1842 3265 sententiis
1865 3199 1953 3264 iacit.
2000 3200 2129 3283 quando
2147 3219 2177 3261 ro

502 3303 661 3369 resistitur
690 3303 822 3388 potiori,
855 3304 982 3387 quando
1012 3304 1136 3370 ceditur
1164 3304 1254 3389 parii
1297 3303 1415 3369 dehinc
1443 3322 1597 3388 praesens
1626 3309 1728 3368 status
1756 3323 1820 3368 non
1850 3303 2041 3386 sapientiam
2072 3304 2129 3369 sed

460 3408 479 3469 3
503 3406 662 3471 fortunam
683 3406 825 3489 requirit.
873 3406 1033 3473 defectum
1056 3407 1205 3473 timemus
1227 3426 1375 3472 annonae
1397 3407 1499 3491 pulsis
1522 3406 1690 3489 omnibus,
1722 3425 1802 3488 quos
1832 3412 1942 3471 exerto
1972 3412 2005 3473 et
2033 3408 2128 3491 pleno

503 3509 600 3574 ubere
623 3510 724 3574 Roma
747 3517 944 3594 susceperat.
991 3510 1061 3592 iac,
1087 3519 1122 3575 ut
1144 3510 1195 3575 his
1217 3509 1369 3575 remediis
1392 3510 1670 3575 convalescamus:
1704 3515 1823 3592 quanto
1845 3508 1937 3574 noble
1959 3508 2033 3574 odio
2054 3529 2128 3594 pro

502 3612 678 3677 vinciacum
711 3619 836 3678 constat
868 3613 932 3678 ista
965 3613 1142 3679 securitas?
1175 3613 1220 3677 dii
1253 3612 1364 3698 patrii,
1402 3613 1499 3678 facite
1532 3612 1670 3695 gratiam
1699 3612 1917 3696 neglectorum
1947 3613 2125 3679 sacrorum!

502 3715 652 3781 miseram
676 3715 795 3781 iamem
817 3716 946 3800 pellitel
988 3717 1229 3807 quamprimum,
1245 3723 1372 3782 revocet
1395 3716 1470 3780 urbs
1492 3723 1612 3797 nostra,
1638 3734 1720 3797 quos
1742 3714 1843 3781 inrita
1857 3714 1993 3781 dimisiti
2036 3715 2129 3799 plura
2146 3712 2187 3775 π’

501 3825 606 3885 tecum
629 3818 727 3901 loqui,
754 3839 850 3902 quam
872 3838 1005 3885 necesse
1028 3826 1088 3899 est,
1114 3818 1155 3884 de
1177 3819 1323 3885 adversis
1346 3817 1569 3884 communibus
1591 3838 1656 3883 non
1670 3817 1760 3883 libet.
1807 3837 1885 3884 cura
1899 3825 1934 3884 ut
1948 3819 2072 3902 valeas,
2097 3825 2130 3885 et

502 3920 658 4004 quidquid
680 3921 822 3987 humana
843 3941 903 4005 ope
926 3921 1031 3987 maius
1053 3929 1112 4003 est,
1139 3922 1202 3989 diis
1225 3923 1372 4008 permitte
1394 3920 1581 3987 curandum.

1196 4197 1273 4263 VIII
1304 4218 1335 4262 a.
1355 4199 1429 4262 382.

966 4335 1226 4399 SYIIMAOHVS
1252 4334 1468 4400 FLAVIANO
1491 4333 1662 4400 FRATRI.

588 4502 746 4571 Redditae
770 4513 844 4572 sunt
865 4505 945 4570 mihi
967 4506 1090 4589 primae
1113 4506 1238 4571 litterae
1261 4512 1335 4571 tuae
1357 4511 1422 4570 taur
1445 4506 1572 4587 breves,
1596 4513 1663 4571 tam
1685 4506 1875 4587 festinatae,
1901 4515 1937 4572 ut
1956 4508 2018 4573 iter
2039 4516 2127 4574 tuum
2147 4526 2176 4566 ³⁰

502 4607 686 4673 viderentur
714 4609 843 4674 imitari.
891 4608 950 4674 sed
974 4608 1002 4673 si
1025 4609 1102 4673 milri
1125 4609 1248 4691 credIs,
1281 4629 1344 4673 nou
1375 4609 1479 4673 estin
1502 4609 1567 4674 iliis
1590 4608 1773 4674 desiderata
1795 4609 1975 4694 prolixitas.
2022 4611 2130 4676 omnia

502 4711 604 4791 enim,
639 4732 721 4793 quae
751 4712 792 4778 de
820 4712 1043 4797 amplitudinis
1071 4719 1146 4777 tuae
1168 4712 1332 4797 prosperis
1361 4731 1456 4777 nosse
1486 4713 1672 4796 cupiebam,
1705 4712 1867 4778 succincta
1889 4713 2128 4779 enumeratione

502 4814 677 4898 conplexus
699 4835 753 4881 es:
785 4822 906 4899 quanta
927 4816 1113 4881 valetudine
1135 4815 1266 4898 vigeas,
1292 4836 1356 4898 qua
1379 4814 1542 4880 celeritate
1564 4822 1732 4899 pervectus
1755 4814 1817 4897 sis,
1844 4814 1922 4899 quid
1943 4816 1978 4881 in
1999 4823 2129 4882 aeterno

500 4916 645 5002 principe
668 4919 850 4985 serenitatis
870 4918 1044 4985 inveneris.
1085 4917 1188 4983 ausim
1212 4918 1329 4997 dicere,
1357 4917 1534 4983 uberiorem
1557 4919 1654 4984 rebus
1676 4938 1774 5001 quam
1795 4917 1903 4984 verbis
1926 4918 2028 4986 fuisse
2043 4918 2129 4985 iilius

586 5278 668 5330 iem.
687 5282 730 5328 VF
829 5281 963 5344 {iquoque
981 5281 1042 5329 haec
1060 5282 1084 5328 F
1184 5279 1305 5339 cyrimP
1408 5277 1580 5346 porriguntur]
1599 5279 1694 5329 Pam.
1709 5280 1739 5341 F,
1760 5281 1924 5341 prorIguntur
1941 5279 2102 5331 1²1er

500 5380 578 5415 mnes
596 5367 619 5413 F
720 5367 903 5428 Iremigerl'
1005 5368 1175 5416 morauturl'
1275 5367 1397 5415 sedIisP
1499 5368 1624 5429 repperiet
1643 5367 1738 5416 Pim.
1756 5366 1784 5428 V,
1805 5368 1964 5416 inueniatF
2067 5366 2129 5417 bad

498 5454 590 5501 lamam
608 5455 737 5515 proclinus
758 5455 848 5505 (Ineter

588 5538 618 5588 12
636 5554 684 5590 cm.
703 5541 751 5589 VM
886 5540 914 5590 ll
934 5541 1081 5603 periculosis
1100 5541 1129 5603 P,
1158 5541 1278 5601 perlculls
1301 5538 1397 5603 Vilis)
1534 5538 1565 5588 18
1584 5539 1719 5589 noueril'
1837 5535 1966 5606 properes]
1985 5538 2128 5601 dunecan,

497 5626 623 5687 praeierat
643 5625 718 5674 PVM
827 5624 1110 5675 inuarcsom.P1m.
1216 5626 1344 5675 curaml'
1457 5625 1491 5676 20
1508 5638 1640 5689 persam
1659 5626 1705 5674 Pl
1719 5625 1797 5676 m.V
1911 5624 1945 5675 25
1963 5626 2099 5675 iamaml'

498 5718 600 5761 reuocet
617 5708 689 5778 urbs]
712 5711 767 5773 VM,
789 5718 921 5761 reuocetur
940 5712 962 5759 P
1064 5711 1096 5761 27
1116 5712 1173 5760 uuis
1191 5711 1251 5760 cdd.
1269 5712 1318 5759 VM

584 5796 617 5847 29
635 5811 683 5847 our.
706 5798 747 5845 Vs
858 5797 891 5847 33
909 5798 1001 5861 uigens
1019 5797 1065 5848 Pr
1080 5813 1125 5865 m.,
1147 5798 1245 5861 uiperea
1265 5797 1358 5848 Pam.
1465 5798 1651 5849 celebriistel'
1751 5799 1880 5863 perlectus
1904 5798 1932 5859 V,
1952 5802 2092 5860 prouectus
2109 5799 2134 5846 F
