4716 6476
927 493 1040 549 LIBER
1057 492 1136 548 VllI.

977 854 1084 920 XXII.

844 1010 903 1075 ΑΙ)
926 1009 1223 1076 ANDRONICVM.
1871 1010 1935 1074 PF

306 1184 344 1250 In
366 1191 422 1249 tuo
444 1203 498 1249 cre
521 1188 634 1248 vernat
655 1182 748 1247 Musa
770 1180 942 1265 Cecropia,
976 1180 1055 1246 mihi
1078 1180 1190 1265 lingua
1211 1180 1350 1247 Latiaris
1374 1187 1438 1263 est,
1469 1202 1510 1247 ne
1533 1180 1768 1248 desideraveris
1790 1203 1847 1248 ae-

222 1308 286 1370 qua
312 1286 378 1352 stili
406 1286 470 1352 mei
500 1306 642 1353 munere.
691 1284 804 1351 litteris
833 1284 1008 1365 vincimur,
1042 1305 1150 1350 amore
1180 1290 1351 1351 certamus.
1398 1284 1457 1351 sed
1485 1284 1566 1350 haec
1594 1283 1706 1350 merito
1733 1285 1848 1351 rescri-

192 1391 344 1471 ⁵berem,
370 1389 399 1455 si
421 1389 499 1454 mihi
522 1391 623 1455 solam
647 1388 819 1473 epistulam
842 1387 1032 1465 detulisses;
1058 1395 1093 1453 tu
1117 1408 1208 1469 vere,
1237 1394 1328 1454 ntes
1351 1388 1491 1472 diligens
1513 1388 1704 1471 amicorum,
1730 1389 1848 1455 biblio-

223 1493 335 1560 thecae
365 1501 492 1559 nostrae
521 1492 696 1558 carminum
725 1497 849 1557 tuorum
881 1490 1011 1556 divitias
1037 1490 1186 1557 intulisti.
1234 1490 1312 1575 quid
1333 1491 1393 1557 tibi
1415 1511 1472 1575 pro
1494 1491 1554 1556 hoc
1577 1490 1710 1574 dignum
1732 1513 1848 1578 repen-

223 1597 295 1662 dam
328 1596 435 1663 tennis
468 1596 537 1682 ipse
570 1595 742 1661 facundiae
777 1602 810 1660 et
839 1615 962 1680 pauper
990 1593 1135 1678 ingenii?
1171 1594 1297 1661 tradam
1327 1595 1476 1680 publicae
1505 1593 1728 1678 admirationi,
1765 1617 1847 1678 quae

223 1699 362 1783 legenda
384 1698 517 1781 misisti,
551 1706 583 1764 et
605 1718 798 1781 quamquam
822 1697 970 1763 laudator
992 1698 1085 1782 inpar
1106 1698 1224 1763 bonum
1248 1696 1371 1763 saeculi
1393 1697 1574 1783 publicabo.
1622 1697 1702 1763 nihil
1725 1717 1766 1764 ex
1788 1700 1849 1765 hcc
1872 1701 1891 1759 2

224 1802 429 1886 derogabitur
455 1801 562 1886 operis
589 1800 637 1865 tui
667 1800 806 1884 gloriae;
841 1821 914 1866 nam
944 1809 976 1866 et
999 1801 1171 1866 Homerum
1200 1801 1346 1867 novimus
1377 1822 1397 1866 a
1419 1799 1630 1866 dissimilibus
1653 1800 1847 1885 praedicari.

180 1922 206 1961 ¹⁰
226 1912 346 1970 careret
376 1904 496 1989 quippe
528 1904 615 1969 fama
638 1924 825 1986 magnorum
850 1903 986 1969 virorum
1010 1903 1213 1981 celebritate,
1248 1903 1275 1967 si
1298 1903 1394 1969 etiam
1417 1902 1592 1968 minoribus
1615 1904 1751 1969 testibus
1773 1925 1850 1970 con-

225 2014 311 2073 tenta
332 2028 396 2073 non
419 2013 516 2073 esset.
556 2006 614 2071 sed
637 2006 715 2088 quid
737 2006 818 2071 haec
841 2006 968 2088 longius
991 2006 1094 2087 traho,
1121 2026 1192 2071 eum
1207 2006 1396 2072 brevitatem
1412 2005 1607 2072 verecundia
1622 2014 1677 2072 tua
1691 2009 1851 2091 postulet?

225 2131 315 2191 cura,
342 2117 377 2175 ut
399 2110 526 2187 valeas,
554 2117 586 2175 et
608 2109 637 2175 si
660 2109 737 2193 quid
761 2109 834 2176 stilo
857 2109 1033 2179 adieceris.
1068 2129 1139 2175 cum
1162 2108 1316 2176 mediocri
1337 2109 1445 2176 iudice
1468 2110 1526 2175 sed
1548 2129 1611 2175 non
1633 2108 1760 2194 ingrato
1783 2112 1850 2177 lco-

224 2220 290 2279 tore
312 2211 481 2298 participa.

900 2486 1014 2553 XXIII
1044 2508 1075 2553 a.
1095 2491 1169 2552 396.

860 2641 919 2705 AD
942 2641 1210 2706 MARCIANVM.
1876 2647 1911 2705 H

310 2816 397 2881 Deos
427 2835 498 2893 oro,
530 2821 565 2878 ut
593 2833 675 2897 qnae
704 2813 782 2877 mihi
809 2812 935 2877 interim
958 2812 1110 2878 valetudo
1134 2819 1198 2891 est,
1232 2814 1347 2879 cadem
1369 2813 1427 2879 tibi
1449 2834 1489 2880 ac
1511 2814 1574 2879 tuis
1597 2822 1757 2899 suppetat.
1805 2814 1854 2879 vi-

227 2919 302 2984 deor
324 2918 420 3003 plene
443 2916 503 2981 hoc
525 2916 707 2998 anteloquio
730 2915 902 2981 scribenda
924 2917 1118 3000 conplexus,
1152 2915 1193 2982 dc
1215 2924 1271 2982 tua
1293 2917 1431 2983 sanitate
1455 2925 1580 2999 votum,
1614 2917 1654 2983 de
1677 2938 1750 2982 mea
1772 2937 1854 3000 gau-

227 3022 325 3087 dium.
372 3020 431 3085 sed
460 3020 616 3103 epistulas
646 3020 759 3084 breves
789 3038 860 3085 esse
883 3039 947 3084 non
970 3020 1101 3103 pateris.
1150 3039 1232 3103 quae
1254 3019 1353 3103 igitur
1376 3017 1518 3093 ὑπόθεσις
1540 3021 1601 3086 erit
1622 3020 1761 3105 paginae
1783 3020 1854 3085 lon-

226 3123 346 3208 gioris?
367 3123 423 3188 ubi
445 3123 525 3205 sim,
551 3123 630 3206 quid
652 3122 772 3205 egerim
795 3159 837 3170 -
859 3143 934 3188 nam
957 3123 1129 3208 praecipue
1151 3122 1294 3189 amicitia
1316 3143 1420 3188 rerum
1443 3124 1556 3189 talium
1579 3124 1704 3189 curiosa
1726 3130 1777 3188 est
1798 3159 1851 3202 -,

181 3240 209 3283 ²⁰
228 3228 253 3292 si
276 3227 399 3311 placet,
425 3246 612 3312 prosequar.
659 3225 849 3310 principium
872 3228 1072 3311 voluptatum
1096 3226 1138 3292 de
1159 3227 1329 3292 Formiano
1353 3225 1426 3292 sinn
1449 3227 1605 3309 nascitur,
1635 3246 1718 3310 quae
1741 3225 1854 3291 civitas
1878 3230 1897 3289 2

227 3330 388 3413 quondam
410 3331 667 3413 Laestrygonum
699 3329 818 3415 populo
848 3329 948 3394 iertnr
976 3329 1132 3395 habitata.
1180 3330 1238 3394 hos
1267 3329 1370 3394 ventri
1399 3336 1433 3395 et
1460 3331 1558 3414 gulae
1587 3330 1755 3412 usquead
1778 3329 1855 3394 leri-

226 3433 300 3498 tatis
328 3431 486 3498 invidiam
514 3432 654 3515 legimus
684 3431 866 3498 obsecutos.
914 3433 1079 3517 plusculos
1107 3432 1143 3498 in
1172 3453 1211 3498 eo
1238 3432 1331 3498 litore
1354 3432 1424 3497 dies
1447 3432 1505 3498 sed
1528 3432 1717 3499 deliciarum
1740 3451 1856 3516 parcus

227 3536 321 3618 exegi
343 3542 469 3601 tantum
492 3535 575 3599 caeli
598 3534 788 3599 salubritate
811 3542 843 3600 et
864 3556 1018 3617 aquarum
1042 3535 1161 3618 frigore
1185 3535 1396 3601 suadentibus
1418 3556 1551 3600 moram.
1590 3535 1763 3601 adfuerunt
1785 3535 1856 3618 pig-

227 3658 304 3703 nora
332 3659 421 3720 mea,
455 3657 587 3721 quorum
618 3637 751 3722 cupiens
780 3644 888 3702 nostra
917 3638 995 3703 urbe
1025 3658 1256 3724 processeram.
1303 3658 1363 3704 nec
1391 3638 1452 3704 fuit
1481 3659 1599 3724 operae
1627 3659 1701 3704 mox
1724 3638 1857 3703 ulterius

181 3756 209 3798 ²⁵
227 3741 287 3807 iter
308 3740 456 3823 adgredi,
482 3761 554 3806 cum
577 3748 706 3824 praesto
730 3747 839 3806 essent
862 3740 1047 3807 desiderati.
1094 3742 1222 3807 illorum
1246 3741 1362 3807 dehinc
1384 3742 1538 3807 arbitratu
1561 3741 1627 3824 legi
1648 3762 1748 3822 oram,
1774 3762 1857 3824 quae
1881 3745 1900 3805 3

228 3844 373 3911 Formias
403 3851 435 3909 et
457 3845 635 3910 Cumanum
666 3844 742 3908 litus
771 3844 947 3909 interiacet.
995 3864 1079 3909 nune
1110 3845 1228 3910 mutuis
1258 3845 1502 3910 invitationibus
1525 3845 1636 3910 autin
1660 3844 1780 3909 Baulos
1802 3850 1859 3909 aut

227 3947 261 4012 in
283 3947 472 4012 Nicomachi
495 3946 647 4011 Gaurana
675 3946 863 4030 migramus.
910 3947 1085 4013 amicorum
1117 3947 1253 4013 subinde
1282 3947 1362 4012 mihi
1392 3947 1603 4013 adfluentium
1632 3947 1765 4030 largiter
1794 3954 1854 4012 est.

227 4071 289 4115 non
312 4069 441 4132 vereor,
474 4070 515 4115 ne
537 4070 588 4114 me
611 4050 761 4115 lascivire
782 4050 816 4115 in
838 4056 928 4115 tanta
951 4050 1092 4116 locorum
1115 4051 1309 4117 amoenitate
1332 4057 1365 4116 et
1386 4070 1491 4116 rerum
1514 4050 1608 4135 copia
1631 4057 1737 4135 putes.
1786 4049 1857 4115 uhi·
1944 4061 1949 4068 ’

315 4328 330 4377 2
349 4327 390 4376 Ad
410 4324 594 4393 Andronicum]
613 4327 642 4389 P,
662 4329 694 4376 ad
711 4328 862 4376 Mattianum
884 4328 948 4389 (II),
970 4328 1135 4387 Symmachus
1153 4328 1295 4377 Andronico
1314 4327 1343 4389 Γ,
1364 4344 1413 4378 om.
1434 4330 1456 4375 F
1572 4330 1586 4376 ‘a
1605 4329 1731 4391 cecroprIa
1749 4327 1794 4375 Pl
1810 4343 1855 4389 oa,

229 4415 341 4476 cecropia
360 4412 464 4474 Pam,
485 4415 599 4474 eycropia
618 4410 653 4459 F³
802 4414 892 4461 latialia
912 4412 955 4477 Pl,
983 4415 1061 4462 latlna
1079 4412 1116 4461 P3
1266 4428 1312 4462 rrae
1332 4413 1427 4464 Pam.
1578 4410 1668 4480 aequa]
1686 4428 1805 4475 umquam
1824 4410 1859 4460 Pi

229 4499 244 4548 l
263 4501 349 4547 munla
368 4496 405 4545 s2
519 4499 618 4548 litteras
637 4498 660 4545 P
673 4503 685 4547 l
697 4515 732 4547 m.
850 4500 896 4550 hoc
914 4498 953 4547 Ν
1072 4501 1087 4548 5
1105 4501 1218 4548 dedisses
1238 4498 1275 4546 11⁴³
1392 4507 1420 4548 tn
1440 4501 1502 4548 mibi
1521 4508 1549 4549 nt
1569 4497 1810 4562 (ntem.F²1m.]
1832 4514 1859 4547 es

230 4586 361 4633 amicorum
379 4585 487 4646 diligens
506 4587 529 4633 P
630 4586 792 4634 blbllotaecac
810 4585 834 4633 P
934 4587 950 4635 6
968 4601 1012 4648 pru
1031 4587 1076 4635 hoo
1094 4582 1211 4652 dignum]
1228 4585 1257 4647 P,
1278 4587 1309 4634 ds
1328 4588 1374 4635 hoc
1391 4587 1495 4646 dignum
1509 4584 1556 4647 F2,
1576 4587 1607 4634 de
1625 4586 1670 4633 hac
1689 4586 1792 4645 dignum
1808 4583 1855 4644 F1,

230 4671 333 4734 dignum
353 4685 395 4733 pro
414 4671 459 4720 hoc
478 4670 516 4718 Fi
655 4670 668 4719 l
688 4686 745 4720 cum
762 4675 820 4720 ueste
838 4673 925 4721 tenuis
944 4676 1019 4722 iasar.
1041 4668 1080 4719 F³
1218 4669 1363 4724 Iracundiae
1382 4672 1409 4732 P,
1431 4672 1549 4720 lacurrdla
1569 4672 1590 4718 P
1718 4671 1820 4732 iugenio
1840 4672 1863 4718 P

231 4756 289 4806 Set
306 4771 458 4820 quamquam
474 4783 510 4792 -
528 4758 544 4806 9
563 4772 619 4806 nam
638 4763 665 4806 et
682 4771 731 4807 om.
752 4759 775 4805 P
930 4756 1073 4819 publicabo!
1093 4758 1116 4805 P
1269 4757 1286 4807 9
1304 4759 1423 4806 uenimus
1441 4759 1571 4806 homerum
1591 4756 1635 4821 Pl,
1657 4758 1774 4806 nouimus
1793 4757 1859 4805 hunc

230 4857 300 4892 erum
318 4841 364 4904 1¹²,
384 4845 445 4892 noui
463 4843 591 4892 homerum
611 4841 650 4890 F³
768 4842 798 4892 10
816 4850 929 4892 carerem
948 4841 985 4891 ΡΒ
1092 4846 1165 4906 llama
1183 4846 1302 4893 bonerum
1320 4846 1430 4892 uirorum
1450 4841 1488 4890 F2
1591 4845 1751 4895 celebritates
1769 4845 1790 4891 si
1809 4857 1857 4891 uon

230 4931 367 4979 minoribus
379 4934 544 4978 contestatum
557 4934 626 4977 essct
639 4925 676 4975 ΡΒ
782 4927 810 4977 11
831 4929 952 4991 quidone
967 4928 1006 4977 Pi
1104 4931 1149 4979 boc
1162 4927 1201 4978 Fi
1300 4931 1426 4979 breuitate
1440 4929 1462 4976 P
1476 4934 1487 4978 1
1500 4945 1534 4980 m.
1643 4929 1675 4980 12
1693 4943 1752 4979 ourc
1766 4925 1825 4976 PM

230 5011 270 5082 ut]
286 5022 371 5064 antem
390 5012 427 5063 Pl
530 5015 637 5063 adlccris
656 5012 693 5061 Fi
797 5016 921 5075 integrato
939 5013 977 5062 F²
1083 5015 1113 5064 13
1132 5017 1190 5064 nale
1207 5015 1265 5064 add.
1280 5014 1345 5063 W

318 5100 1039 5162 lineumpersuatiuPhuiuaeptatulaeatsihuec:
1069 5101 1389 5153 lida...dem...
1412 5102 1443 5152 18
1463 5102 1856 5164 hirminonem...

233 5188 263 5237 la
281 5189 374 5249 egerim
393 5202 409 5235 ιι
429 5223 435 5235 .
453 5222 459 5236 .
476 5225 482 5236 .
502 5188 592 5236 talium
616 5187 684 5235 eurio
704 5222 709 5234 .
726 5224 732 5235 .
750 5222 757 5235 .
778 5185 810 5235 20
829 5187 982 5250 prIucipium
1006 5201 1023 5236 ιι
1117 5189 1175 5236 siun
1200 5190 1312 5237 assuitur
1334 5204 1367 5250 qu
1388 5226 1393 5237 .
1412 5227 1417 5239 .
1435 5226 1441 5238 .
1461 5188 1492 5239 21
1513 5191 1685 5253 lestrygouum
1708 5188 1784 5249 popul
1805 5224 1810 5234 .
1828 5223 1856 5236 ..

230 5275 275 5322 hos
300 5274 384 5321 uentu
410 5279 436 5321 et
458 5274 531 5334 gulae
552 5309 557 5321 .
575 5308 581 5321 .
599 5308 605 5321 .
625 5272 659 5322 22
677 5272 801 5320 inuidiam
820 5273 927 5334 legimns
946 5276 990 5322 obs
1009 5310 1016 5323 .
1033 5309 1062 5323 ..
1084 5275 1109 5321 in
1129 5288 1157 5323 eo
1174 5301 1210 5309 -
1228 5273 1273 5322 sed
1291 5274 1331 5322 del
1351 5309 1357 5322 .
1375 5311 1403 5324 ..
1424 5274 1457 5324 23
1476 5275 1549 5335 exegi
1567 5300 1601 5309 —
1620 5274 1674 5321 salu
1767 5277 1796 5320 rr'r
1814 5274 1859 5322 lrl-

230 5375 288 5420 gers
306 5358 450 5420 sedentib,
474 5395 526 5408 ...
548 5360 649 5422 pignora
667 5372 721 5406 mea
739 5362 819 5419 quorr‘r
838 5374 868 5408 cu
890 5395 944 5409 ...
965 5359 997 5409 21
1015 5374 1184 5424 processeram
1202 5374 1248 5408 nac
1266 5361 1317 5409 luit
1335 5376 1349 5408 ο
1369 5398 1374 5408 .
1392 5396 1420 5410 ..
1442 5360 1474 5410 25
1493 5362 1541 5408 lter
1558 5360 1659 5420 adgredi
1672 5362 1703 5407 cir
1715 5365 1786 5422 preat
1805 5396 1810 5408 .
1827 5395 1854 5409 ..

230 5445 1859 5509 tlillorum—arbitr...quae—litustut...p.2221...agimus...umus2...laincon...en·

231 5534 291 5580 tatto
310 5568 316 5579 .
333 5567 339 5580 .
357 5567 362 5578 .
382 5533 433 5579 end
450 5545 565 5593 procaces
583 5531 599 5580 3
619 5567 625 5578 .
643 5566 650 5579 .
666 5567 673 5579 .
692 5532 723 5580 ee
741 5526 872 5581 irrluxdria
892 5532 963 5593 (corr.
979 5534 1050 5595 dm.)
1184 5532 1214 5581 15
1233 5532 1272 5580 Ad
1291 5532 1443 5581 Mattianum
1460 5531 1615 5593 praecedenti
1632 5533 1752 5593 ephtulue
1767 5546 1859 5592 propo·

231 5616 335 5679 nillil)
350 5618 419 5664 itlius
432 5619 590 5678 maariptloae
605 5617 765 5679 (Andronico)
779 5619 807 5665 ta
818 5617 880 5665 hmrc
892 5618 1023 5680 translatu,
1045 5619 1209 5677 Symmachus
1221 5618 1344 5666 Marciano
1359 5617 1403 5682 (Γ)
1512 5617 1540 5665 17
1560 5618 1591 5666 de
1610 5632 1665 5666 mea
1682 5613 1857 5684 gandiumJF,

231 5702 262 5750 de
280 5717 320 5750 me
337 5717 365 5750 ac
383 5704 494 5751 studium
516 5703 568 5765 (Π)
694 5701 724 5751 18
742 5698 845 5769 breues]
867 5704 930 5766 (H),
950 5700 1026 5770 slsuis
1045 5704 1068 5751 P
1181 5703 1215 5753 22
1233 5699 1289 5770 sed]
1308 5702 1388 5765 HF),
1409 5703 1526 5766 om.(11l
1645 5702 1678 5753 23
1696 5699 1807 5771 mutum]
1827 5702 1856 5767 P,

232 5794 328 5837 tanum
348 5787 399 5851 (ΙΙ)
506 5789 538 5840 27
558 5789 714 5838 nichomachi
734 5789 787 5851 (HJ
