4736 6478
948 523 1062 582 musa
1079 521 1145 584 un.
1796 522 1852 588 12¹

235 716 368 784 tentiam
392 716 433 783 de
455 715 523 782 illis
546 716 652 800 gentis
674 721 804 799 togatae
826 716 933 781 adhuc
954 716 1175 801 expectatione
1195 715 1310 781 iudicii
1332 713 1378 781 tui
1400 713 1542 800 pendeo;
1572 713 1658 797 quod
1680 706 1760 778 volo'
1773 713 1861 778 iura·
1883 710 1990 777 PVM

236 828 286 888 tus
309 822 444 903 emittas,
470 821 547 904 quia
568 819 716 885 convenit
738 818 851 885 vinciri
873 826 1072 886 sacramento
1094 818 1200 903 iidem,
1227 819 1254 884 si
1277 818 1406 903 quando
1426 818 1569 884 amicitia
1589 818 1622 882 iu
1646 817 1859 903 suspicionem

237 926 324 990 uenit
345 925 481 1009 gratiae.

262 1247 270 1261 ,
923 1183 1169 1269 nxvqnxvq.

206 1345 218 1385 ι
861 1320 1232 1386 neumnensium.
1270 1280 1273 1285 ’

323 1493 516 1560 Iamdudum
538 1494 571 1559 in
593 1493 816 1578 expectatione
831 1514 918 1559 eram
942 1494 1119 1559 litterarum
1142 1501 1268 1589 tuarum
1290 1493 1430 1558 incertus
1445 1492 1554 1571 animi,
1580 1491 1657 1575 quid
1680 1491 1742 1558 sibi
1764 1491 1864 1558 vellet

238 1606 304 1665 um
327 1599 427 1682 longa
448 1598 597 1683 cessatio,
623 1596 683 1664 sed
705 1597 760 1664 ubi
783 1604 961 1682 compotem
984 1596 1158 1663 desiderati
1181 1618 1227 1661 ore
1248 1598 1390 1663 muneris
1412 1595 1589 1677 reddidisti,
1616 1616 1692 1662 cura
1714 1596 1809 1661 vetut
1829 1596 1862 1660 in

238 1702 406 1786 gaudium.
454 1709 486 1768 et
508 1721 621 1768 revera
642 1702 689 1767 ita
710 1708 826 1767 natura
848 1708 974 1785 partum
997 1708 1057 1781 est,
1084 1707 1119 1766 ut
1140 1701 1273 1786 expetiti
1296 1700 1351 1766 diu
1374 1699 1471 1764 oflicii
1493 1700 1639 1782 querella
1660 1699 1808 1778 decedat,
1834 1698 1863 1763 si

238 1805 399 1889 potiamur
419 1810 539 1889 optato.
587 1824 664 1888 ergo
687 1824 803 1887 magno
825 1804 962 1888 inpensu
985 1804 1144 1887 gratulor,
1175 1804 1366 1888 integratum
1390 1803 1468 1868 mibi
1491 1821 1562 1868 esse
1591 1802 1863 1888 pignus-religio-

194 1929 220 1969 ιι
240 1907 301 1972 nis.
347 1907 544 1992 praestabis,
578 1928 618 1972 ne
640 1907 735 1972 buius
757 1907 916 1993 opinionis
938 1907 1056 1972 frustra
1078 1908 1155 1987 sim,
1182 1927 1253 1972 oum
1276 1906 1476 1989 diligentiam
1499 1906 1562 1971 mei
1585 1905 1733 1971 continuo
1755 1925 1863 1970 amore

239 2029 429 2076 servaveris.

848 2358 920 2431 AD
948 2355 1249 2433 EVSIGNIVM.

792 2527 896 2592 vas
916 2528 1055 2612 (LXVII)
1097 2533 1171 2592 ante
1187 2547 1217 2591 a.
1237 2529 1310 2591 388.

328 2699 465 2781 Videro,
500 2699 577 2782 quid
598 2698 721 2765 iustitia
743 2706 939 2785 temporum,
972 2699 1049 2782 quid
1072 2719 1192 2765 causae
1214 2706 1341 2765 nostrae
1364 2697 1508 2779 boullae,
1540 2698 1619 2783 quid
1641 2718 1717 2763 cura
1738 2706 1811 2779 tua,
1838 2697 1866 2763 si

195 2826 223 2866 rs
240 2809 347 2868 tamen
369 2801 427 2867 tibi
450 2803 538 2869 cordi
561 2810 642 2884 sum,
668 2804 769 2889 possit
791 2802 929 2870 efficere.
970 2823 1031 2888 ego
1053 2804 1087 2868 in
1109 2803 1207 2869 fratre
1230 2823 1301 2869 meo
1319 2802 1460 2869 Eusebio
1483 2824 1510 2868 c.
1529 2825 1560 2868 v.
1586 2811 1694 2869 votum
1718 2810 1864 2869 servatae

242 2905 326 2971 circa
349 2926 406 2971 nos
428 2906 656 2974 moderationis
678 2909 852 2993 amplector
874 2908 1007 2991 eiusque
1031 2906 1222 2992 probitatem
1244 2914 1351 2973 mente
1374 2908 1461 2988 colo,
1496 2927 1641 2973 sermone
1664 2906 1863 2972 commendo.

242 3021 275 3075 et
296 3010 372 3076 licet
398 3009 455 3076 ille
478 3010 553 3077 boni
575 3011 728 3096 propositi
757 3011 934 3097 praemium
956 3033 1019 3076 non
1042 3011 1198 3094 requirat,
1233 3031 1292 3076 nos
1314 3017 1421 3076 tamen
1450 3011 1480 3076 ei
1502 3012 1670 3078 honestam
1700 3011 1803 3076 vicem
1826 3008 1866 3074 de

243 3121 299 3179 tua
321 3113 463 3180 amicitia
484 3121 631 3198 optamus
653 3115 833 3181 exsolvere.
879 3114 995 3181 feceris
1018 3136 1084 3181 rem
1110 3122 1176 3181 tam
1198 3135 1292 3181 meae
1314 3115 1470 3180 voluntati
1499 3121 1662 3199 acceptam
1685 3134 1781 3197 quam
1803 3112 1867 3178 tuis

244 3217 383 3283 moribus
405 3225 674 3299 consentaneam,
708 3218 736 3283 si
758 3217 906 3284 advertat
929 3218 977 3282 vir
1006 3218 1292 3303 prudentissimus,
1325 3217 1481 3302 quidquid
1509 3218 1587 3282 mihi
1617 3217 1742 3295 tribuit,
1775 3215 1809 3281 id
1832 3235 1867 3280 se

196 3322 382 3387 nomnium
405 3321 559 3389 bonorum
581 3321 705 3405 gratiae
728 3323 895 3389 detulisse.

771 3596 892 3663 nxvn
915 3597 1070 3682 (uxum)
1108 3618 1139 3663 a.
1159 3599 1340 3663 ast-ssu.

891 3734 949 3799 nn
972 3734 1220 3801 nvsmmvu.

330 3907 372 3972 nt
393 3912 571 3992 temporum
593 3906 782 3972 clementiae
805 3906 950 3990 congruit
971 3914 1004 3971 et
1025 3914 1137 3972 sancto
1158 3881 1289 3991 ingenio
1317 3914 1372 3972 tuo
1395 3906 1555 3974 familiare
1577 3912 1627 3973 est
1648 3906 1719 3993 opis
1741 3905 1869 3989 indigos

247 4011 427 4077 sublevare.
474 4010 549 4076 hine
570 4010 649 4076 mibi
670 4009 791 4076 fiducia
812 4011 922 4076 oborta
951 4016 1001 4076 est
1026 4031 1083 4096 pro
1106 4011 1202 4077 fratre
1227 4018 1332 4077 nostro
1356 4010 1544 4078 Stemmatio
1566 4010 1784 4097 supplicandi,
1818 4010 1869 4075 cui

200 4136 230 4177 rr
248 4113 367 4180 dudum
391 4121 505 4180 cuncta
526 4113 665 4199 dempsit
693 4113 817 4181 invidia
838 4113 984 4180 fortunae
1007 4120 1134 4200 praeter
1154 4136 1296 4181 amorem
1319 4116 1483 4182 bonorum.
1531 4116 1742 4198 nequeenim
1765 4120 1872 4200 potest

247 4217 378 4301 ambigi,
404 4217 482 4301 quid
504 4217 545 4284 de
567 4218 687 4303 optimo
709 4236 835 4301 quoque
858 4226 1027 4299 mereatur,
1053 4218 1109 4300 qui
1129 4239 1232 4303 nuper
1253 4240 1274 4284 a
1295 4218 1493 4303 principibus
1514 4218 1653 4300 invictis,
1679 4238 1720 4284 ne
1742 4238 1799 4301 per
1821 4218 1871 4283 in-

246 4320 446 4405 dulgentiam
476 4320 683 4403 liberaretur,
718 4320 839 4387 accitus
861 4329 911 4387 est
933 4322 1099 4407 magisque
1122 4323 1240 4389 honore
1262 4343 1358 4406 quam
1381 4322 1477 4388 venia
1499 4321 1599 4388 iatum
1622 4322 1713 4388 triste
1736 4321 1872 4387 mutavit

247 4445 306 4492 nec
326 4430 394 4491 tarn
417 4431 546 4511 ereptus
568 4431 619 4491 est
640 4445 737 4507 quam
759 4423 972 4491 desideratus.
1013 4426 1099 4493 unde
1121 4446 1198 4513 spes
1214 4433 1301 4493 certa
1323 4434 1383 4509 est,
1409 4425 1506 4492 etiam
1528 4426 1704 4512 principem
1728 4431 1869 4490 nostrum
1894 4432 1912 4490 2

123 4531 126 4535 ’
247 4529 378 4595 lenitate
394 4528 611 4595 venerabilem
633 4527 710 4595 iusti
733 4529 876 4614 parentis
898 4537 931 4594 et
952 4529 998 4616 pii
1020 4529 1127 4597 fratris
1149 4532 1300 4617 exemplo
1322 4531 1547 4617 supplementa
1568 4531 1703 4595 meliora
1724 4529 1870 4595 fortunae

201 4658 229 4698 ar
247 4633 318 4699 eius
341 4632 506 4713 daturum,
539 4631 684 4698 simodo
711 4638 819 4699 vestm
847 4633 1020 4700 insinuatio
1046 4633 1136 4701 iuvet
1164 4636 1315 4703 exhausti
1337 4634 1494 4702 senatoris
1516 4641 1651 4700 oratum.
1699 4632 1762 4697 duo
1785 4631 1870 4698 enim

247 4735 336 4802 iactu
373 4735 484 4801 facilia
518 4735 576 4801 sed
610 4735 657 4825 ad
692 4735 827 4819 gloriam
856 4736 1051 4822 praestantis
1079 4752 1199 4822 magna
1226 4739 1384 4825 deposcit,
1423 4737 1515 4804 reddi
1548 4736 1656 4803 curiae
1688 4735 1871 4802 testimonio

248 4859 340 4906 sacro
362 4846 397 4906 et
417 4839 660 4925 recuperatione
678 4840 794 4906 modici
816 4840 942 4925 argenti
964 4842 1006 4907 ab
1029 4840 1137 4926 inopia
1151 4842 1321 4908 vindicari.
1361 4842 1442 4908 haec
1463 4849 1499 4907 ut
1520 4840 1611 4906 lavor
1631 4847 1706 4905 tuus
1720 4839 1872 4904 aliorum-

248 4962 310 5027 que
332 4942 532 5027 optimaln'um
554 4949 587 5008 te
609 4943 756 5009 hortante
785 4952 987 5028 promoveat,
1019 4944 1154 5011 interest
1182 4946 1258 5011 boni
1288 4945 1428 5025 saeculi,
1461 4945 1511 5010 cui
1540 4943 1668 5009 laudem
1699 4961 1871 5027 perennem

248 5047 303 5129 pia
324 5043 411 5111 iacta
432 5045 611 5111 conciliant.

335 5322 483 5393 tentetur]
501 5326 610 5385 Iuratus,
629 5326 729 5374 omittas
748 5324 823 5374 PVM
924 5325 1060 5375 suenone
1077 5326 1113 5390 Μ,
1132 5327 1296 5377 conuenltl'
1397 5329 1490 5389 gratiae
1507 5343 1555 5376 om.
1577 5325 1606 5374 M

337 5414 417 5460 bom.
438 5410 487 5459 VM
589 5411 603 5460 7
624 5409 675 5478 me]
692 5425 744 5475 apo,
764 5425 813 5461 om.
829 5410 897 5460 Pus*
996 5415 1105 5462 uertitur
1128 5415 1154 5476 V,
1174 5429 1248 5464 uersa
1266 5420 1305 5462 est
1323 5412 1352 5461 M

338 5497 369 5547 12
388 5499 471 5562 expllt
489 5498 520 5545 ad
539 5500 662 5560 eupraxia
684 5498 736 5562 (sla)
757 5511 808 5546 v111
825 5499 1067 5561 indedeuslgnlum
1081 5500 1109 5561 P,
1131 5516 1180 5551 em.
1200 5502 1242 5548 ΥΡ
1347 5500 1378 5551 14
1397 5500 1523 5549 uidebol'
1626 5498 1656 5547 15
1675 5494 1772 5565 tamen]
1790 5497 1876 5547 niul?

162 5604 170 5615 ·
252 5583 283 5634 18
301 5585 419 5633 twlesl'
523 5583 554 5635 19
572 5585 632 5633 mlbl
651 5581 754 5652 tribuit]
771 5588 835 5636 bena
852 5586 915 5636 iacit
932 5586 955 5633 F

337 5670 370 5720 22
388 5685 437 5720 om.
458 5671 500 5720 VF
596 5669 628 5720 23
646 5668 806 5734 ludlgitos·P
902 5672 935 5722 24
954 5670 1048 5739 norbo]
1065 5674 1157 5721 meol'
1248 5672 1281 5722 25
1297 5674 1388 5721 demelt
1407 5674 1500 5722 le.
1597 5672 1630 5724 28
1648 5669 1771 5738 nostrrrm]
1786 5669 1840 5739 nm
1853 5671 1876 5717 P

253 5759 285 5809 29
303 5742 474 5822 suppliments
494 5759 539 5808 Pl
553 5774 586 5808 m.
612 5756 679 5807 VPb)
818 5760 913 5809 meliori
932 5762 1044 5810 iununae
1062 5761 1123 5810 soa
1261 5759 1293 5809 32
1312 5766 1342 5808 ut
1359 5774 1408 5810 om.
1425 5762 1446 5807 F
1582 5762 1613 5810 33
1632 5762 1800 5823 optimatunm
1821 5761 1841 5807 V

253 5843 305 5914 eal]
323 5848 429 5907 laetius,
449 5846 488 5895 tul
507 5845 575 5895 PVF
675 5845 902 5895 sternumenta

331 5948 356 6000 Q
372 5948 485 5990 Διιιιιιο
499 5947 644 5990 Srrrrucnvr.
978 5950 979 5953 ’
1637 5951 1668 6002 16
