4744 6476
834 507 1109 571 (urlsuvuuuvu
1128 510 1199 564 LIB.
1220 510 1267 573 X).
1801 512 1863 574 307

242 704 328 763 strae
350 697 448 763 totius
470 697 556 762 orbis
578 698 717 781 negotiis
739 706 914 783 occupatae
937 709 965 762 et
986 702 1036 762 cui
1057 701 1121 763 idco
1144 702 1224 763 inter
1245 702 1341 762 multa
1364 720 1513 763 carorum
1528 702 1701 761 summatim
1716 701 1865 762 aestualia
1891 701 1959 763 TM
1962 704 1987 761 Γ

241 802 405 864 tractanda
434 811 523 883 sunt,
556 801 680 866 litteras
709 801 777 867 diri
799 802 978 869 Constantii
1001 803 1046 867 ita
1069 822 1141 868 esse
1164 807 1354 885 suggestas,
1387 809 1423 866 ut
1445 800 1648 867 comminatio
1670 801 1730 867 sub
1753 801 1864 867 condi-

241 904 331 970 cione
362 903 550 989 deprompta
577 905 680 970 instar
707 905 873 970 cuiusdam
905 905 1004 971 debiti
1033 904 1216 984 duceretur;
1250 905 1368 971 dehinc
1396 905 1526 970 tacitum
1556 905 1695 989 quodam
1722 926 1798 972 casu
1823 908 1864 972 de

241 1027 280 1073 ea
308 1013 398 1093 parte
427 1007 590 1091 rescripti,
624 1029 706 1091 quae
735 1009 865 1074 tenebat
886 1008 1044 1091 cilicium,
1077 1016 1113 1074 ut
1135 1028 1273 1092 persona
1294 1008 1411 1074 iudicis
1433 1016 1596 1090 tamquam
1619 1009 1712 1075 vilior
1733 1011 1865 1095 appari-

209 1119 343 1175 storum
371 1130 500 1176 suornm
527 1111 708 1194 inpunitate
729 1119 942 1197 premeretur,
979 1112 1073 1178 tertio
1101 1111 1187 1196 quod
1215 1133 1255 1177 ea
1283 1132 1408 1177 summa
1437 1109 1629 1194 solidorum,
1662 1134 1759 1196 qnam
1789 1117 1907 1198 cog-3

240 1214 319 1279 nitio
351 1221 384 1279 et
405 1213 519 1279 relatio
541 1213 601 1279 viri
622 1214 767 1279 inlustris
790 1214 967 1280 decessoris
990 1214 1053 1281 mei
1076 1236 1116 1281 ex
1139 1216 1259 1280 maiore
1281 1222 1373 1299 parte
1396 1215 1533 1280 solutam
1556 1216 1704 1299 probavit
1725 1218 1861 1299 aerario,

239 1324 402 1399 tamquam
436 1316 546 1382 debita
579 1323 611 1382 et
642 1317 764 1382 intacta
797 1317 989 1402 deposcitur.
1042 1338 1182 1401 namque
1215 1336 1252 1383 ru
1282 1317 1373 1382 milia
1405 1334 1571 1383 ccccxnvr
1599 1317 1719 1383 solidos
1753 1338 1793 1384 ex
1826 1340 1865 1385 eo

240 1440 335 1502 anno,
361 1419 416 1502 qui
433 1419 538 1503 Sergii
561 1426 594 1485 ct
607 1419 788 1504 Nigriniani
811 1420 955 1503 sequitur
977 1421 1188 1501 consulatum,
1215 1420 1315 1486 sacris
1338 1420 1515 1487 accessisse
1537 1421 1697 1487 thesauris
1719 1428 1752 1487 et
1770 1443 1866 1507 prae-

241 1522 382 1590 fecturae
412 1522 576 1605 inquisitio
606 1530 638 1589 et
667 1522 883 1589 discussorum
914 1523 1039 1590 litterae
1069 1531 1102 1589 et
1123 1545 1155 1588 v.
1180 1545 1209 1589 e.
1236 1521 1413 1589 decessoris
1442 1524 1505 1588 mei
1536 1523 1654 1609 scripta
1676 1524 1862 1591 docuerunt.

192 1645 221 1687 rc
241 1629 324 1693 inter
354 1626 434 1692 haec
462 1626 561 1707 igitur
588 1631 653 1713 tam
683 1627 785 1692 multa
813 1625 924 1691 valida
950 1626 1047 1692 iidem
1070 1626 1261 1692 clementiae
1283 1633 1409 1692 vestrae
1432 1625 1573 1692 debitam
1596 1627 1723 1694 silentio
1745 1629 1866 1694 violare
1890 1633 1906 1691 4

241 1751 303 1796 nou
325 1728 431 1815 potui,
465 1750 536 1794 curn
567 1736 710 1795 vestrum
740 1749 867 1813 quoque
895 1749 1013 1794 numen
1035 1729 1234 1795 adverterem
1258 1730 1354 1795 solita
1375 1729 1523 1794 cautione
1544 1749 1648 1812 neque
1670 1730 1786 1795 iudicis
1809 1753 1867 1797 no-

241 1854 314 1898 men
337 1833 485 1916 signasse
508 1832 662 1917 rescripto
685 1840 717 1899 et
738 1832 937 1913 aestimasse,
963 1832 1049 1915 quod
1072 1832 1311 1899 conveniendus
1333 1833 1405 1898 luce
1428 1832 1596 1899 imeretur.
1643 1853 1717 1897 uam
1739 1834 1868 1917 quando

242 1935 413 2002 clementia
441 1943 550 2001 vestra
578 1935 643 2000 vim
672 1935 791 2001 veteris
820 1936 1074 2002 comminationis
1104 1937 1137 2001 iu
1158 1942 1315 2001 mortuum
1338 1935 1544 2014 tetendisset,
1576 1956 1647 2000 eum
1671 1936 1768 2002 etiam
1791 1957 1867 2019 gra-

241 2039 328 2104 vium
358 2058 512 2105 noxarum
541 2059 647 2123 poena
677 2038 740 2104 fine
770 2039 856 2104 vitae
886 2040 1053 2104 solvatur?
1089 2047 1123 2104 at
1151 2059 1227 2104 vero
1257 2039 1317 2105 istc
1347 2046 1449 2104 terror
1476 2037 1542 2103 divi
1571 2038 1724 2123 principis
1753 2038 1867 2105 litteris

193 2160 223 2200 rs
242 2143 479 2227 conprehensus
506 2164 547 2208 ne
576 2143 737 2208 viventem
767 2141 897 2225 quidem
927 2150 1036 2227 posset
1065 2162 1197 2227 urgere;
1231 2142 1345 2225 gravia
1367 2143 1452 2208 enim
1475 2141 1628 2207 subiectis
1651 2161 1750 2228 saepe
1772 2144 1867 2208 mini-

242 2245 358 2310 tamini
379 2245 516 2311 acuendi
539 2245 645 2330 potius
669 2246 775 2312 studio
798 2266 894 2329 quam
917 2246 1065 2312 nocendi.
1112 2245 1171 2311 hoc
1194 2247 1291 2311 etiam
1315 2246 1408 2311 divus
1430 2246 1554 2330 genitor
1575 2252 1649 2311 tuus
1671 2247 1705 2312 in
1727 2248 1866 2313 omnium

242 2369 372 2433 semper¹
397 2350 513 2414 animis
541 2356 573 2415 et
603 2370 657 2414 ore
680 2350 820 2416 victurus
843 2350 897 2434 pia
920 2351 993 2432 lege
1016 2349 1193 2431 consumit,
1227 2349 1284 2431 qui
1306 2349 1483 2415 sententias
1504 2370 1631 2432 quoque
1653 2350 1713 2415 sub
1737 2351 1868 2415 commi-

242 2452 370 2518 natione
393 2451 599 2538 depromptas
622 2455 737 2519 effectu
760 2460 856 2536 atque
879 2453 1084 2519 exsecutione
1107 2453 1267 2518 vacuavit.
1315 2452 1398 2518 hane
1419 2472 1494 2518 vern
1517 2452 1745 2533 condicionem,
1771 2475 1866 2537 quam
1890 2461 1909 2519 5

242 2554 336 2620 divus
359 2555 565 2621 Constantius
594 2555 713 2621 adiecit
741 2555 856 2621 litteris
886 2556 971 2635 suis,
1005 2555 1106 2620 multa
1126 2575 1211 2638 quae
1233 2562 1305 2640 post
1324 2555 1396 2621 visa
1418 2562 1510 2638 sunt,
1542 2554 1747 2621 subruerunt.
1793 2577 1867 2621 nam

194 2674 224 2716 m
243 2657 356 2723 eodem
385 2658 529 2744 principe
558 2659 665 2724 adhuc
691 2659 797 2723 orbem
821 2665 953 2742 regente
975 2658 1018 2723 ad
1039 2658 1219 2724 Tertullum
1242 2658 1440 2742 praefectum
1461 2658 1532 2725 urbi
1554 2657 1793 2724 memorabilem
1817 2660 1868 2723 vi-

242 2782 311 2826 mm
334 2761 486 2844 migravit
507 2762 648 2843 exactio,
674 2782 758 2844 quae
782 2760 810 2827 si
832 2761 988 2845 hominis,
1015 2783 1077 2828 non
1099 2762 1268 2846 potestatis
1289 2759 1421 2843 fuisset,
1455 2760 1540 2826 circa
1560 2779 1728 2844 personam
1752 2761 1868 2845 prioris

240 2864 355 2930 iudicis
392 2864 549 2949 potuisset
585 2863 736 2943 haerere,
777 2885 836 2931 nec
874 2866 973 2931 multo
1010 2872 1082 2950 post
1118 2872 1261 2949 tempore
1294 2864 1405 2948 inclyti
1439 2863 1558 2929 Iuliani
1590 2863 1764 2929 Maximum
1799 2866 1867 2950 pari

242 2969 361 3033 honore
394 2975 469 3034 tuno
502 2967 682 3052 praeditum
712 2967 796 3033 tituli
825 2967 919 3033 istius
949 2989 1026 3034 cura
1055 2969 1221 3046 eonvenit;
1262 2966 1336 3033 divo
1364 2967 1461 3032 etiarn
1490 2975 1624 3051 parente
1653 2967 1793 3032 numinis
1821 2968 1911 3047 tuiti

243 3072 387 3135 Romana
415 3071 487 3135 iura
516 3076 548 3135 et
577 3070 646 3136 iata
675 3069 859 3136 moderante
888 3071 1063 3155 praefectis
1092 3091 1131 3137 ae
1161 3070 1395 3137 discussoribus
1423 3073 1496 3134 hum
1526 3070 1679 3135 mandata
1704 3070 1869 3154 provincia

194 3189 224 3232 rs
243 3180 292 3238 est
315 3180 347 3238 et
370 3193 428 3258 per
449 3173 537 3238 vices
560 3173 849 3239 administrantium
872 3173 994 3258 publici
1016 3174 1117 3240 debiti
1139 3174 1279 3239 cucurrit
1301 3174 1436 3238 exactio.
1484 3173 1658 3238 novissime
1688 3174 1809 3238 relatus
1834 3173 1868 3238 in

242 3276 365 3341 eaelum
388 3296 561 3359 germanus
584 3276 774 3342 clementiae
797 3285 889 3357 tuae,
921 3297 993 3342 cum
1016 3278 1119 3362 ipsum
1144 3277 1299 3342 Basilinm
1323 3297 1351 3342 e.
1376 3298 1409 3341 v.
1435 3276 1567 3341 haberet
1588 3275 1787 3359 adpositum,
1813 3275 1869 3358 qui

242 3380 386 3464 personis
416 3379 557 3445 iudicum
588 3401 652 3445 non
681 3380 839 3464 pepercit,
877 3380 1108 3465 primiscrinios
1137 3380 1251 3446 urbani
1279 3379 1393 3459 officii,
1432 3399 1567 3461 qnorum
1597 3378 1782 3444 sollicitudo
1811 3399 1870 3462 per

243 3483 462 3548 successiones
491 3482 653 3566 exigenda
682 3490 866 3564 curaverat,
901 3485 954 3550 vel
984 3485 1138 3551 solvendo
1165 3483 1286 3549 nomini
1314 3484 1368 3548 vel
1397 3482 1543 3549 edendae
1573 3482 1687 3548 rationi
1713 3481 1791 3547 iecit
1811 3482 1869 3547 ob

241 3586 365 3652 noxios.
423 3584 532 3668 itaque
566 3607 586 3651 a
619 3606 651 3650 v.
687 3607 714 3652 c.
751 3608 790 3653 ae
823 3588 1048 3672 probatissimo
1082 3587 1196 3653 Anicio
1229 3588 1330 3652 Basso
1363 3592 1396 3652 et
1428 3586 1564 3651 Aventia
1598 3585 1666 3650 viro
1699 3584 1909 3670 spectabili?

195 3689 443 3771 infrequentata
473 3688 611 3772 cognitio
639 3696 671 3754 et
700 3691 836 3756 solutam
865 3691 1017 3757 maiorem
1048 3699 1171 3775 partem
1201 3689 1303 3756 debiti
1333 3688 1545 3775 deprehendit
1570 3696 1604 3755 et
1625 3688 1867 3773 provincialium

242 3792 383 3858 iudicum
405 3792 547 3876 repperit
569 3791 792 3877 sponsionem,
818 3814 883 3877 qua
904 3792 1042 3878 professi
1065 3801 1149 3875 sunt,
1176 3794 1205 3858 si
1228 3794 1385 3858 urbanum
1408 3798 1549 3857 cessaret
1570 3791 1726 3871 efficium,
1754 3811 1812 3874 per
1833 3810 1869 3855 se

242 3895 339 3960 huius
360 3895 445 3961 tituli
466 3895 685 3978 integritatem
707 3917 802 3981 posse
825 3896 946 3962 sarciri.
989 3897 1017 3961 si
1039 3896 1137 3980 igitur
1159 3896 1241 3961 haec
1262 3895 1390 3980 legibus
1413 3894 1626 3976 conferantur,
1652 3893 1870 3978 pronuntiabit

241 3998 416 4064 aeternitas
442 4006 559 4079 vestra,
586 3998 620 4063 in
643 3999 841 4084 professione
863 4019 972 4065 verum
996 4019 1068 4065 esse
1091 4020 1220 4079 nexum,
1246 3999 1279 4063 in
1302 3998 1545 4064 comminatione
1566 4006 1729 4064 terrorem.
1776 3996 1864 4080 quid,

241 4100 327 4184 quod
355 4100 499 4186 proxime
529 4101 687 4186 apparitio
717 4101 870 4186 cogendis
900 4100 1135 4187 provinciarum
1162 4101 1324 4167 iudicibus
1346 4100 1478 4166 admota
1499 4120 1589 4185 spem
1612 4099 1712 4166 debiti
1736 4098 1869 4165 emendi
1896 4170 1924 4181 ..

194 4221 223 4262 ss
241 4204 357 4270 iecisse
380 4204 584 4288 suggeritur?
612 4226 674 4270 non
697 4213 747 4271 est
768 4226 875 4272 meum
897 4205 1004 4271 famae
1025 4205 1149 4271 incerta
1171 4205 1302 4284 sectari,
1330 4203 1471 4270 inveniet
1493 4203 1603 4268 diviua
1624 4201 1778 4268 maiestas
1799 4209 1865 4283 tua,

242 4328 298 4373 cnr
325 4306 401 4373 hnic
430 4307 590 4373 exsedoni
618 4328 735 4393 perpes
763 4328 839 4374 cura
869 4309 1017 4375 deluerit.
1065 4329 1140 4373 nam
1170 4327 1315 4373 socerum
1346 4328 1451 4373 meum
1475 4306 1673 4372 clarissimae
1696 4306 1867 4370 memoriae
1891 4313 1910 4374 8

241 4410 344 4475 virum
367 4409 500 4475 Orfitum
529 4410 609 4495 petit
637 4411 700 4477 ista
729 4411 866 4493 molitio,
901 4411 992 4476 cuius
1019 4410 1156 4476 heredes
1182 4431 1213 4476 v.
1239 4431 1267 4475 c.
1294 4416 1326 4476 et
1347 4409 1491 4475 inlustris
1514 4408 1692 4474 officiorum
1716 4407 1870 4491 magister

241 4512 412 4599 adscripsit
440 4512 556 4579 litteris
586 4512 670 4595 suis,
702 4533 774 4579 cum
803 4521 878 4580 tuae
905 4513 1160 4580 mansuetndinis
1182 4512 1378 4579 verecundia
1399 4513 1522 4578 nullum
1546 4531 1636 4578 sacro
1659 4511 1787 4577 oraculo
1810 4530 1868 4575 no-

331 4687 362 4737 l'l
381 4683 451 4740 uod.
472 4684 580 4739 Theod.
600 4682 686 4739 v1111
705 4687 748 4750 38,
768 4687 793 4741 3.
813 4687 839 4741 4.

331 4945 342 4993 l
363 4951 438 5007 atque
454 4948 503 5007 (sic)
526 4946 580 4994 ideo
599 4946 665 4999 inter
681 4971 717 4980 —
734 4943 749 4991 2
768 4947 895 4993 tractanda
913 4952 974 4994 snut
989 4951 1044 5007 port
1062 4946 1076 4994 ‘l
1096 4947 1188 4994 intacta
1206 4945 1350 5008 deposcitur
1366 4945 1450 4993 conec.
1468 4942 1552 5004 ΤΜΓς
1570 4950 1646 5007 atque
1665 4947 1692 4992 iu
1710 4951 1736 4993 et
1754 4944 1794 4992 cui
1811 4958 1868 4991 mu-

243 5035 295 5079 tuat
312 5036 336 5079 ct
353 5034 494 5093 trossaposut
616 5031 776 5081 ddlcarctur
795 5029 877 5095 Meyer
998 5033 1159 5094 iperaonnm
1181 5029 1230 5079 ΤΜ
1349 5030 1579 5094 bprnedecessorls
1598 5028 1625 5078 Γ
1741 5028 1824 5091 8quo
1842 5027 1870 5076 Μ

243 5117 473 5179 ilpraedecessorls
492 5116 519 5166 Γ
630 5117 661 5166 13
680 5118 796 5177 grauium
815 5119 892 5166 ettam
911 5116 937 5167 Γ
1050 5117 1081 5166 lt
1099 5131 1204 5180 poenam
1223 5119 1298 5165 iurem
1321 5118 1349 5180 T,
1369 5131 1476 5181 menam
1497 5118 1573 5165 tinem
1593 5116 1621 5163 Μ
1734 5130 1801 5163 error
1821 5114 1872 5161 ΤΜ

246 5202 275 5252 l'l
295 5204 446 5251 senteutiam
465 5201 492 5251 Γ
594 5202 624 5252 18
643 5203 814 5265 depromptam
833 5202 860 5252 Γ
959 5203 992 5252 20
1010 5187 1122 5265 praeil'
1225 5204 1294 5252 urbis
1311 5201 1338 5251 Γ
1436 5201 1465 5250 21
1487 5216 1537 5251 uon
1556 5200 1701 5269 potestatis]
1718 5208 1830 5264 potestas
1848 5199 1875 5249 Γ

243 5286 275 5336 22
293 5290 446 5350 oportuisset
466 5288 549 5350 Meyer
652 5290 741 5347 inclyti
760 5286 866 5355 Iuliani]
884 5290 910 5337 tn
931 5289 1079 5349 clytholiam
1098 5287 1125 5337 Γ
1224 5289 1332 5350 patriT
1444 5288 1476 5337 23
1495 5294 1556 5337 tuuc
1575 5284 1729 5354 praeditum]
1747 5287 1778 5348 Γ,
1798 5302 1870 5349 prae·

244 5375 324 5422 ditum
343 5379 404 5423 tnnc
423 5374 458 5438 M,
478 5376 636 5439 praedictum
655 5376 757 5423 tuncT
858 5374 891 5423 24
908 5376 1090 5424 discursoribus
1105 5374 1134 5421 Μ
1236 5371 1306 5441 haec]
1325 5388 1378 5435 coe,
1398 5389 1447 5423 cm.
1464 5371 1542 5422 ΤΜΓ
1640 5372 1673 5422 25
1692 5374 1869 5422 administran-

242 5459 344 5509 dan
447 5459 592 5510 occurrltl'
691 5460 724 5510 26
742 5458 811 5529 cum]
830 5460 928 5510 eumF
1027 5475 1049 5511 c.
1069 5458 1286 5527 u.]Mcper,cum
1301 5460 1375 5510 ΤΜῙ
1477 5460 1510 5509 27
1529 5460 1692 5508 iudiciumT
1795 5461 1869 5523 primi

243 5547 333 5594 scrinio
352 5548 450 5595 sorbani
470 5548 491 5594 Τ
616 5546 648 5597 28
667 5562 822 5596 successores
841 5547 869 5595 M
994 5543 1123 5614 soluendo]
1141 5548 1280 5596 sollicitudo
1302 5548 1322 5594 Γ
1449 5546 1481 5596 29
1500 5551 1597 5608 etpost
1614 5548 1700 5607 itaque
1719 5548 1793 5594 inser.
1814 5543 1840 5593 Γ

243 5632 364 5680 anitioT
477 5631 510 5681 30
528 5630 618 5699 debiti]
637 5630 666 5693 Γ,
687 5646 735 5681 om.
753 5631 804 5679 ΓΜ
916 5630 946 5680 ut
968 5633 989 5679 si
1008 5633 1130 5681 urbanum
1148 5633 1184 5680 bis
1201 5636 1287 5694 scripu.
1310 5631 1339 5679 Μ
1453 5630 1485 5680 32
1509 5632 1653 5692 integritate
1672 5630 1701 5678 Μ
1810 5631 1871 5678 haee

243 5719 321 5778 igitur
338 5721 361 5767 si
381 5716 407 5766 Γ
528 5718 703 5780 pronuntiauit
723 5718 775 5766 ΤΜ
911 5717 943 5766 33
962 5716 1057 5785 uestra]
1074 5725 1159 5782 uestra
1180 5725 1225 5767 tus
1246 5720 1267 5766 Τ
1404 5716 1436 5766 34
1455 5718 1583 5780 proximae
1604 5717 1664 5780 ΤΜ,
1683 5720 1796 5780 proxima
1815 5716 1841 5764 Γ

243 5806 369 5866 apparatio
389 5803 440 5851 ΤΜ
545 5804 691 5864 eogendii'
794 5806 873 5854 debiti
893 5804 1026 5852 erudiendi
1048 5804 1084 5865 Μ,
1104 5805 1196 5854 debitis
1214 5805 1333 5853 emendis
1352 5803 1378 5852 Γ
1478 5803 1510 5852 3¹1
1530 5805 1670 5853 heredisl'

1617 5908 1672 5955 39’
