4722 6470
861 534 889 589 ll
907 532 961 588 AD
979 532 1213 591 navtuuvsl.

313 759 365 822 80.
392 760 433 821 90
455 779 488 823 v.
513 757 556 824 ad
579 777 630 842 ep.
660 762 753 823 1-3.

313 878 555 944 titulavimus
583 877 703 945 iudicio
732 877 840 962 aliquo
870 877 1049 965 praesidet,
1083 900 1114 944 a.
1141 881 1288 944 361-65
1320 885 1376 947 aut
1397 880 1545 945 376-77
1572 885 1628 947 aut
1649 898 1679 946 u.
1706 882 1856 946 sea-83

145 978 151 1007 ¹
230 1002 284 1063 aut
303 1019 334 1064 a.
362 1001 548 1064 aaa-er.-

647 1448 700 1531 lIl
726 1447 812 1529 1—-9
838 1446 902 1529 lu
929 1445 1161 1530 thlhlthl
1187 1447 1433 1532 avellatur.

315 1637 462 1702 Iulianas
484 1637 650 1717 Rusticus,
686 1636 776 1707 cuius
804 1627 901 1722 impu
922 1632 1024 1723 κόριον
1046 1655 1109 1701 non
1131 1656 1219 1702 more
1241 1636 1389 1703 sollemni
1411 1635 1574 1718 ultimum,
1608 1636 1667 1703 sed
1689 1638 1779 1723 prius
1801 1638 1855 1704 lu-

231 1756 335 1821 lianus
366 1760 514 1841 aratro,
546 1762 634 1822 ortus
657 1765 707 1823 est
728 1776 848 1841 genere
869 1777 933 1825 non
956 1755 1115 1823 senatorio
1137 1775 1241 1840 neque
1263 1776 1317 1840 eo,
1350 1777 1413 1839 quo
1435 1756 1569 1840 gloriari
1591 1763 1711 1842 posset.
1759 1757 1856 1844 Sym-

227 1876 362 1942 machus
391 1876 492 1958 enim,
527 1876 582 1942 uhi
608 1874 709 1941 filium
733 1874 804 1942 eius
826 1876 952 1944 senatui
974 1876 1200 1943 commendans
1222 1876 1262 1943 de
1285 1876 1459 1943 maioribus
1480 1876 1597 1943 Iuliani
1619 1877 1706 1962 loqui
1728 1876 1851 1962 debuit,

227 2002 290 2062 tum
319 1997 462 2063 breviter
489 1997 683 2063 mentionem
713 2017 822 2063 eorum
851 1996 1005 2082 praeterit
1031 1997 1254 2083 potiusquam
1277 1997 1371 2081 facit,
1406 2006 1440 2064 ut
1462 1996 1625 2064 silentium
1647 1994 1730 2063 illud
1752 1999 1855 2065 omni-

226 2117 286 2181 bus
307 2116 417 2183 verbis
439 2116 638 2200 eloquentius
661 2117 775 2200 sitan).
823 2115 906 2183 filios
929 2117 1010 2184 duos
1032 2117 1145 2183 hahuit
1167 2116 1356 2202 Synesium,
1382 2139 1440 2205 pro
1462 2138 1525 2202 quo
1547 2115 1759 2202 Symmachus
1782 2139 1854 2184 ora-

226 2236 343 2303 tionem
362 2238 532 2322 septimam
548 2236 687 2323 corporis
703 2236 804 2302 nostri
819 2236 1044 2322 pronuntiavit,
1072 2244 1105 2303 et
1118 2238 1264 2321 alterum,
1292 2237 1346 2321 qui
1362 2237 1446 2323 patri
1461 2245 1562 2304 morte
1576 2238 1747 2304 immatura
1761 2256 1855 2324 erep-

227 2364 277 2423 tus
300 2361 425 2439 est⁶¹⁴).
472 2364 640 2443 praeterea
662 2377 765 2443 paene
788 2357 903 2439 omnia,
930 2377 1014 2442 quae
1036 2356 1077 2423 de
1100 2377 1138 2423 eo
1162 2356 1291 2440 scimus,
1319 2378 1382 2424 uno
1404 2357 1564 2424 Ammiani
1582 2356 1762 2425 Marcellini
1785 2359 1855 2426 loco

226 2478 385 2544 nituntur:
417 2476 545 2542 XXVII
568 2482 598 2559 6,
628 2482 642 2541 1
675 2482 754 2542 iuter
776 2480 850 2543 hacc
877 2480 1085 2543 Valentiniano
1107 2480 1316 2565 mapaitadiac
1338 2489 1482 2563 quassato
1504 2480 1678 2544 morborum
1701 2483 1854 2566 apitarrtc·

225 2618 280 2682 mro
308 2610 449 2663 catrcmo
475 2598 515 2682 (a.
542 2599 614 2682 367)
642 2602 778 2662 coavivio
806 2601 966 2664 occultiore
989 2601 1167 2681 Gallorum,
1199 2602 1253 2685 qai
1281 2600 1413 2664 aderaut
1441 2602 1473 2663 ia
1502 2603 1664 2664 commilitio
1687 2603 1851 2684 principis,

226 2720 266 2782 od
289 2721 449 2803 imperium
472 2721 613 2782 Rusticus
638 2720 780 2783 Iulianas
803 2729 875 2783 taric
898 2722 1043 2804 mapister
1065 2722 1228 2783 memoriae
1246 2719 1444 2803 poscebatur,
1469 2723 1562 2806 quasi
1582 2721 1701 2802 adflata
1723 2722 1854 2804 quodam

221 2841 342 2924 suroris
364 2840 529 2903 bestiarum
552 2860 635 2903 more
648 2840 776 2903 humaui
790 2840 950 2925 sarrpaiair
966 2841 1088 2919 comus,
1114 2849 1149 2904 at
1162 2841 1339 2904 mumadam
1354 2851 1432 2921 crat,
1458 2861 1525 2904 mim
1537 2842 1758 2924 proconsulari
1768 2850 1854 2924 pote-

223 2969 299 3024 state
328 2968 447 3045 reperet
468 2957 619 3043 Africam.
666 2963 698 3023 ia
717 2961 917 3043 praefectura
939 2964 1020 3023 enim
1041 2960 1180 3039 arbona,
1214 2980 1305 3044 paam
1329 2962 1429 3026 adhuc
1450 2962 1674 3026 administrans
1697 2964 1854 3026 cortiactar

225 3090 283 3163 cot,
317 3090 434 3164 tempas
457 3101 568 3163 anceps
591 3089 724 3145 malacus
747 3083 921 3164 tyraaairha
948 3086 989 3164 (a,
1015 3078 1210 3165 387-388),
1243 3085 1331 3146 cuias
1354 3082 1483 3146 arbitrio
1505 3090 1661 3165 amquam
1684 3084 1764 3145 irater
1785 3084 1854 3167 dip-

224 3222 334 3265 eorum
365 3204 499 3284 inopium
529 3202 570 3264 ad
599 3203 630 3265 id
658 3200 835 3265 escenderat
861 3203 995 3282 calmem,
1030 3203 1107 3266 leuis
1130 3202 1231 3265 videri
1252 3202 1413 3286 copchatar
1435 3212 1462 3266 et
1483 3204 1614 3266 mollior.
1661 3222 1733 3267 curu
1755 3199 1854 3285 igilur

225 3319 265 3405 ii,
290 3321 347 3406 qui
370 3321 411 3388 de
432 3319 567 3406 imperio
590 3320 658 3387 eius
681 3321 857 3404 agitarent,
884 3318 972 3386 Galli
994 3330 1120 3402 essent,
1146 3320 1251 3405 ipsum
1275 3341 1401 3405 quoque
1423 3320 1568 3388 eiusdem
1592 3320 1729 3388 nationis
1752 3320 1853 3388 luisse

224 3440 415 3527 putaverim.
463 3440 685 3525 magisterium
714 3448 821 3508 autem
848 3441 1020 3507 memoriae
1043 3440 1269 3507 Valentiniano
1292 3462 1310 3507 e
1333 3441 1452 3508 morbis
1475 3450 1619 3509 recreato
1641 3441 1854 3508 statim'ami-

224 3560 275 3643 sit,
301 3582 376 3627 nam
399 3563 504 3627 locum
527 3560 606 3642 eius,
633 3582 705 3626 cum
729 3560 904 3627 Gratianus
926 3580 1098 3647 purpuram
1122 3560 1259 3646 sumpsit
1281 3560 1313 3626 d.
1340 3563 1380 3625 24
1405 3563 1488 3646 Aug.
1514 3583 1545 3628 a.
1571 3565 1645 3644 367,
1671 3558 1854 3647 Eupraxius

224 3680 287 3746 iam
315 3681 554 3765 obtinebat⁶¹⁵}.
599 3680 634 3745 in
662 3681 889 3765 proconsulatu
918 3676 1070 3747 Africano
1098 3680 1255 3747 successit
1283 3680 1397 3748 Ulcdio
1419 3680 1679 3766 Hermogeniana
1700 3683 1854 3750 Caesario

223 3800 305 3868 inter
328 3801 360 3867 d.
380 3805 421 3867 26
436 3802 514 3887 Apr.
540 3822 572 3867 a.
591 3803 653 3866 370
676 3807 709 3868 et
731 3804 751 3866 6
768 3801 856 3887 Sept.
884 3823 915 3867 a.
935 3804 993 3867 371
1021 3802 1189 3885 locumque
1212 3800 1303 3869 dedit
1324 3802 1518 3887 Symmacho
1539 3802 1624 3869 inter
1645 3800 1678 3870 d.
1697 3808 1738 3869 20
1754 3804 1850 3870 Febr.

225 3929 255 3987 et
277 3926 319 3988 30
342 3922 426 3989 Nos.
451 3942 483 3988 a.
509 3922 572 3986 373
610 3926 650 4004 (v.
676 3922 752 3989 adn.
782 3924 867 4006 153).
914 3922 1135 4008 praefecturae
1169 3922 1329 4005 urbanae,
1367 3929 1478 4009 utpote
1512 3945 1595 4008 quae
1623 3924 1683 3990 sub
1713 3922 1853 3990 Maximo

224 4046 360 4128 tyranno
383 4048 479 4126 gesta
501 4041 552 4124 ait,
578 4042 701 4107 nullum
725 4047 962 4107 monumentum
985 4048 1083 4107 extat.

313 4481 340 4540 1.
368 4478 463 4540 3-5.
490 4477 521 4538 8.
547 4476 567 4538 9
598 4471 748 4555 quoniam
771 4470 917 4555 lulianus
944 4479 1085 4557 tempore
1108 4470 1240 4537 Maximi
1267 4472 1413 4556 tyranm,
1447 4471 1483 4537 id
1504 4479 1554 4538 est
1575 4480 1631 4539 aot
1653 4495 1684 4538 a.
1712 4477 1773 4538 387
1796 4480 1854 4539 aut

225 4616 255 4661 a.
282 4597 354 4674 388,
382 4601 526 4659 mortuus
549 4599 609 4672 est,
635 4591 727 4657 nulla
748 4592 792 4657 ad
814 4611 887 4656 eum
902 4590 1051 4676 =epistula
1073 4597 1145 4675 post
1166 4590 1240 4657 illos
1263 4611 1366 4656 annos
1389 4591 1508 4677 scripta
1530 4612 1603 4658 esse
1625 4600 1741 4679 potest.

309 4713 499 4799 2pablicas
530 4712 650 4778 Iuliani
682 4710 907 4797 occupationes
940 4717 1180 4791 commemorem
1223 4711 1444 4795 magistratum
1478 4711 1576 4797 igitur
1608 4713 1748 4798 aliquem
1784 4720 1851 4781 tum
1978 4696 1980 4700 ⁸

225 4837 367 4920 gerebat.

309 5147 368 5209 612)
390 5146 466 5211 Apud
483 5146 659 5206 Symmachum
676 5146 703 5194 ln
723 5145 887 5208 inscriptione
905 5144 985 5193 mum
1003 5144 1168 5206 epistularum
1186 5144 1368 5194 subdivisionis
1386 5144 1502 5192 lulianus
1520 5144 1641 5193 Rnsdcns
1659 5144 1768 5203 dlcltnr,
1794 5158 1851 5191 cnm

227 5235 377 5296 subscriptio
398 5238 426 5281 et
448 5234 627 5295 lusartptioass
645 5232 800 5293 slugnlarum
818 5232 983 5293 epistularum
1001 5232 1072 5293 prins
1091 5236 1191 5278 tantum
1209 5243 1300 5279 nomeu
1318 5238 1460 5291 umescant.
1498 5229 1616 5279 Raeticae
1634 5231 1749 5278 lullanae
1767 5231 1851 5279 Arum.

228 5319 366 5382 11117116,
390 5319 412 5369 1.
453 5320 569 5369 lulianus
588 5317 682 5380 symm.
705 5317 763 5378 337,
787 5316 833 5381 16)
854 5316 913 5380 338,
934 5316 950 5366 7
969 5324 996 5366 et
1012 5318 1189 5379 inscdptlonos
1207 5317 1291 5378 legum
1310 5317 1400 5365 ocdlols
1419 5316 1595 5365 Theodosium.

231 5418 237 5427 ·
311 5405 371 5467 613)
392 5405 452 5468 337,
474 5403 507 5455 31
522 5408 594 5466 pater
611 5404 666 5453 bala
684 5406 767 5453 luceat
784 5408 820 5451 cet
837 5402 934 5452 tamum
950 5402 1057 5451 adsultus
1076 5407 1185 5465 sanator,
1207 5416 1268 5465 arrae
1285 5414 1323 5450 res
1340 5401 1370 5450 de
1387 5402 1481 5450 maritis
1499 5404 1581 5462 oeatt,·
1605 5400 1725 5462 mquidem
1744 5398 1853 5462 dianium

228 5493 313 5542 maala
330 5491 459 5553 schamir
475 5496 518 5554 ast,
538 5488 622 5539 delata
639 5493 770 5540 alnetum.
808 5491 880 5539 calori
897 5494 961 5537 retro
977 5492 1082 5538 malam
1101 5489 1168 5537 illias
1186 5493 1245 5537 traso
1262 5503 1277 5536 a
1296 5488 1363 5537 actu
1380 5485 1476 5549 palan
1493 5490 1559 5548 aaut,
1580 5496 1638 5533 cum
1655 5489 1706 5546 lpse
1723 5487 1850 5546 humetur.

310 5577 368 5641 611)
391 5577 451 5639 338,
473 5577 505 5627 10
528 5581 601 5639 atquc
624 5579 722 5626 uuluam
745 5577 848 5637 fortiam
870 5590 1016 5637 ammaum
1041 5588 1135 5638 quoquc
1155 5577 1209 5623 clus
1233 5576 1379 5624 {nocturnam
1402 5573 1500 5622 marm
1520 5568 1677 5621 tradidisset!
1705 5571 1769 5634 qaod
1785 5584 1852 5621 aune

227 5664 296 5713 alam
319 5670 440 5726 raperem
466 5667 526 5713 ralla
543 5667 603 5713 essct
620 5662 746 5713 ambobus.
785 5661 902 5726 &passim
921 5661 1017 5725 quidam
1035 5674 1102 5709 maus
1120 5673 1202 5709 omma
1220 5660 1338 5722 ethiopes
1355 5674 1413 5708 cam
1430 5658 1508 5720 fratrc
1525 5656 1601 5705 credit
1617 5657 1728 5720 ablutas,
1754 5657 1796 5707 aad
1814 5674 1852 5708 ree

227 5755 329 5802 antam
346 5756 389 5811 art,
410 5755 439 5800 at
456 5750 543 5813 divisa,
565 5765 622 5800 cum
640 5753 667 5799 lm
684 5763 762 5798 naum
779 5748 889 5809 adeum,
910 5752 1058 5809 captantur.

311 5836 369 5901 615)
390 5838 473 5887 Amm.
494 5836 594 5886 xxvn
611 5837 636 5900 u,
659 5835 698 5885 14.
