4736 6478
811 896 938 961 xxxv
957 896 1118 982 (xxnvn
1154 918 1185 963 a.
1205 899 1278 963 aaa.

690 1050 951 1118 srnuscnvs
975 1050 1240 1119 mconncurs
1262 1051 1403 1117 unus.
1884 1053 1919 1116 P

318 1225 480 1305 Quamdiu
508 1224 632 1293 iactata
661 1224 841 1291 rumoribus
863 1232 1007 1308 tempore
1029 1223 1234 1304 differuntur,
1269 1245 1416 1289 curarum
1439 1242 1560 1290 vacuus
1582 1224 1701 1305 otiare;
1736 1225 1865 1310 siquid

230 1330 345 1396 auditu
378 1329 511 1414 dignum
541 1329 671 1412 fideque
701 1328 873 1395 subnixum
903 1326 1061 1393 recentior
1083 1347 1186 1393 senno
1209 1328 1409 1412 pervexerit,
1442 1347 1546 1412 neque
1567 1329 1737 1395 nuntiandi
1759 1349 1863 1413 neque

197 1456 211 1495 s
230 1430 391 1500 suadendi
419 1433 564 1518 partibus
596 1431 777 1498 abstinebo.
824 1451 922 1496 unum
946 1431 1006 1495 hoc
1028 1438 1102 1497 ante
1124 1431 1172 1497 rei
1193 1430 1421 1498 necessitatem
1444 1431 1485 1497 de
1507 1452 1579 1498 meo
1602 1452 1692 1498 sume
1715 1431 1859 1514 consilio,

231 1538 323 1602 nulla
354 1537 477 1602 ratione
504 1544 537 1603 tc
567 1555 663 1622 posse
693 1533 889 1600 evocationis
918 1533 1192 1601 honorificentiam
1216 1534 1395 1618 deprecari.
1442 1533 1483 1601 de
1505 1533 1604 1601 fratre
1626 1542 1733 1602 autem
1757 1543 1863 1602 vestro
1887 1539 1906 1599 2

231 1648 362 1726 praeter
383 1639 568 1704 mandatum
592 1638 674 1703 nihil
696 1637 794 1704 etiam
816 1657 901 1702 nunc
924 1635 1084 1721 opinionis
1105 1636 1300 1722 accepimus.
1340 1636 1402 1723 ipsi
1425 1638 1507 1704 haec
1529 1638 1571 1705 de
1592 1639 1713 1723 nuptiis
1733 1639 1864 1706 Ostien-

233 1744 335 1824 sibus,
363 1744 404 1809 ad
427 1762 510 1826 quas
532 1762 592 1809 nos
614 1742 674 1808 viri
697 1741 842 1807 inlustris
857 1739 1003 1805 Sallustii
1027 1739 1112 1805 lilius
1134 1739 1239 1805 iunior
1257 1740 1413 1821 evocavit,
1440 1741 1631 1808 contulimus
1645 1742 1679 1807 in
1695 1741 1860 1826 paginam,

231 1847 290 1913 sed
320 1847 470 1913 contiuuo
500 1846 541 1912 ob
569 1844 715 1911 ludorum
744 1844 1022 1930 praeparationem
1052 1844 1154 1909 Roma
1182 1844 1359 1929 repetenda
1386 1854 1447 1912 est.
1494 1845 1550 1911 diu
1580 1844 1665 1912 enim
1694 1845 1773 1910 mihi
1800 1845 1864 1911 ista

183 1972 212 2013 ιο
233 1951 377 2017 curanda
399 1956 486 2031 sunt,
513 1969 596 2033 quae
619 1948 732 2029 facile,
760 1947 789 2013 si
810 1949 943 2013 adesset
966 1947 1119 2014 sanctitas
1141 1953 1257 2029 vestra,
1285 1947 1462 2014 communis
1485 1947 1653 2032 diligentia
1674 1955 1784 2034 posset
1805 1949 1864 2015 ab·

228 2054 369 2120 solvere.
415 2053 501 2119 vale.
1279 2044 1287 2055 “

790 2379 934 2446 xxxvl
958 2378 1139 2465 (xxxva)
1173 2402 1204 2447 a.
1224 2384 1299 2448 aas.

689 2534 951 2601 svunuunvs
976 2535 1242 2602 nroonncffls
1264 2535 1404 2600 arnus

322 2712 402 2777 Cum
431 2709 509 2775 mihi
539 2728 651 2775 sacrae
680 2707 807 2774 litterae
829 2706 1057 2786 redderentur,
1093 2708 1208 2793 quibus
1230 2707 1273 2773 ad
1295 2708 1434 2775 officium
1456 2708 1616 2794 praecelsi
1638 2709 1698 2775 viri
1720 2709 1863 2776 consulis

180 2835 209 2876 rs
228 2835 415 2895 evocamur,
442 2813 510 2879 vidi
532 2813 614 2879 alias
637 2832 740 2896 aeque
762 2810 806 2877 ad
828 2819 916 2876 tuum
939 2832 1056 2878 nomen
1078 2811 1227 2893 emissas,
1252 2812 1370 2895 quibus
1392 2818 1424 2878 te
1446 2813 1686 2880 honoriticentia
1707 2814 1863 2899 imperia-

228 2920 271 2984 lis
294 2917 421 2984 accivit.
470 2917 611 2983 consulis
633 2935 758 3000 quoque
780 2914 900 2999 scripta
921 2914 1007 2981 idem
1030 2934 1133 2998 agens
1156 2914 1189 2979 in
1213 2915 1308 2981 rebus
1331 2915 1487 2981 exhibuit.
1534 2916 1656 2982 suadeo
1678 2916 1793 3000 igitur,
1828 2925 1863 2984 nt

226 3030 354 3087 mature
381 3020 444 3086 iter
471 3020 626 3101 instruas,
660 3018 713 3085 cui
741 3038 804 3083 non
834 3017 1020 3084 cohaerebit
1041 3018 1217 3104 Hispanus.
1263 3018 1352 3084 aliud
1381 3039 1508 3103 quoque
1537 3020 1688 3103 accessit,
1722 3020 1807 3104 quod
1829 3026 1861 3088 te

226 3125 332 3211 possit
361 3123 499 3189 hortari:
535 3144 609 3188 nam
642 3122 692 3187 vir
719 3120 864 3187 inlustris
893 3120 993 3188 frater
1022 3141 1112 3188 meus
1134 3121 1305 3188 Neoterius
1335 3121 1443 3188 domni
1472 3122 1579 3188 fratris
1602 3121 1665 3189 mei
1687 3123 1862 3191 admirator

226 3227 272 3294 ad
295 3226 433 3293 eandem
456 3245 588 3291 causam
611 3232 742 3309 rogatus
765 3224 887 3291 solacia
908 3224 966 3291 tibi
989 3233 1022 3292 ot
1043 3226 1230 3292 adiumenta
1252 3226 1440 3310 praestabit.
1484 3227 1557 3292 nolo
1578 3228 1677 3310 igitur
1699 3228 1856 3313 ambigas,
1884 3233 1903 3294 2

178 3350 209 3393 ao
229 3351 303 3397 cum
328 3329 423 3410 scias,
449 3329 638 3395 auctoritate
660 3328 819 3415 praecelsi
840 3328 903 3394 viri
924 3329 1045 3394 electas
1066 3328 1241 3395 amicorum
1264 3347 1336 3395 esse
1358 3348 1513 3415 personas
1528 3330 1646 3414 tibique
1662 3332 1744 3397 haec
1757 3332 1861 3418 prima

229 3439 305 3519 post
328 3432 428 3497 dubia
450 3432 597 3498 fortunae
619 3431 721 3498 divini
743 3432 898 3518 principis
919 3432 1072 3518 adloquia
1095 3433 1220 3499 deferri.
1268 3433 1301 3499 in
1323 3434 1452 3517 negotio
1474 3440 1583 3500 autem
1604 3442 1670 3518 tuo,
1697 3455 1780 3519 quae
1802 3457 1862 3522 per

227 3558 281 3603 me
308 3536 365 3620 agi
394 3536 544 3602 volueras
573 3535 661 3621 apud
683 3543 828 3602 sanctum
851 3535 1029 3620 tribunum,
1060 3557 1124 3603 non
1145 3537 1266 3603 invitus
1287 3537 1459 3622 ingredior.
1505 3537 1630 3604 interea
1651 3539 1695 3605 ad
1716 3539 1862 3605 Formia-

227 3661 306 3706 num
336 3640 414 3705 litus
441 3639 504 3705 iter
525 3659 696 3724 promove,
734 3646 769 3705 ut
792 3659 862 3706 cum
885 3639 929 3705 ad
951 3648 983 3707 te
1006 3640 1135 3707 delatae
1156 3640 1283 3708 litterae
1305 3640 1442 3724 fuerint,
1475 3642 1609 3707 Romam
1633 3642 1726 3709 citius
1748 3664 1862 3710 excur-

227 3763 294 3810 ras.
341 3742 428 3809 vale.

848 4071 1009 4139 xxxvn
1030 4071 1240 4157 (xxxvnr).

688 4224 950 4294 sunnncnvs
975 4226 1240 4294 uroouucnrs
1263 4227 1401 4293 nnus.

321 4397 503 4465 Dictionem
534 4398 649 4464 salutis
678 4397 838 4480 antefero,
871 4418 955 4481 quae
985 4406 1017 4465 et
1044 4406 1118 4465 voto
1141 4419 1211 4465 meo
1234 4419 1332 4485 supra
1354 4398 1462 4465 omnia
1484 4400 1631 4467 convenit
1653 4409 1686 4467 et
1706 4402 1861 4469 litterario

230 4504 372 4571 debetur
400 4502 542 4568 exordio.
590 4500 706 4568 dehinc
735 4501 924 4585 diligentiae
953 4508 1045 4583 tuae,
1078 4502 1208 4569 domina
1235 4502 1319 4583 lilia,
1353 4502 1540 4568 natalicium
1570 4504 1678 4570 fratris
1705 4506 1751 4570 tui
1774 4526 1861 4571 com-

230 4605 350 4672 mendo
380 4604 572 4699 convivium,
620 4605 714 4670 homo
731 4605 828 4671 'euim
856 4612 964 4672 noster
992 4606 1115 4689 allegat
1143 4606 1222 4689 fuga
1246 4613 1416 4672 nautarum
1446 4606 1543 4672 litora
1570 4606 1741 4685 destituta;
1775 4630 1859 4694 quae

180 4729 210 4771 ro
229 4731 284 4777 res
313 4709 475 4795 conpulit,
509 4715 544 4774 nt
573 4709 735 4774 sanctitati
762 4716 837 4775 tuae
866 4708 953 4775 iactu
982 4709 1106 4774 minora
1132 4710 1335 4775 committam.
1383 4709 1424 4775 de
1447 4710 1584 4794 publicis
1605 4711 1775 4777 scribenda
1795 4734 1859 4778 uon

230 4820 407 4899 suppetunt
434 4811 555 4895 absque
585 4809 642 4893 co,
676 4810 761 4894 qnod
790 4811 824 4877 in
845 4812 978 4877 Traiani
1004 4812 1114 4897 platea
1136 4812 1229 4878 ruina
1251 4812 1345 4878 unius
1366 4812 1493 4879 insulae
1514 4813 1633 4898 pressit
1653 4814 1854 4895 habitantes3

230 4917 318 5000 quud
347 4916 430 4983 adeo
459 4915 502 4981 ad
525 4916 683 4982 fortunam
707 4914 846 4981 vehiculi
868 4916 989 5001 publici
1010 4916 1140 5001 plebeia
1162 4917 1257 4982 vertit
1276 4915 1416 4999 invidia,
1448 4917 1568 4982 utiam
1592 4916 1717 5002 privato
1737 4926 1859 4986 rectore

229 5026 348 5086 utatur.
396 5019 481 5085 vale.

230 5212 402 5222 —--—--
415 5213 537 5219 —.-....
546 5213 554 5217 .

317 5332 494 5393 isymmacus
513 5331 536 5378 P
690 5332 789 5380 'lnibll
808 5333 884 5381 etiam
902 5327 982 5399 nuuc]
1004 5330 1066 5395 (Π),
1092 5329 1294 5398 fsllsfssamnuuc
1313 5332 1336 5380 P
1472 5333 1523 5396 ipsi
1539 5329 1613 5400 baec]
1633 5332 1696 5397 (II),
1715 5332 1818 5399 spissae
1837 5336 1858 5383 P

230 5414 347 5485 SlosP
448 5418 547 5467 salustii
568 5417 597 5481 P,
617 5423 754 5469 rumim.
862 5418 1032 5482 renomultP
1489 5450 1497 5462 .

319 5503 350 5554 13
369 5518 510 5564 symmacus
528 5504 551 5551 P
653 5503 686 5553 20
705 5500 815 5570 tlblqua]
833 5504 933 5569 Mereor,
954 5506 1053 5568 albique
1071 5505 1094 5553 P
1197 5503 1224 5554 ll
1248 5505 1327 5554 dnbla
1341 5504 1488 5568 (talarus.)
1505 5502 1527 5549 P
1629 5501 1734 5571 deterri]
1754 5506 1853 5568 licerer,

229 5590 365 5640 dltlerrlP

318 5675 351 5725 26
370 5691 511 5736 symmacus
531 5676 554 5723 P
655 5675 689 5727 29
707 5675 832 5727 littoraP
935 5676 967 5725 32
986 5684 1064 5726 rector
1083 5683 1167 5726 utatur
1185 5677 1302 5726 Latinius
