4746 6472
984 491 1100 548 LIBER
1116 492 1155 547 11.
1842 496 1883 559 57

261 682 286 746 si
312 699 421 765 posses
452 680 545 766 parvi
576 680 700 763 latere,
733 701 829 764 quem
857 681 978 747 dudum
1007 681 1106 747 altius
1132 681 1303 766 protulisti.
1351 679 1628 765 supersedendum
1655 687 1705 746 est
1724 681 1824 763 igitur
1847 682 1886 746 ris
1908 679 1943 743 P

262 782 379 863 verbis,
415 804 498 867 quae
529 783 699 866 suffragari
728 782 1002 868 proficisoentibus
1032 785 1152 861 solent3
1188 781 1399 865 nequeenim
1422 803 1507 847 vana
1530 802 1606 867 spes
1630 789 1692 865 est,
1729 784 1886 851 validiora

263 887 324 952 fore
345 887 435 972 apnd
457 893 490 952 te
512 886 627 953 merita
650 887 840 972 praesentis,
867 908 939 953 eum
961 887 1128 953 absentem
1151 885 1262 952 favore
1285 884 1478 971 respexeris.
1525 886 1611 953 vale.

905 1195 1079 1261 xxxxvr
1109 1216 1140 1260 a.
1160 1196 1234 1260 aaa

233 1362 244 1400 5
725 1331 985 1398 svmmscuvs
1007 1330 1225 1397 snlvmrvo
1247 1331 1417 1397 valam.
1440 1302 1451 1313 '

344 1505 466 1570 Ferunt
489 1506 653 1585 Socraten,
680 1503 708 1568 si
731 1502 860 1585 quando
882 1503 999 1568 excidit
1021 1502 1138 1587 eapitis
1161 1509 1217 1568 aut
1238 1503 1418 1585 destinatis,
1444 1502 1479 1569 id
1502 1503 1563 1568 sibi
1585 1504 1674 1588 utile,
1701 1505 1787 1588 quod
1809 1527 1886 1573 eve-
1997 1497 1999 1501 ¹

262 1616 359 1689 nerat,
386 1608 592 1687 aestimasse;
619 1628 694 1673 nam
716 1606 821 1673 meriti
844 1607 894 1673 sui
916 1625 1048 1673 securus
1069 1606 1229 1692 interpres
1252 1628 1292 1673 ea
1314 1607 1516 1674 eonieotabat
1537 1626 1609 1673 esse
1632 1607 1777 1691 meliora,
1802 1630 1886 1692 quae

263 1729 353 1776 oasus
382 1710 498 1793 dabat,
532 1731 628 1794 quam
651 1731 732 1794 quae
755 1711 882 1776 animus
905 1709 1091 1796 adpetebat.
1137 1729 1252 1794 sequor
1274 1710 1430 1796 sapientis
1453 1711 1637 1797 exemplum
1660 1718 1693 1778 et
1714 1711 1748 1777 in
1771 1713 1885 1779 bonam

262 1820 383 1899 partem
412 1814 522 1897 traho,
555 1813 640 1897 qaod
663 1814 827 1879 Saxonum
855 1833 1006 1880 numerus
1029 1821 1129 1880 morte
1152 1820 1332 1880 contractus
1353 1815 1439 1879 intra
1462 1832 1619 1879 summam
1642 1814 1804 1881 deoretam
1826 1837 1887 1901 po-

219 1946 244 1986 m
262 1917 328 2002 puli
357 1917 574 2000 voluptatibus
605 1916 709 1999 stetit,
741 1937 782 1983 ne
812 1923 939 1983 nostrae
969 1916 1121 1999 editioni,
1156 1916 1185 1982 si
1212 1917 1291 1999 quid
1318 1916 1548 2000 redundasset,
1581 1916 1759 1984 aeoederet.
1810 1920 1927 1985 namt

263 2019 386 2103 qnando
416 2018 634 2105 prohibuisset
661 2019 787 2104 privata
810 2018 956 2087 custodia
979 2020 1171 2104 desperatae
1193 2021 1299 2103 gentis
1321 2020 1438 2105 impias
1460 2038 1591 2101 manus,
1624 2040 1696 2085 eum
1718 2020 1834 2104 viginti
1856 2029 1888 2088 et

263 2143 373 2188 novem
396 2123 558 2188 Saxonum
587 2122 706 2189 tractas
729 2123 799 2189 sine
821 2124 937 2208 laqueo
960 2123 1070 2189 faueas
1093 2124 1215 2209 primus
1237 2124 1306 2189 ludi
1328 2123 1512 2207 gladiaton'i
1534 2122 1604 2187 dies
1626 2122 1763 2189 viderit?
1805 2124 1886 2190 nihil

262 2225 357 2309 igitur
371 2245 476 2292 moror
490 2226 646 2293 familiam
663 2228 816 2313 Spartano
839 2227 1025 2311 nequiorem
1048 2227 1220 2311 velimque,
1247 2227 1275 2292 si
1298 2231 1343 2292 ita
1366 2226 1462 2292 laeile
1485 2226 1574 2291 faeta
1597 2231 1656 2309 est,
1681 2226 1766 2293 hane
1780 2228 1886 2293 muni-

264 2327 420 2395 ficentiam
448 2329 603 2415 principis
632 2330 825 2415 Libycarum
856 2331 1022 2415 largitione
1050 2330 1176 2396 mutari.
1227 2351 1301 2395 nam
1330 2330 1533 2413 gladiaturae
1562 2329 1696 2395 idoneos
1726 2331 1885 2396 communi
1908 2337 1926 2398 3

222 2461 248 2501 m
265 2452 337 2497 eura
362 2482 541 2498 .......
567 2434 749 2519 prospiciet,
777 2455 860 2520 quae
882 2454 959 2520 pars
981 2434 1015 2499 in
1037 2441 1193 2518 apparatu
1217 2433 1396 2516 quaestorio
1412 2432 1499 2518 prior
1513 2438 1572 2513 est,
1598 2440 1633 2497 ut
1648 2439 1886 2499 auctoramento

263 2536 356 2600 lentos
378 2536 495 2619 longus
517 2554 595 2601 usus
616 2535 774 2603 instituat.
820 2544 960 2619 nostros,
987 2536 1103 2620 quibus
1125 2556 1270 2602 ursorum
1294 2535 1389 2602 lectio
1412 2543 1444 2601 et
1465 2534 1651 2620 conparatio
1672 2534 1737 2602 iam
1760 2535 1885 2621 pridem

263 2637 380 2704 eredita
408 2644 475 2719 est,
508 2646 676 2723 pervectos
706 2639 748 2705 ad
777 2646 810 2706 te
839 2640 993 2726 temporis
1021 2638 1245 2706 aestimatione
1274 2659 1339 2704 non
1367 2638 1508 2721 ambigo.
1555 2637 1613 2703 sed
1640 2637 1668 2703 si
1690 2636 1885 2716 cursualium

262 2741 512 2827 praepositorum
534 2742 671 2809 avaritia
692 2743 905 2826 retardantur,
932 2743 993 2809 erit
1015 2742 1246 2809 beneficentiae
1270 2750 1344 2808 tuae
1367 2761 1484 2825 moras,
1509 2741 1626 2826 quibus
1643 2747 1801 2825 tenentur,
1827 2742 1887 2808 ab·

263 2847 393 2913 solvere.
440 2848 525 2913 vale.

899 3156 1089 3222 XXXXVII
1118 3102 1149 3222 a.
1169 3160 1242 3222 385.

727 3292 986 3359 SYMMAOHVS
1007 3292 1225 3359 FLAVIANO
1248 3293 1417 3358 FRATRI.

348 3468 419 3551 Ope
447 3465 543 3531 deum
573 3465 716 3532 secunda
743 3465 949 3551 navigatione
978 3471 1011 3531 et
1040 3465 1128 3531 faoili
1155 3465 1270 3531 itinere
1298 3465 1341 3531 ad
1370 3466 1531 3532 destinata
1559 3466 1775 3550 pervenimus.
1828 3467 1887 3532 ad-

267 3569 396 3653 petebat
424 3567 623 3634 eommodum
645 3569 839 3653 tempestiva
860 3568 941 3633 hora
963 3568 1111 3633 convivii.
1159 3568 1213 3633 ubi
1236 3588 1347 3633 eurare
1370 3570 1595 3654 corporaeibo
1618 3568 1797 3654 ooepimus,
1829 3570 1888 3634 ad-

266 3672 370 3755 eurrit,
396 3670 448 3755 qui
472 3671 551 3736 mihi
573 3671 729 3738 amabiles
752 3671 877 3737 litteras
900 3678 973 3736 tuas
996 3671 1156 3754 simulque
1179 3676 1279 3750 ituae
1302 3677 1414 3755 captas
1436 3693 1454 3737 e
1477 3672 1556 3736 mari
1576 3672 1686 3756 copias
1701 3673 1882 3743 exhiberet:

224 3794 344 3857 aquae
366 3773 459 3839 nobis
482 3773 552 3840 esui
574 3794 648 3839 mox
671 3773 772 3840 fuere.
819 3794 894 3839 nam
917 3774 1010 3839 libuit
1031 3774 1201 3857 indulgere
1223 3773 1329 3857 genio,
1360 3780 1529 3859 postquam
1551 3774 1721 3858 parvulum
1743 3782 1886 3841 nostrum

266 3877 405 3962 periculo
427 3885 611 3962 exemptum
635 3895 711 3962 spes
733 3883 844 3962 optata
864 3878 1015 3961 respexit.
1063 3876 1164 3941 habes
1187 3896 1312 3943 omnem
1335 3897 1414 3942 rem.
1462 3897 1556 3960 eura,
1583 3885 1618 3942 nt
1638 3877 1750 3943 valeas
1774 3885 1806 3943 et
1828 3899 1888 3963 pa-

265 3980 353 4045 triam
376 3980 423 4047 tui
445 3987 607 4046 amantem
629 4000 725 4063 quam
748 3979 884 4064 primum
908 3979 1031 4045 revisas
1055 3980 1137 4045 bona
1159 3979 1313 4064 parentis,
1340 3986 1375 4045 ut
1392 3998 1497 4065 spero,
1524 3981 1629 4062 venia,
1656 3979 1707 4046 eui
1723 4000 1796 4045 mox
1812 4002 1887 4065 per-

265 4091 335 4150 aeta
357 4084 482 4150 lustrali
504 4083 720 4149 sollemnitate
742 4082 897 4148 redderis.

894 4392 1100 4456 XXXXVIll
1130 4413 1160 4456 a.
1181 4395 1254 4456 385.

728 4528 986 4593 SYMMACHVS
1008 4526 1225 4595 rtlvltrvo
1247 4528 1415 4592 FRATRI.
1906 4533 1972 4597 PF

348 4705 388 4768 Α.
407 4702 439 4767 d.
457 4701 583 4768 tertium
607 4719 709 4766 nonas
725 4699 878 4766 Octobres
900 4700 1003 4785 primo
1026 4700 1107 4766 lueis
1129 4699 1278 4784 respondi
1301 4698 1415 4765 litteris
1437 4701 1511 4781 tuis,
1538 4723 1619 4784 quas
1642 4724 1698 4788 pro
1721 4704 1886 4769 interiectu

260 4806 403 4889 itineris,
429 4825 490 4890 quo
514 4825 597 4870 nune
620 4805 825 4887 distinemur,
855 4810 930 4869 aute
953 4804 1118 4869 meridiem
1140 4824 1266 4869 sumere
1288 4803 1438 4869 debuisti.
1487 4804 1546 4869 sed
1568 4813 1603 4871 ut
1624 4807 1743 4891 scripta
1765 4806 1808 4871 ad
1830 4827 1886 4873 ve-

260 4931 389 4996 speram
420 4909 498 4974 mibi
530 4907 658 4974 reddita
685 4907 909 4991 prodiderunt,
944 4927 1047 4971 meum
1079 4906 1218 4972 officium
1243 4914 1393 4989 tuamque
1416 4927 1524 4972 euram
1547 4909 1707 4973 tabellarii
1730 4908 1886 4975 lentitudo

350 5187 504 5251 lposslaP
605 5185 785 5248 purblle.
893 5184 973 5233 liisP

348 5275 404 5324 dai
423 5274 521 5336 quando
539 5268 646 5338 excidit]
670 5272 782 5334 latetur,
812 5273 834 5319 sl
852 5271 1026 5333 quandoxeitis
1045 5270 1094 5317 Pl
1115 5285 1169 5329 m.,
1197 5271 1218 5319 si
1237 5271 1335 5333 quando
1352 5272 1442 5319 excitis
1462 5271 1484 5317 P
1501 5272 1517 5318 2
1534 5285 1568 5320 m.
1710 5270 1724 5318 'l
1749 5273 1846 5333 morltip
1866 5272 1889 5318 P

266 5361 296 5410 111
314 5356 501 5425 uoluptatibus]
521 5360 631 5419 latetur,
662 5359 839 5407 uoluntatibus
858 5356 881 5403 P
1016 5358 1116 5404 obstitit
1135 5355 1271 5405 Mommsen
1411 5355 1440 5404 12
1461 5358 1515 5403 sino
1536 5356 1587 5403 Pl
1608 5371 1660 5418 m.,
1690 5370 1736 5404 sno
1755 5357 1887 5405 Mommsen

266 5447 295 5497 13
314 5422 391 5497 nolim
408 5445 549 5509 quesitaP
651 5444 785 5493 laotnmP
889 5441 918 5491 11
938 5443 1072 5501 lybirarum
1091 5442 1114 5489 P
1216 5441 1385 5503 largitioan
1490 5439 1520 5489 15
1539 5456 1597 5490 oum
1614 5442 1751 5503 prospieiet
1769 5442 1797 5505 P,
1819 5444 1886 5490 lora

262 5548 321 5589 nom
339 5533 447 5582 indicavi
554 5532 584 5580 16
604 5534 680 5580 lectos
698 5527 798 5596 longus]
820 5532 918 5589 (Praeter,
938 5529 1019 5577 lectus
1037 5527 1164 5590 longosP
1270 5526 1300 5576 18
1318 5530 1510 5576 beneficientiae
1531 5527 1554 5573 P
1655 5534 1742 5577 tantur
1760 5529 1804 5577 Pl
1818 5544 1852 5577 m.

348 5620 380 5669 22
399 5621 496 5668 itenere
514 5619 537 5666 P
548 5624 559 5667 1
575 5634 608 5667 m.
717 5616 750 5665 21
769 5613 838 5682 tuae]
858 5617 886 5677 P,
907 5632 922 5662 a
940 5620 965 5663 te
984 5614 1015 5675 Φ,
1037 5621 1091 5663 tum
1111 5614 1246 5664 Mommsen

349 5706 382 5755 30
400 5719 449 5753 om.
465 5706 487 5751 P
607 5703 635 5752 31
658 5704 686 5751 ad
706 5705 796 5751 tercias
815 5716 892 5751 nonas
910 5702 1016 5750 octobris
1036 5703 1058 5748 P
1178 5700 1210 5749 32
1229 5702 1387 5749 destinamur
1406 5700 1435 5761 P,
1455 5701 1578 5748 distamus
1597 5702 1619 5747 F
1736 5707 1794 5748 ante
1813 5704 1887 5750 meri·

266 5789 341 5858 diem]
361 5789 524 5853 tituletis),
545 5806 559 5838 a
577 5797 601 5837 te
620 5790 726 5838 meridie
745 5789 773 5850 P,
795 5788 968 5837 amemerldle
986 5788 1010 5834 P
1112 5787 1144 5836 33
1162 5800 1293 5849 meamque
1310 5801 1394 5834 euram
1414 5787 1436 5832 P

340 5894 366 5948 Q.
382 5891 494 5934 drasam
509 5891 656 5934 Svnnuonvs.
1667 5887 1682 5939 3
