4736 6478
951 504 1066 560 LIBER
1083 505 1118 558 V.
1787 506 1845 566 141

224 694 300 776 ficit,
327 694 353 760 si
377 694 567 761 lautioribus
589 694 766 763 harenariis
789 695 964 761 deseratur.
1005 694 1116 780 inepta
1138 701 1188 761 est
1209 693 1293 760 eninr
1316 691 1542 769 munificentia,
1570 713 1654 775 quae
1669 696 1851 778 praestatur
1873 694 1975 758 PVF

223 796 379 881 indignis.
427 804 621 883 quapropter
642 818 762 881 quaeso
785 805 833 880 te,
864 805 898 864 ut
920 804 1105 865 venatorum
1128 797 1309 884 potissimos
1331 797 1521 863 auctoritate
1544 796 1662 863 iudicis
1685 804 1717 862 ct
1739 795 1848 861 fratris

223 920 333 966 amore
355 900 513 967 concedas
536 902 670 967 multum
694 902 790 968 rebus
813 900 960 968 omnibus
982 901 1166 983 additurus,
1201 921 1282 983 quas
1312 899 1428 967 civium
1451 900 1607 986 voluptati
1630 899 1775 965 animose
1796 899 1848 963 in-

223 1003 343 1088 pendio
364 1023 605 1090 praeparamus.

809 1315 866 1379 LX
888 1315 1010 1398 (LVIII)
1045 1322 1121 1381 ante
1135 1335 1167 1380 a.
1186 1318 1260 1380 399.

791 1468 1049 1537 SYMMACHVS
1071 1470 1281 1536 PATERNO.

310 1642 441 1724 Omnes,
467 1642 522 1724 qui
545 1642 634 1708 aditu
656 1648 710 1707 tuo
732 1642 865 1725 cupiunt
887 1643 1058 1723 sublevari,
1087 1663 1150 1709 non
1172 1661 1308 1721 cassam,
1336 1646 1489 1725 quantum
1511 1640 1659 1724 arbitror,
1686 1639 1771 1706 viam
1794 1660 1848 1705 ca-

224 1752 358 1831 pessunt
379 1744 540 1812 ineundae
562 1746 703 1828 gratiae,
731 1765 801 1811 cum
824 1767 874 1812 me
897 1746 1132 1832 adstipulatore
1154 1745 1306 1811 nitantur.
1354 1745 1467 1810 horum
1489 1763 1572 1810 unus
1595 1744 1644 1809 vir
1672 1742 1848 1829 probabilis

224 1847 380 1915 Turasius
403 1848 571 1914 familiaris
598 1868 705 1929 meus,
738 1849 793 1931 qui
815 1849 955 1915 indictae
984 1850 1046 1916 sibi
1076 1850 1141 1916 litis
1169 1849 1318 1915 iniuriam
1348 1849 1495 1914 fortunae
1524 1847 1678 1933 imputat,
1711 1846 1848 1931 gratiam

180 1972 206 2012 ro
225 1972 300 2017 vero
322 1953 398 2018 honi
419 1951 541 2019 reditus
564 1950 605 2018 de
627 1958 681 2017 tuo
703 1951 905 2037 potissimum
928 1959 1036 2038 sperat
1056 1930 1190 2019 aur‘rilio.
1237 1959 1328 2018 tuere
1349 1951 1449 2035 igitur
1470 1971 1575 2034 aequa
1604 1955 1786 2036 poscentem
1817 1957 1850 2017 ct

224 2055 433 2121 humanitatis
463 2062 539 2122 tuae
568 2054 666 2121 latius
694 2055 833 2122 extende
862 2055 998 2137 tamam,
1030 2076 1113 2139 quae
1143 2055 1347 2123 incrementis
1377 2054 1525 2120 maximis
1555 2053 1786 2135 cumulabitur,
1819 2052 1847 2118 si

87 2176 94 2201 r
224 2158 364 2224 Turasio
385 2179 444 2244 per
464 2164 497 2225 te
519 2156 662 2231 secunda
683 2159 907 2227 successerint.

906 2486 981 2552 nxr
1009 2487 1164 2570 (avum).

787 2640 1047 2708 sununcuvs
1069 2641 1292 2716 nanneno..

180 2835 207 2873 ¹⁵
311 2815 438 2899 Religio
453 2814 637 2900 postulavit,
664 2820 699 2880 ut
715 2813 896 2895 scriberem,
923 2813 1112 2899 praesertim
1128 2834 1199 2880 cum
1215 2814 1394 2880 hortaretur
1409 2812 1578 2878 familiaris
1594 2812 1731 2878 occasio.
1771 2833 1846 2877 nam

224 2919 318 2985 homo
340 2925 415 2984 tuns
437 2917 641 2984 tabellarium
664 2937 700 2985 se
722 2917 802 2982 mihi
824 2917 955 3003 optulit,
989 2916 1043 2982 cui
1064 2916 1145 2983 nihil
1172 2917 1348 2983 litterarum
1379 2917 1457 2983 dare
1488 2935 1614 2982 summa
1635 2915 1756 3000 piaculi
1778 2934 1849 2981 esse

224 3022 386 3107 perspexi.
432 3023 558 3088 salvere
580 3021 678 3106 igitur
698 3028 731 3088 te
752 3029 836 3107 opto,
864 3041 915 3087 me
937 3020 1065 3103 nuntio,
1098 3028 1131 3088 et
1153 3021 1296 3087 vicissim
1318 3028 1410 3107 peto,
1444 3026 1479 3085 ut
1499 3038 1557 3086 nos
1579 3018 1744 3105 sospitatis
1773 3026 1848 3084 tuae

225 3124 353 3191 indiciis
376 3124 562 3192 munereris.

803 3450 895 3515 exn
916 3451 992 3533 (nx)
1030 3471 1062 3516 a.
1082 3454 1263 3517 ase-sor.

178 3622 207 3663 lo
786 3604 1046 3671 svumonvs
1068 3606 1280 3673 nanneno.
1869 3611 1979 3674 nvn

310 3779 506 3858 Quaestores
528 3777 649 3844 ordinis
670 3777 770 3843 nostri
792 3796 964 3859 numquam
988 3776 1128 3846 ferarum
1151 3796 1279 3845 suarum
1302 3785 1475 3865 portorium
1499 3780 1716 3856 contulerunt3
1750 3798 1848 3860 grave

225 3884 307 3949 enim
331 3880 506 3947 maioribus
527 3881 631 3947 visum
654 3887 720 3962 est,
756 3886 790 3946 ut
811 3880 1024 3947 tolerantibus
1047 3901 1145 3947 onera
1166 3881 1346 3948 senatoriae
1377 3881 1545 3967 dignitatis
1575 3888 1721 3966 sumptus
1747 3880 1849 3947 inmo-

225 3986 315 4052 dicus
336 3982 520 4050 adderetur.
566 3985 647 4051 haec
668 3982 748 4049 mihi
769 3983 925 4069 proxime,
952 4003 1024 4049 cum
1046 3983 1274 4067 gladiatorium
1297 4005 1411 4051 munus
1433 3986 1637 4066 instruerem,
1663 3983 1767 4068 magis
1789 4004 1849 4068 po-

224 4088 289 4174 puli
312 4086 448 4153 Romani
473 4107 569 4170 qnam
599 4108 670 4155 meo
699 4086 827 4153 nomine
858 4087 1083 4173 praerogativa
1104 4087 1214 4155 delata
1234 4094 1294 4154 est.
1342 4110 1427 4156 nunc
1449 4110 1471 4155 a
1491 4087 1589 4157 fratre
1611 4108 1683 4154 meo
1704 4087 1849 4173 Cynegia

178 4208 206 4249 ²⁵
224 4190 406 4275 quaestorio
439 4190 610 4258 candidato
643 4190 931 4274 quinquagesimae
964 4191 1104 4276 vectigal
1138 4192 1292 4276 exigitur,
1337 4193 1422 4277 quod
1456 4193 1539 4258 solos
1573 4211 1717 4258 ursorum
1749 4210 1849 4273 nego

224 4296 354 4361 tiatores
382 4300 493 4379 utpote
521 4294 669 4377 quaestui
700 4295 876 4362 servientes
907 4301 1033 4380 oportet
1060 4314 1248 4379 agnoscere.
1301 4297 1397 4362 huius
1424 4296 1562 4361 iniuriae
1591 4294 1730 4387 adfectio
1759 4301 1847 4360 tuum

224 4398 428 4464 moderamen
451 4404 610 4481 expectat.
658 4398 790 4477 resiste,
822 4417 941 4479 quaeso
963 4403 1013 4479 te,
1045 4399 1287 4483 publicanorum
1319 4398 1486 4483 cupiditati
1512 4403 1545 4465 et
1567 4398 1685 4464 damna
1707 4397 1850 4481 collega·

224 4521 292 4567 rum
314 4499 433 4567 recide.
479 4499 522 4565 ad
544 4500 706 4584 geminam
734 4506 822 4565 tuam
855 4500 992 4583 gratiam
1023 4519 1075 4567 res
1105 4501 1170 4567 ista
1197 4500 1356 4585 proficiet,
1387 4503 1416 4567 si
1445 4500 1616 4587 privilegio
1642 4500 1849 4567 honoraveris

224 4610 380 4683 senatum,
407 4602 567 4671 levamine
588 4602 707 4669 iuveris
729 4603 927 4669 candidatos.

227 4815 444 4823 ——.——-

315 4950 326 5001 l
347 4953 460 5014 inempta
481 4952 501 4997 V

310 5037 496 5087 badcundem
509 5038 535 5098 F,
556 5052 605 5086 orn.
624 5037 644 5084 V
737 5036 750 5084 l
771 5042 906 5100 capessunt
918 5037 1022 5086 utaml'
1114 5038 1269 5088 8nltnntur
1286 5040 1330 5087 Vl'
1414 5037 1465 5107 ulr]
1477 5038 1512 5106 ss)
1525 5040 1547 5088 P
1640 5036 1730 5107 liqui]
1747 5038 1782 5105 ss(
1795 5039 1817 5086 P

224 5125 316 5172 tntum
337 5122 357 5170 l'
468 5123 495 5173 ll
516 5124 589 5173 belus
609 5122 654 5172 Pl
669 5140 703 5172 m.
823 5121 854 5172 12
873 5126 967 5173 tusaslo
986 5123 1016 5183 P,
1036 5126 1088 5174 tuta
1109 5125 1152 5172 VF
1251 5128 1423 5176 succenserlnt
1439 5143 1501 5177 corr.
1522 5141 1552 5175 cc
1570 5128 1723 5177 succensoria
1742 5125 1786 5175 Pl
1802 5141 1845 5185 m.,

225 5210 414 5260 mccesserttl'

203 5358 211 5369 ο
312 5294 344 5345 14
363 5294 526 5356 Symmachus
543 5294 661 5364 Paterno]
682 5297 730 5358 PF,
750 5311 798 5348 om.
819 5299 839 5346 V
941 5296 1142 5347 recensionem
1161 5298 1268 5347 homoV
1373 5299 1403 5349 16
1422 5300 1555 5349 cunlhlll'
1654 5299 1712 5348 dare
1730 5315 1778 5348 om.
1798 5300 1818 5345 V

225 5397 348 5433 summam
367 5383 390 5429 l?
492 5382 522 5431 ll
541 5383 638 5432 saluata
660 5384 685 5446 l',
706 5384 790 5433 ualere
808 5385 831 5431 F
932 5388 1048 5445 meopte
1066 5388 1092 5432 ts
1109 5386 1201 5434 nuncio
1222 5385 1242 5431 V

310 5467 344 5518 20
362 5483 502 5528 symmacus
513 5474 618 5532 paterno
630 5469 659 5532 P,
681 5484 729 5519 orn.
747 5468 796 5517 l'ld
899 5468 929 5518 21
949 5471 1085 5532 parthorum
1097 5470 1126 5535 P,
1147 5473 1286 5534 portionem
1302 5470 1351 5518 VM
1451 5471 1484 5521 23
1502 5469 1578 5539 mlhl]
1595 5470 1695 5521 mlle
1796 5473 1850 5532 gla-

223 5553 314 5609 eloai!
334 5555 381 5603 Pl
395 5570 442 5615 m.,
461 5556 624 5616 gladiatorum
638 5556 732 5606 Pam.
838 5554 871 5606 24
890 5556 986 5617 cinaglo
1004 5560 1035 5605 cv'r
1056 5558 1109 5620 VM,
1130 5560 1170 5609 dir.
1191 5555 1587 5619 cdd.P2m.cs.p.112,27
1691 5557 1723 5607 25
1742 5557 1848 5619 quadra-

224 5642 334 5702 gesimas
353 5641 457 5703 Occrrct,
484 5641 567 5691 saec
584 5642 614 5691 de
629 5644 716 5705 philol.
741 5642 803 5704 Vp.
817 5645 848 5691 01
1003 5645 1072 5692 solus
1090 5643 1136 5691 ΡΥ
1283 5657 1411 5705 cursorum
1430 5644 1453 5692 P
1605 5642 1638 5693 26
1656 5644 1780 5691 affectatio
1803 5642 1850 5690 VM

225 5727 258 5778 28
275 5727 363 5778 reseda
383 5727 429 5775 Pl
443 5743 476 5776 m.
496 5728 516 5775 l'
