4716 6476
932 518 1046 574 LIBER
1063 519 1158 574 Vllli.

912 863 940 929 u
959 860 1186 945 (xxxxvm.

853 999 913 1066 ln
936 999 1240 1067 cnnmmnuvu.
1884 1005 1921 1065 rr

324 1171 486 1250 Quantum
517 1171 625 1237 domni
654 1190 747 1237 meac
777 1172 896 1237 cultum
919 1170 1064 1236 Lucillus
1086 1169 1247 1252 quondam
1270 1169 1373 1256 pictor
1393 1169 1563 1253 adiecerit,
1596 1190 1668 1235 cum
1691 1170 1865 1254 potissimis

239 1274 410 1341 amicorum
440 1294 537 1340 nosse
566 1282 599 1340 tc
628 1281 748 1341 certum
779 1281 839 1340 cst.
886 1273 982 1339 buius
1011 1272 1129 1355 tilium,
1163 1293 1221 1357 per
1249 1281 1396 1338 naturam
1423 1273 1554 1356 quidem
1579 1324 1728 1338 ......
1755 1279 1788 1337 et
1808 1292 1866 1357 per

207 1401 220 1441 s
238 1378 461 1445 necessitatem
484 1379 595 1463 procul
618 1377 772 1463 positum,
803 1426 982 1442 .......
1001 1377 1062 1442 bus
1084 1375 1216 1442 iniustas
1225 1375 1386 1455 sollicitat,
1414 1383 1481 1442 orto
1505 1376 1677 1443 certamine
1699 1377 1783 1441 inter
1804 1397 1865 1440 nu-

238 1482 407 1548 merarium
437 1481 598 1565 quendam
627 1489 660 1547 ct
681 1480 887 1565 Opinatorem
919 1480 1039 1545 dudum
1069 1479 1247 1563 supradicti
1276 1479 1473 1564 possessoris
1494 1481 1657 1553 colonum,
1692 1479 1746 1562 qui
1769 1498 1867 1563 supe-

237 1584 354 1648 riorum
389 1591 566 1668 tcmporum
599 1583 768 1650 ratiocinia
801 1583 834 1649 in
864 1583 981 1648 Lucilli
1008 1589 1133 1648 vertere
1163 1582 1282 1647 damna
1311 1583 1416 1648 uicum
1444 1634 1622 1649 .......
1649 1602 1765 1667 posco,
1802 1602 1865 1646 non

240 1687 393 1771 gratiam,
428 1687 504 1752 licet
531 1686 723 1752 interventui
754 1707 825 1752 meo
856 1686 952 1752 etiam
975 1686 1040 1751 voti
1063 1693 1095 1752 et
1117 1684 1216 1752 studii
1238 1686 1381 1751 accessio
1405 1686 1571 1752 debeatur.
1618 1694 1650 1750 et
1671 1685 1773 1770 primo
1794 1686 1865 1750 ioco

238 1789 381 1874 postulo,
417 1800 449 1853 ut
477 1788 591 1854 domus
621 1790 682 1854 viri
710 1788 935 1874 pudentissimi
965 1790 1122 1872 longeque
1153 1789 1300 1871 degentis
1323 1810 1380 1873 per
1403 1788 1510 1853 officia
1532 1789 1662 1873 publica
1684 1795 1717 1852 ct
1737 1787 1866 1852 ordines

194 1898 308 1958 intuta
329 1897 521 1977 praestetur,
547 1891 673 1972 dehine,
701 1897 736 1957 ut
758 1892 785 1956 si
808 1890 886 1974 quid
908 1892 991 1957 inter
1014 1891 1087 1957 iilos
1110 1890 1338 1956 decertationis
1361 1898 1424 1972 est,
1451 1897 1504 1956 tno
1526 1890 1687 1969 †ccdatur
1709 1890 1859 1969 examini,

240 2014 280 2061 ne
302 1992 431 2078 quando
454 1995 545 2061 alteri
567 1994 667 2061 iudici
689 2001 819 2062 servata
841 1995 981 2078 cognitio
1003 1993 1177 2060 recidivam
1200 1994 1313 2059 Lucilli
1337 1994 1403 2060 filio
1425 1994 1540 2078 gignat
1559 1994 1720 2059 iniuriam.

767 2217 812 2283 nr
831 2217 1060 2301 (amum)
1094 2238 1124 2282 a.
1150 2220 1332 2282 aco-roo.

899 2355 1200 2422 nronnonono

323 2527 460 2606 Quintus
493 2535 525 2593 et
553 2527 645 2592 Felix
676 2527 930 2612 Hipponensium
965 2527 1103 2592 curiales
1137 2527 1196 2591 bas
1231 2525 1272 2592 dc
1305 2546 1356 2591 me
1389 2526 1514 2591 litteras
1548 2525 1760 2590 summatibus
1788 2525 1866 2590 viris

195 2652 221 2692 ra
239 2630 524 2697 intervenientibus
554 2630 780 2715 impetrarunt:
815 2630 912 2695 debui
941 2630 1024 2695 enim
1054 2630 1245 2715 probitatem
1271 2628 1435 2693 bominum
1458 2629 1499 2693 dc
1521 2629 1659 2694 testibus
1681 2629 1863 2694 aestimare.

239 2733 373 2799 interest
401 2733 500 2817 igitur
529 2733 691 2799 amicitiae
721 2740 866 2815 nostrae,
900 2753 940 2799 ne
970 2754 1046 2818 spes
1069 2754 1195 2813 eornm,
1230 2723 1284 2814 qui
1307 2753 1358 2797 me
1381 2732 1424 2796 ad
1446 2732 1702 2816 impetrationem
1725 2731 1865 2796 validum

241 2835 455 2915 crediderunt,
482 2835 619 2921 decepta
634 2836 792 2901 videatur.
832 2856 931 2920 quare
954 2837 982 2901 si
1005 2835 1082 2919 quid
1105 2856 1214 2902 eornm
1237 2841 1348 2920 poscet
1369 2833 1502 2915 utilitas,
1528 2834 1760 2918 benignitatem
1781 2834 1867 2899 adde

242 2939 393 3006 iustitiae.
441 2939 537 3005 credo
571 2939 654 3004 enim
689 2939 769 3004 talia
802 2958 874 3005 esse
906 2937 1087 3025 poscenda,
1124 2959 1207 3021 quae
1236 2958 1296 3004 nec
1323 2938 1565 3004 intervenientis
1593 2937 1778 3023 petitionem
1808 2956 1868 3002 nec

241 3042 434 3127 praestantis
456 3041 610 3110 iudicium
633 3042 827 3109 decolorent.

61 3234 66 3242 ’
193 3230 235 3325 20'
878 3266 938 3331 nn
961 3264 1222 3349 (xxxxum).

898 3403 1203 3470 ulxmrnrnuo.

324 3576 378 3642 lle
409 3596 450 3642 ex
481 3574 640 3641 sententia
669 3575 778 3641 valere
809 3575 974 3659 significo,
1004 3575 1060 3642 tibi
1085 3576 1227 3642 secunda
1250 3583 1326 3661 opto
1349 3584 1532 3662 suppetere.
1578 3582 1650 3660 post
1671 3576 1752 3639 baec
1773 3573 1814 3640 de
1836 3581 1868 3639 tc

243 3680 389 3764 postulo,
423 3678 507 3764 quod
538 3685 716 3764 spontanea
737 3679 934 3763 benignitate
957 3678 1108 3763 fecisses,
1141 3686 1177 3745 ut
1198 3680 1421 3745 conductorem
1444 3679 1491 3744 rei
1513 3696 1604 3743 meae
1626 3677 1805 3743 Siciliensis
1826 3675 1870 3743 ad

245 3782 442 3868 provinciam
465 3788 677 3848 revertentem
701 3780 797 3847 celeri
819 3789 1004 3848 transcursu
1026 3782 1069 3847 ad
1092 3782 1253 3849 destinata
1275 3781 1420 3848 dimittas
1445 3829 1852 3845 ...............

192 4022 221 4064 a
275 3988 284 3996 “
972 4004 1130 4090 amp).

324 4176 491 4243 Adsiduae
520 4175 704 4261 scriptionis
733 4177 856 4242 nullum
885 4181 991 4261 potest
1021 4196 1094 4243 esse
1117 4175 1293 4241 fastidium.
1340 4175 1458 4258 fungor
1479 4175 1577 4259 igitur
1598 4174 1686 4260 apud
1708 4182 1740 4241 te
1763 4176 1867 4243 salute
1890 4180 1961 4243 HF

240 4278 377 4346 dicenda
400 4278 561 4363 simulque
583 4280 690 4346 hortor
713 4286 745 4346 et
766 4279 932 4365 deprecor,
958 4286 993 4346 nt
1014 4279 1177 4346 hominum
1201 4299 1342 4345 meorum
1365 4299 1475 4344 curam
1496 4299 1609 4363 gerere
1632 4299 1694 4345 non
1709 4279 1863 4363 gravem.

240 4381 355 4466 quibus
385 4402 448 4447 non
477 4383 580 4448 solum
612 4382 782 4449 tribuenda
805 4390 855 4449 est
877 4382 1013 4465 fiducia,
1045 4382 1172 4465 siquid
1195 4402 1273 4448 usus
1296 4381 1475 4464 desideret,
1509 4382 1722 4466 suggerendi,
1756 4403 1867 4448 verum

240 4485 336 4551 etiam
366 4485 545 4552 necessitas
567 4485 779 4552 admovenda.
827 4484 908 4551 haec
930 4494 980 4552 est
1001 4487 1085 4552 enim
1109 4493 1225 4552 natura
1247 4504 1426 4565 servornm,
1461 4492 1496 4551 ut
1517 4486 1607 4552 adire
1629 4492 1774 4551 metuant
1795 4506 1868 4571 pro-

193 4608 222 4649 so
242 4587 373 4671 futuros,
401 4587 477 4653 dum
500 4590 629 4675 cuipam
652 4607 743 4655 snam
765 4596 911 4656 metuunt
932 4589 1144 4674 deprehendi.

326 4866 342 4915 3
360 4851 443 4933 meae]
466 4864 520 4929 (Γ),
541 4871 599 4915 tuac
620 4866 671 4928 (Π)
813 4863 934 4934 incure]
956 4866 1010 4929 (Γ),
1032 4881 1105 4916 nosce
1125 4867 1176 4929 (II)
1308 4869 1410 4929 quidem
1429 4874 1456 4916 ct
1474 4882 1519 4931 pur
1540 4868 1603 4929 (ΙΙ),
1625 4870 1742 4916 lacum
1759 4868 1868 4916 iudicavi

241 4952 256 5000 5
274 4953 384 5014 positum
402 4953 450 5001 bns
462 4953 557 5001 iniusta
568 4952 674 5001 sollicita
686 4958 751 5001 tortu
765 4951 796 5015 Γ,
816 4955 926 5016 positum
939 4953 1033 5001 iniusta
1045 4953 1153 5001 sollicita
1165 4958 1231 5002 carto
1245 4954 1296 5015 (11)
1404 4954 1419 5001 6
1438 4951 1575 5021 quandam]
1588 4952 1617 5013 Γ,
1639 4954 1764 5016 qnondam
1778 4955 1832 5015 (11)

240 5034 348 5104 dudum]
368 5038 431 5101 (Π),
452 5043 533 5087 totum
552 5036 578 5086 Γ
712 5038 773 5087 iin
793 5040 884 5087 Lucilii
903 5044 1001 5088 nemra
1019 5039 1109 5087 damna
1127 5040 1212 5086 uicum
1231 5053 1385 5088 *ausaausa
1404 5037 1488 5106 posco]
1508 5039 1537 5100 Γ,
1557 5042 1584 5088 iu
1604 5041 1694 5088 Lucilii
1713 5054 1866 5087 caussasse

240 5137 312 5187 posco
326 5124 375 5187 (115
484 5120 624 5191 9ut]spo,
639 5140 688 5173 om.
706 5124 756 5187 (ΙΙ)
862 5121 1052 5190 pudentissimi]
1066 5123 1121 5187 (Γ),
1136 5125 1325 5186 prudentissimi
1339 5126 1391 5186 (ΙΙ)
1501 5126 1531 5175 10
1550 5123 1787 5193 cedatursxamint]
1801 5128 1865 5187 (Π),

240 5210 355 5259 caedum
372 5212 490 5259 examino
509 5208 567 5273 (Γ),
587 5210 659 5259 eodm
675 5211 788 5259 examini
807 5211 943 5274 Kimttap,
964 5211 1066 5260 sciatur
1084 5211 1202 5260 crumina
1220 5212 1325 5271 laruae,
1346 5212 1462 5261 credatur
1479 5213 1590 5260 examini
1611 5211 1716 5272 murm,
1737 5212 1868 5260 decidatur

241 5297 357 5345 examina
374 5296 428 5345 cccl.
449 5296 609 5346 Batinum
624 5297 651 5358 (t)

331 5382 362 5431 13
379 5382 506 5431 Pollodorc
526 5382 577 5445 (ll)
687 5380 717 5431 ii
736 5384 925 5445 lppcmeusium
944 5382 998 5443 (Π)
1106 5383 1254 5432 licestrae
1272 5397 1321 5432 orn.
1340 5382 1380 5445 (Γ)
1491 5384 1521 5433 17
1540 5380 1713 5450 crediderunt]
1733 5382 1790 5445 (Γ),
1814 5398 1867 5432 crc-

240 5468 351 5517 ditlcrint
372 5469 421 5531 (Π)

328 5554 360 5603 22
379 5551 527 5622 suppetere]
549 5553 605 5617 (Γ),
626 5559 789 5616 anperpstara
809 5554 862 5615 (ΙΙ)
1003 5562 1060 5616 post
1077 5551 1148 5620 baec]
1170 5552 1227 5615 (Γ),
1247 5556 1350 5619 mathae
1372 5554 1421 5617 (11)
1573 5553 1607 5604 il
1626 5560 1796 5603 reuomentem
1813 5561 1868 5616 post

240 5647 385 5690 umacursu
402 5643 489 5702 repetit
510 5639 553 5701 (ΓΙ
659 5643 760 5702 pamla
777 5640 909 5700 spatulum
925 5640 1020 5688 claudit
1042 5640 1081 5699 (ΙΙ
1086 5642 1091 5701 l

327 5726 361 5775 26
379 5727 479 5776 assidua
497 5724 536 5774 Ν
555 5730 567 5774 l
587 5742 622 5775 m.
772 5724 805 5775 29
823 5722 992 5793 admouenda]
1011 5725 1073 5788 (Π),
1102 5727 1258 5774 admonenda
1275 5724 1321 5789 Pil,
1350 5726 1489 5775 amonendo
1508 5723 1552 5787 Fi,
1583 5728 1720 5776 amonendo
1739 5733 1777 5776 cst
1798 5728 1832 5775 Fi

241 5808 321 5879 cutm]
340 5810 443 5877 (mm,
464 5825 512 5861 cm.
528 5809 589 5860 Μ
693 5810 726 5862 30
744 5811 852 5875 dampna
869 5826 915 5861 sua
933 5807 972 5860 ΕΒ
1075 5813 1131 5861 nale
1148 5811 1206 5860 cdd.
1223 5809 1280 5860 Μ

1604 5914 1658 5969 32·
