4746 6472
1075 501 1272 556 SYMMACHI
1291 501 1502 556 EPISTVLAE

1132 867 1196 930 XII
1225 872 1300 931 ante
1316 887 1347 930 a,
1367 870 1441 930 395.

350 1003 459 1068 PVM
940 1004 1199 1069 SYMMACHVS
1226 1003 1444 1069 FLAVIANO
1468 1004 1635 1067 FRATRI.

563 1176 703 1260 Spatiari
725 1175 757 1239 in
781 1175 848 1239 loro
870 1174 959 1239 urbis
981 1182 1109 1240 nostrae
1138 1182 1210 1259 post
1231 1180 1381 1259 acceptas
1409 1195 1430 1238 a
1458 1195 1510 1239 mo
1532 1173 1655 1239 litteras
1685 1173 1855 1258 plerosque
1883 1174 2036 1257 cognovi,
2070 1179 2105 1239 et

477 1280 521 1343 sic
544 1279 639 1345 ulmis
661 1298 790 1359 vereor,
822 1277 961 1360 nequid
990 1278 1023 1342 in
1052 1297 1111 1344 uos
1138 1278 1262 1343 fraudis
1288 1277 1455 1343 admiserit
1477 1277 1629 1341 simulata
1650 1283 1725 1342 ante
1748 1276 1941 1362 properatio.
1989 1277 2104 1343 merito

474 1383 661 1467 apographa
688 1382 899 1466 epistularum
929 1403 1071 1447 mearum
1101 1381 1260 1463 simulque
1289 1381 1452 1447 hominum
1482 1380 1612 1445 nomina
1641 1379 1693 1445 vel
1721 1379 1862 1463 legenda
1888 1379 1946 1444 tibi
1972 1380 2025 1445 vel
2051 1399 2141 1447 re-⁵

475 1485 614 1569 legenda
642 1487 776 1552 subieci.
835 1493 869 1551 tu
899 1485 1040 1550 vicissim
1071 1485 1112 1550 de
1142 1484 1279 1568 singulis
1306 1483 1385 1548 mihi
1414 1491 1471 1548 aut
1499 1483 1623 1568 impleti
1652 1482 1750 1549 officii
1781 1481 1876 1547 fidem
1905 1482 2019 1548 nuntia
2048 1489 2106 1548 aut

476 1589 588 1655 violati
609 1590 708 1675 prode
730 1589 908 1675 perfidiam.
957 1608 1019 1653 non
1042 1588 1163 1653 minore
1187 1606 1265 1652 sane
1287 1608 1365 1654 cura
1387 1588 1481 1672 cupio
1503 1606 1706 1670 cognoscere,
1733 1607 1774 1651 an
1790 1605 1901 1651 omnes
1915 1586 2106 1669 obsignatas

475 1693 633 1777 epistulas
666 1712 756 1758 meas
789 1692 964 1775 sumpseris
998 1712 1035 1757 eo
1065 1692 1179 1771 anulo,
1222 1711 1284 1773 quo
1313 1710 1430 1755 nomen
1459 1709 1566 1755 meum
1594 1690 1700 1773 magis
1728 1689 1875 1773 intellegi
1907 1710 2004 1771 quam
2037 1690 2105 1773 legi

436 1800 656 1881 2promptum
687 1803 745 1861 est.
793 1796 874 1860 nihil
903 1801 1012 1861 autem
1041 1795 1158 1874 fuisse,
1193 1794 1278 1877 quod
1307 1800 1448 1859 metuam
1477 1794 1652 1879 publicari,
1689 1793 1833 1858 decursis
1862 1793 2106 1877 exemplaribus

475 1899 646 1964 iudicabis.
693 1919 754 1963 nec
776 1905 826 1965 est
848 1900 916 1964 ulla
936 1899 1019 1964 inter
1041 1917 1099 1963 nos
1122 1917 1221 1962 causa
1243 1897 1369 1961 secreti.
1417 1902 1527 1981 aperto
1549 1903 1677 1980 pectore
1699 1896 1807 1961 officia
1821 1916 1902 1980 pura
1915 1895 2100 1961 miscemus.
2128 1914 2159 1953 ιο

475 2002 555 2067 nihil
578 2002 611 2066 in
638 2002 833 2068 conscicntia
862 2004 957 2081 latet,
988 2001 1072 2085 quod
1102 2001 1289 2084 scriptorum
1320 2000 1477 2065 cuniculis
1506 2001 1680 2065 occulatur.
1728 2000 2117 2083 sud-now

476 2105 674 2190 simplicitati
696 2111 823 2170 nostrae
846 2126 909 2171 non
933 2106 1075 2169 sinamus
1098 2103 1211 2169 inludi.
1259 2124 1363 2186 neque
1392 2103 1476 2168 enirn
1509 2102 1678 2186 diligentia
1706 2122 1780 2167 mea
1808 2101 1905 2167 debet
1934 2101 2105 2168 admittere

476 2209 683 2295 proditorem,
708 2209 785 2290 quia
806 2209 912 2273 cautIo
933 2207 1103 2292 praestitit,
1129 2226 1169 2271 ne
1192 2207 1348 2272 timerem.
1396 2206 1480 2271 vale.

1170 2516 1251 2581 XIII
1280 2537 1311 2580 a.
1331 2518 1405 2581 389.

938 2600 1199 2719 sr⁷MMncrIvs
1225 2652 1443 2719 FLAVIANO
1467 2652 1636 2717 FRATRI.
2128 2675 2159 2714 11

563 2831 644 2897 Cum
668 2828 779 2894 civiles
802 2834 833 2893 et
855 2826 991 2892 bellicas
1013 2825 1128 2891 laudes
1152 2825 1272 2890 domini
1294 2823 1394 2889 nostri
1408 2823 1582 2889 Theodosii
1607 2823 1672 2889 stili
1695 2824 1812 2889 honore
1828 2845 2046 2909 percurrerem
2063 2864 2104 2872 -

476 2935 581 3018 magIs
613 2933 697 2998 enim
731 2928 904 3014 contigisse
937 2951 988 2995 me
1022 2930 1129 2994 omnia
1161 2949 1257 3010 qrrarn
1284 2927 1483 2993 satisfecisse
1510 2927 1646 3010 singulis
1672 2926 1776 2993 fateor
1796 2966 1855 3009 -,
1887 2928 1985 2993 etiam
2018 2929 2107 3012 leges

477 3040 546 3104 eius
569 3037 660 3103 bonis
683 3035 773 3120 pacis
795 3033 963 3115 admiscui,
990 3053 1071 3116 quas
1094 3040 1129 3097 ut
1150 3052 1300 3097 noveram
1325 3031 1440 3116 priscis
1462 3030 1623 3096 ademisse
1646 3030 1908 3113 admirationem,
1933 3031 1980 3096 ita
2001 3051 2107 3098 reser-

476 3160 571 3206 vasse
595 3139 687 3205 nobis
709 3157 818 3222 parem
841 3137 977 3220 gloriam
999 3157 1062 3202 non
1084 3137 1250 3220 putabam.
1297 3155 1408 3199 verum
1430 3135 1512 3199 haec
1527 3152 1639 3200 recens
1655 3134 1777 3199 sanctio
1792 3135 1833 3199 de
1849 3133 2106 3200 fideicommissis

477 3251 509 3309 et
530 3243 748 3308 codicillorum
772 3240 947 3305 commodis
970 3241 1011 3305 ab
1033 3239 1152 3323 optimo
1175 3239 1319 3323 principe
1341 3238 1374 3302 in
1396 3244 1562 3303 aeternum
1584 3237 1763 3322 repudiatis
1777 3244 1901 3303 tantum
1916 3237 2107 3304 claritudine
2129 3260 2161 3301 ao

478 3346 642 3430 egreditur
663 3345 768 3409 lucem
791 3343 1006 3427 superiorum,
1033 3347 1186 3424 quantum
1209 3341 1379 3425 augustius
1401 3349 1452 3406 est
1472 3340 1596 3423 regenti
1618 3342 1679 3405 sibi
1699 3361 1795 3423 quarn
1818 3340 1955 3407 subditis
1977 3341 2106 3407 modum

436 3456 455 3515 2
479 3469 609 3536 ponere.
654 3454 751 3529 atque
775 3446 896 3512 utinam
919 3446 1045 3529 privata
1065 3445 1203 3510 avaritia
1225 3451 1364 3510 mentem
1387 3444 1498 3509 latoris
1521 3444 1690 3526 intellegat
1719 3451 1752 3509 et
1780 3464 1884 3509 mores
1916 3444 1957 3510 de
1979 3444 2107 3527 legibus

477 3552 600 3618 trahat!
642 3569 748 3632 neque
778 3550 862 3614 enirn
892 3551 988 3630 latet,
1021 3547 1098 3631 quid
1128 3555 1240 3633 sponte
1269 3553 1393 3613 ceteros
1422 3546 1501 3612 velit
1523 3546 1646 3629 facere,
1679 3546 1733 3630 qui
1757 3554 1907 3631 suspecta
1928 3546 2109 3630 conpendia

477 3656 599 3741 primus
621 3652 794 3719 exhorruit.
842 3673 902 3736 ego
930 3658 1016 3718 certe
1045 3672 1173 3731 vereor,
1206 3670 1247 3716 ue
1274 3650 1490 3734 improborum
1521 3649 1591 3714 sitis
1621 3648 1664 3714 ad
1694 3669 1730 3714 se
1759 3649 1922 3715 existimet
1950 3650 2109 3734 pertinere

477 3764 645 3841 quaestum
676 3756 833 3822 caducum
862 3755 981 3839 fiatque
1011 3754 1229 3821 innocentium
1252 3772 1352 3819 causa
1374 3753 1529 3833 deterior,
1561 3738 1589 3818 si
1611 3752 1654 3818 ad
1676 3773 1731 3819 eos
1753 3760 1877 3819 tanturn
1900 3752 1977 3819 falsi
1998 3753 2111 3820 redeat
2132 3776 2165 3818 aa

478 3862 623 3944 occasio,
658 3861 713 3943 qui
743 3880 846 3944 noque
875 3860 950 3943 lege
980 3879 1086 3942 neque
1115 3857 1237 3943 pudore
1272 3857 1470 3923 cohibentur.
1518 3876 1595 3940 ergo
1629 3856 1705 3940 quia
1738 3856 1935 3922 dominorum
1966 3856 2111 3923 oondIcio

438 3973 457 4033 3
479 3965 624 4031 restricta
645 3969 704 4045 est,
731 3963 866 4048 privatis
890 3962 1119 4046 cupiditatibus
1141 3960 1302 4026 medicina
1323 3960 1402 4025 iuris
1424 3967 1580 4025 occurrat.
1628 3960 1748 4044 frigent
1767 3959 1887 4025 iamdiu
1903 3959 1992 4045 apud
2007 3960 2111 4025 homi-

476 4088 534 4134 nes
557 4067 744 4145 criminosos
766 4072 877 4132 vetera
899 4065 1038 4146 decreta,
1065 4085 1199 4149 quornm
1221 4064 1315 4146 vigor
1337 4084 1409 4129 cnm
1431 4063 1586 4130 latoribus
1602 4063 1668 4129 suis
1691 4063 1817 4129 occidit.
1864 4069 1989 4129 tantum
2005 4061 2111 4129 denuo

475 4170 605 4255 legibus
633 4169 815 4235 severitatis
845 4168 1030 4234 addendum
1059 4175 1126 4250 est,
1160 4175 1316 4251 qnantum
1347 4165 1472 4250 flagitia
1503 4173 1681 4232 creverunt.
1729 4166 1889 4247 alioquin,
1923 4166 1952 4231 si
1980 4166 2110 4231 maioris

476 4275 577 4359 partis
600 4271 758 4339 deseritur
779 4271 979 4351 emendatio,
1013 4270 1132 4336 frustra
1162 4291 1198 4336 se
1225 4270 1352 4355 asperis
1375 4269 1595 4335 sanctionibus
1617 4270 1706 4334 solus
1728 4269 1903 4354 imperator
1923 4269 2105 4351 adstrinxit,
2131 4295 2163 4334 aa

476 4377 532 4459 qui
555 4396 682 4462 semper
702 4375 806 4440 bonus
829 4382 863 4441 et
883 4374 1009 4458 integer
1030 4374 1172 4439 moribus
1195 4373 1267 4439 fuit.
1315 4374 1399 4439 vale.

564 4584 595 4633 19
614 4581 684 4636 (lod.
705 4580 848 4635 Theodos.
868 4579 909 4634 IV
927 4583 952 4645 4,
972 4583 987 4632 2
1008 4581 1066 4635 dat.
1088 4579 1241 4635 Mediolani
1259 4580 1286 4634 X
1304 4578 1333 4634 k.
1354 4580 1438 4635 Febr.
1459 4579 1585 4634 'ffimasio
1603 4585 1634 4634 et
1651 4578 1784 4633 Promoto
1803 4594 1876 4634 coss.

562 4911 643 4962 iom.
663 4911 714 4962 VM
810 4908 936 4978 3111111]
955 4926 1008 4974 epo,
1030 4910 1168 4960 aarum
1259 4910 1421 4973 5aprogrsls
1435 4909 1464 4973 P,
1484 4912 1638 4972 acprograla
1653 4910 1681 4973 V,
1701 4924 1730 4958 ae
1742 4924 1787 4972 pro
1799 4910 1882 4971 gructa
1895 4909 1924 4957 rt
2013 4911 2110 4961 (isub-

475 5001 543 5048 iectu
562 5000 675 5048 uicissim
698 4999 720 5046 V
821 4999 870 5046 fids
889 4998 934 5046 Pl
950 4999 1024 5047 m.V
1126 4996 1142 5046 8
1161 4998 1320 5045 summiseris
1343 4996 1364 5043 l'

564 5085 594 5134 15
613 5099 661 5135 om.
682 5085 729 5133 VM
846 5084 877 5135 16
896 5083 1126 5133 theodosile.
1247 5083 1276 5132 11
1295 5085 1361 5143 legis
1380 5083 1427 5131 PV
1543 5082 1573 5132 18
1593 5084 1617 5131 el
1638 5084 1661 5131 P
1771 5084 1840 5144 pacis
1862 5082 2032 5145 (1111111111.)
2055 5083 2078 5130 P

476 5174 596 5221 adimisse
615 5172 660 5220 Pl
675 5187 708 5221 m.
835 5185 950 5219 seruasse
972 5170 1019 5217 VM
1144 5168 1175 5218 19
1195 5171 1268 5219 nouis
1287 5171 1386 5219 Iuratus
1507 5171 1567 5218 fldel
1586 5170 1751 5218 commisisset
1771 5169 1793 5217 V
1914 5168 1948 5219 20
1967 5172 1998 5218 ab
2015 5184 2064 5220 om.
2078 5170 2109 5231 P,

475 5258 536 5319 sort.
557 5258 629 5305 scrib.
651 5260 745 5319 optimo
761 5259 873 5321 principi
978 5256 1009 5306 21
1029 5258 1127 5317 regenti
1145 5252 1207 5323 sibi]
1225 5258 1335 5319 leretur,
1357 5257 1474 5316 regendis
1487 5254 1616 5318 avuta,
1637 5256 1712 5316 regiis
1732 5255 1867 5305 Mommsen
1970 5254 2003 5305 22
2021 5257 2111 5306 latores

475 5344 666 5406 intellegatPl
681 5360 726 5405 aa,
741 5346 874 5405 intellegat
887 5344 1016 5393 latorcsl'
1118 5342 1283 5392 13111111111
1379 5339 1508 5409 suspecta]
1521 5343 1550 5404 P,
1572 5349 1688 5405 susceptu
1705 5340 1802 5391 ruso
1905 5339 1938 5390 24
1956 5354 2014 5402 ergo
2030 5339 2073 5405 (Γ)

476 5430 578 5480 satlsP
680 5429 945 5480 arroasiam?
1046 5431 1142 5490 frigent
1159 5427 1266 5496 Iamdiu]
1284 5431 1391 5493 leretur,
1413 5429 1534 5490 frigentia
1552 5430 1596 5478 din
1616 5427 1691 5477 PVII
1793 5427 1826 5477 28
1844 5431 1995 5477 criminosus
2013 5429 2108 5478 le.
