4744 6476
716 502 752 556 11.
775 501 973 556 LAVDAuro
993 502 1030 555 lu
1050 500 1369 555 VALENTINIANVM
1389 500 1424 553 11.
1822 501 1883 562 325

261 698 293 756 et
314 691 467 774 auspiciis
489 691 672 773 adiuvares,
699 711 759 756 nec
780 690 971 756 dubitabant
993 689 1168 775 principem
1191 690 1336 774 protinus
1358 688 1553 754 adiuturum.
1593 688 1648 771 qui
1665 688 1747 753 inter
1761 688 1884 753 divisas

260 795 403 860 cohortes
427 793 646 877 discretasque
665 794 670 879 l
690 793 833 877 legiones
856 800 889 859 et
910 793 1037 858 illorum
1061 792 1182 877 coeptis
1199 792 1383 877 inprovisus
1398 790 1542 856 interfuit
1555 798 1588 857 et
1600 791 1692 856 nohis
1708 790 1878 875 praestitit,
1896 811 1970 851 saur.
1985 824 2006 862 ρ.
2022 812 2060 852 oro

259 896 343 980 quod
371 896 501 962 resedit.
548 896 595 961 ita
623 895 713 961 nulla
743 916 819 981 pars
848 902 964 980 questa
993 904 1060 976 est,
1094 896 1147 961 vel
1170 895 1233 960 cito
1255 895 1362 961 abisse
1385 894 1549 960 duetorem
1572 895 1623 960 vel
1647 915 1719 960 sero
1741 894 1880 961 venisse.

259 1000 370 1065 divina
399 1000 532 1065 consilia
554 1005 626 1084 post
646 999 816 1065 terminum
840 1006 968 1084 patent:
1001 999 1221 1082 intellegimus
1243 1006 1275 1064 te
1297 998 1371 1064 ideo
1392 997 1599 1082 praemisisse
1621 997 1809 1078 nonnullos,
1843 1016 1884 1062 ne

226 1110 345 1168 resset
366 1102 459 1168 tarda
480 1102 629 1184 victoria,
663 1102 735 1168 idco
758 1103 928 1187 plerosque
949 1102 1109 1185 tenuisse,
1135 1120 1176 1167 ne
1198 1108 1285 1168 esset
1305 1099 1474 1166 multitudo
1498 1108 1660 1185 suspecta.
1707 1108 1782 1165 ante
1804 1100 1884 1165 Ala-

258 1207 420 1271 manniam
444 1205 644 1291 mancipasti,
670 1226 768 1288 quam
790 1204 941 1271 interiora
964 1224 1146 1288 quaereres.

377 1316 465 1371 Vides
484 1318 552 1372 nihil
571 1334 635 1372 esse
653 1318 792 1386 prolixum
810 1333 911 1385 magna
930 1318 1110 1373 curantibus:
1136 1332 1188 1371 nec
1207 1323 1397 1372 remanentem
1416 1316 1565 1385 relinquis,
1586 1330 1638 1370 nec
1657 1333 1674 1369 a
1692 1315 1882 1383 praecedente
1906 1313 1923 1371 7

257 1421 407 1474 desereris.
445 1420 561 1487 ignosco
580 1421 635 1473 iam
655 1420 783 1475 desidiae
801 1418 998 1474 barbarorum:
1018 1420 1086 1490 quid
1104 1421 1184 1477 iuvat
1202 1434 1346 1490 quaerere,
1366 1418 1415 1474 ubi
1433 1419 1610 1495 potissimum
1623 1418 1721 1487 degas,
1742 1433 1804 1472 cunr
1817 1419 1883 1473 ubi-

257 1539 311 1592 que
330 1538 439 1591 semper
457 1529 614 1591 appareas‘l
634 1515 647 1598 ΙΙ
1087 1568 1096 1585 ,

208 1638 237 1679 ro
343 1617 431 1683 Cedo
452 1616 542 1695 mihi,
567 1616 749 1700 imperator,
776 1618 854 1683 belli
875 1617 1006 1683 Iliensis
1021 1616 1203 1683 historiam!
1245 1616 1386 1705 probabo
1402 1616 1571 1683 Graeciam
1595 1637 1695 1702 parva
1717 1617 1882 1682 mentitam
1906 1622 1925 1681 8

256 1739 316 1785 nec
339 1719 552 1804 magnitudini
575 1719 714 1785 seruisse
736 1740 795 1786 nce
818 1719 905 1786 fidei.
946 1720 1037 1786 aiunt
1058 1718 1173 1786 heroas
1193 1718 1236 1784 ad
1251 1719 1379 1784 Troiam
1404 1720 1508 1785 classe
1523 1720 1648 1786 deleas
1661 1720 1765 1803 ignoti
1781 1720 1883 1786 litoris

256 1822 403 1888 timuisse
426 1829 615 1903 contactum,
643 1822 744 1889 donec
766 1823 938 1889 formidata
959 1842 1115 1907 responsa
1137 1823 1190 1888 vel
1213 1828 1361 1888 strenuus
1382 1824 1562 1889 temeritate
1584 1824 1678 1889 iniret
1694 1824 1745 1889 vel
1770 1822 1883 1889 fraude

255 1932 403 1991 versutus
426 1925 580 1991 eluderet.
628 1926 702 1992 nolo
733 1926 843 2009 dolos,
875 1926 950 1991 nolo
980 1928 1165 1992 conmenta!
1213 1927 1246 1991 in
1278 1926 1419 1991 exercitu
1450 1926 1605 2011 principis
1634 1927 1696 1991 mei
1726 1932 1882 1990 certatum

256 2036 322 2109 est,
355 2028 427 2111 quis
450 2029 572 2112 primus
595 2027 714 2111 exiret,
746 2029 883 2094 necdum
911 2036 1055 2094 extrema
1084 2030 1223 2113 riparum
1256 2029 1386 2093 navalia
1408 2036 1513 2094 rostra
1535 2030 1742 2113 pulsaverant
1763 2035 1796 2093 et
1817 2029 1881 2093 ianr

207 2156 236 2194 15
255 2131 349 2197 miles
377 2131 505 2215 inpiger
534 2131 696 2207 desilibat.
744 2133 803 2198 sub
832 2133 891 2198 tali
920 2131 1002 2198 duee
1029 2138 1100 2198 tuta
1122 2132 1249 2198 devotio
1273 2140 1340 2211 cst,
1374 2132 1481 2214 magis
1503 2131 1722 2215 unusquisque
1744 2130 1877 2213 curavit,

256 2255 297 2300 ne
319 2234 392 2318 quis
414 2235 561 2315 anteiret,
588 2255 683 2317 quam
707 2255 747 2300 nc
770 2234 843 2315 quis
865 2242 1054 2301 occurreret.
1895 2288 1968 2329 ,m
1983 2301 2004 2339 „
2019 2292 2058 2329 m

341 2339 419 2403 Plus
445 2338 450 2424 l
476 2337 596 2403 videris
626 2337 706 2402 mihi
736 2341 839 2422 spisse
869 2357 965 2420 quam
992 2337 1115 2419 cuncti,
1149 2337 1203 2420 qui
1230 2338 1389 2403 fortunam
1412 2337 1550 2421 singulis
1573 2337 1773 2422 praestitisti.
1819 2345 1925 2405 non9

254 2440 384 2508 harenis
410 2441 552 2507 inmersa
572 2441 708 2506 haesere
730 2441 870 2523 vestigia
892 2460 952 2506 nec
973 2440 1094 2506 tardior
1116 2440 1207 2506 nisus
1229 2458 1287 2525 per
1307 2441 1434 2507 adclive
1457 2448 1625 2506 cunctatus
1646 2448 1706 2506 cst.
1754 2440 1883 2506 mitiora

254 2545 362 2609 omnia
383 2544 455 2610 visa
477 2551 565 2623 sunt,
591 2564 685 2626 quam
710 2543 854 2609 inerunt:
888 2544 1020 2609 Rhenus
1043 2543 1206 2628 placidus,
1238 2564 1309 2609 cum
1332 2551 1505 2627 aestuaret,
1531 2553 1618 2610 terra
1640 2543 1783 2625 stabilis,
1810 2564 1882 2609 cum

204 2668 234 2710 ao
254 2647 445 2729 dehisceret,
471 2647 544 2731 ripa
566 2646 702 2731 planior,
729 2666 800 2711 cum
823 2652 970 2713 tumeret.

338 2750 398 2814 His
428 2749 555 2815 virtutis
583 2749 771 2815 excursibus
793 2770 856 2814 non
879 2750 1057 2834 obreptioni
1080 2750 1132 2815 via
1155 2750 1319 2832 quaeritur
1339 2771 1399 2816 nec
1421 2748 1608 2834 repentinae
1630 2748 1722 2815 caedi
1744 2748 1880 2814 insidia·
1905 2756 1944 2815 10

254 2873 323 2918 rum
345 2853 500 2937 {appecit
522 2853 616 2918 ferire
640 2860 851 2937 praeventum
878 2860 1025 2919 exaturat
1047 2853 1189 2919 animum
1211 2854 1386 2936 gloriosum
1409 2853 1571 2918 fortunata
1585 2852 1751 2918 velocitas.
1791 2851 1881 2918 abire

253 2976 324 3020 cum
358 2957 469 3021 liberis
502 2963 551 3037 et,
591 2976 655 3037 quo
688 2956 793 3039 magis
822 2964 1068 3041 cognoscerent,
1106 2958 1194 3022 bella
1222 2956 1327 3040 exigi,
1364 2956 1539 3041 patiebaris
1568 2977 1589 3021 a
1616 2954 1763 3020 barbaris
1791 2975 1881 3019 arma

156 3052 159 3059 ’
253 3060 428 3125 transferri.
469 3080 562 3124 neme
585 3059 704 3124 vilibus
727 3060 840 3124 culmis
864 3067 1008 3126 contecta
1031 3060 1201 3144 gurgustia
1222 3060 1418 3126 internecivo
1441 3059 1518 3142 igue
1540 3059 1713 3144 populatus
1735 3064 1795 3137 cst,
1809 3052 1881 3123 nec

203 3183 234 3226 us
253 3162 481 3228 indormientcs
511 3162 638 3228 lectulis
668 3161 755 3228 feras
782 3170 902 3229 matres
931 3164 1142 3228 antelucanus
1165 3170 1273 3249 raptor
1295 3163 1449 3242 exuerit,
1481 3162 1537 3227 vix
1559 3161 1718 3228 desudata
1738 3162 1772 3226 in
1795 3161 1881 3226 diem

253 3266 384 3349 crapula
410 3267 423 3349 ll
449 3280 479 3329 ct
501 3272 677 3342 refrigeratis
703 3275 844 3330 cubilibus
870 3266 883 3352 ΙΙ
910 3266 1020 3349 fugam
1055 3265 1170 3331 veniae
1204 3266 1410 3331 miscuemnt.
1458 3272 1492 3331 ut
1526 3265 1662 3331 dammis
1696 3264 1879 3349 pumicibus

252 3388 385 3452 campus
407 3370 563 3453 aperitur,
588 3373 601 3456 ΙΙ
625 3386 656 3434 ut
679 3380 791 3447 agmina
816 3381 920 3447 ignava
938 3393 1086 3434 cervorum
1105 3378 1233 3433 latibulis
1252 3383 1346 3432 emota
1363 3377 1545 3432 silvestribus
1562 3377 1591 3430 in
1609 3376 1693 3444 plana
1712 3383 1850 3443 coguntur
1871 3388 1873 3407 ⁴

251 3471 297 3535 ita
325 3471 448 3553 gratius
476 3478 578 3537 visum
609 3482 658 3539 est
687 3474 918 3541 discurrentem
948 3474 1119 3539 barbarum
1143 3479 1289 3556 spectare
1312 3493 1408 3556 quam
1431 3471 1577 3537 caedere.
1626 3471 1780 3555 triumphi
1801 3490 1877 3556 spc—
1903 3478 1935 3537 ll

252 3574 333 3638 ciem
364 3575 440 3640 vicit
471 3576 652 3661 inpunitas:
685 3578 713 3642 si
742 3578 825 3644 bene
855 3578 991 3643 aestimo
1021 3577 1159 3660 rigidum
1190 3575 1329 3641 nationis
1358 3575 1540 3658 ingenium,
1571 3574 1670 3639 vitam
1700 3574 1801 3639 credit
1828 3574 1880 3639 in-

202 3702 232 3741 :sc
252 3676 385 3759 famem,
417 3680 467 3745 cui
489 3687 690 3763 contemptus
712 3681 881 3765 ignoverit.
900 3683 913 3764 ΙΙ
934 3706 1082 3759 numquam
1101 3690 1246 3759 paeniteat
1262 3690 1426 3756 pepercisse
1444 3687 1596 3742 metuenti:
1617 3687 1678 3740 laus
1697 3687 1878 3740 certaminum

252 3787 378 3853 sorltuita
396 3795 450 3855 est,
471 3797 549 3845 certa
568 3793 733 3846 clementiae
756 3784 768 3867 ΙΙ
790 3784 844 3866 qui
867 3783 975 3848 odium
999 3783 1115 3848 hostile
1138 3804 1201 3847 nou
1224 3784 1355 3863 meruit,
1386 3803 1447 3867 par
1468 3801 1542 3848 esse
1565 3780 1693 3846 desivit.
1741 3782 1875 3847 alterum
1890 3800 1962 3841 emur.
1977 3813 1999 3851 p.
2014 3804 2053 3843 uec

250 3903 384 3948 necesse
407 3893 456 3949 est
478 3885 519 3949 de
542 3885 718 3950 miserabili
741 3886 861 3970 populo
884 3886 1096 3970 suspicemur:
1129 3885 1157 3950 si
1180 3885 1328 3951 adiicitur
1349 3884 1552 3968 indulgentia
1574 3891 1640 3965 tua,
1666 3883 1744 3948 mihi
1767 3884 1874 3967 crede,

250 3984 383 4068 punitus
405 3993 464 4065 est,
494 3987 523 4051 si
546 3988 734 4069 gratulatur,
762 3988 917 4052 obnoxius
940 3994 999 4052 est.
1826 4056 1829 4060 .

335 4088 469 4168 Dicam,
508 4090 594 4172 quod
622 4091 713 4156 nulla
742 4097 948 4155 monumenta
977 4096 1150 4155 testantur:
1183 4090 1262 4156 tibi
1288 4090 1395 4155 incola
1424 4090 1504 4155 vivit
1532 4088 1763 4161 Alamanniae;
1796 4108 1875 4172 quos
1901 4095 1939 4155 12

201 4215 230 4251 aa
250 4190 335 4255 ferro
358 4193 530 4273 subtrahis,
557 4193 650 4258 addis
672 4193 817 4278 imperio.
865 4201 916 4258 sat
938 4200 998 4272 cst,
1024 4193 1110 4276 quod
1133 4214 1237 4259 mores
1260 4193 1403 4277 gentium
1426 4192 1588 4278 parcendo
1612 4192 1752 4258 mutasti.
1800 4192 1877 4276 quid

249 4294 315 4358 illis
347 4295 499 4360 remansit
529 4296 676 4375 inmune,
710 4316 844 4378 quorum
872 4296 962 4361 salus
991 4297 1174 4380 mancipatu
1204 4303 1254 4362 est
1275 4296 1442 4361 beneficiis
1463 4297 1528 4361 tuis
1550 4303 1583 4361 et
1603 4304 1689 4362 terra
1711 4296 1877 4362 castellisrt

249 4398 318 4461 iure
340 4397 466 4462 interim
490 4398 582 4464 liberi
605 4405 692 4479 sunt,
725 4397 784 4464 sed
812 4399 878 4463 ianr
905 4398 1026 4483 pudore
1057 4400 1187 4484 captivi.
1234 4421 1277 4465 an
1307 4399 1349 4463 ad
1378 4399 1554 4481 longinqua
1577 4398 1763 4482 diffugient,
1796 4418 1876 4481 quos
1904 4404 1908 4410 “

248 4520 313 4564 uon
336 4501 455 4565 vexilla
477 4508 599 4565 tantum
622 4509 697 4583 tua,
729 4521 839 4566 vemm
863 4502 959 4567 etiam
982 4522 1067 4567 nova
1088 4502 1208 4588 oppida
1230 4508 1487 4587 persequuntur.l
1530 4501 1667 4566 exclusit
1695 4503 1799 4567 cultus
1825 4502 1876 4565 in·
1901 4507 1939 4567 13

252 4669 291 4676 -ι
458 4671 465 4675 .
477 4671 557 4676 —-.

336 4761 568 4810 illecdubltrhunt
586 4774 678 4809 secum
695 4767 772 4822 ceput
790 4765 877 4823 incipit
896 4766 922 4810 lu
939 4763 1020 4811 codice
1125 4764 1140 4811 3
1158 4768 1263 4825 quscsts
1367 4759 1586 4827 blntcmpolrlors
1607 4765 1618 4808 l
1638 4777 1671 4812 us.

335 4848 349 4895 7
368 4850 442 4896 uides
461 4849 524 4896 nihil
544 4862 599 4896 csse
616 4874 652 4884 -
669 4846 685 4895 9
704 4862 802 4909 semper
820 4862 938 4911 sppsrcss
955 4853 1014 4896 aaa
1033 4850 1048 4897 5
1067 4856 1127 4897 ante
1146 4850 1319 4898 dlsmsnnlsm
1338 4848 1496 4897 {masuam
1514 4852 1566 4897 erut
1671 4847 1684 4895 'l
1704 4849 1849 4912 relinqueris

336 4934 367 4983 12
386 4932 519 5000 llrmlidsts
540 4939 550 4982 l
573 4950 607 4983 m.

336 5020 366 5068 17
385 5034 489 5080 eggcsse
596 5019 627 5068 18
645 5021 823 5081 haeserestlgis
844 5025 855 5068 l
874 5037 907 5069 m.
1018 5020 1048 5069 19
1067 5018 1129 5085 suns

334 5106 363 5154 21
387 5120 433 5153 nec
451 5108 599 5168 repentinae
617 5107 686 5154 cssdi
706 5121 780 5167 suss3
806 5122 892 5169 parurn
910 5107 992 5169 placet
1008 5108 1084 5154 ferire
1103 5113 1252 5168 praeacutos
1271 5107 1370 5169 Haupt,
1399 5121 1445 5155 nse
1469 5107 1618 5167 repentinae
1637 5107 1707 5155 credi
1726 5106 1878 5154 insidiarum-

246 5189 392 5257 spps[rstus
407 5194 535 5242 statuitur.
556 5194 658 5240 nolebss
676 5194 819 5241 obtruncari
838 5189 962 5259 aduentu]
980 5194 1093 5240 citeriore
1110 5200 1260 5254 prseusntos
1280 5193 1411 5253 Kiessliup,
1433 5193 1511 5242 caedi.
1531 5193 1684 5240 insidiarum
1704 5192 1781 5253 piget,
1802 5192 1873 5253 piget

247 5280 322 5326 ferire
334 5283 485 5341 praeacutos
498 5278 620 5325 Baehrens
719 5277 752 5327 23
772 5276 941 5343 etbsrbairlsl
957 5278 1102 5339 m.,sadd.
1118 5281 1179 5326 im.
1280 5277 1312 5327 24
1331 5274 1434 5343 culmis]
1446 5278 1543 5337 Haupt,
1564 5279 1681 5325 culminis
1780 5275 1812 5325 25
1832 5278 1873 5324 lu·

246 5366 395 5412 dormientis
415 5368 426 5412 l
446 5379 481 5414 m.
621 5364 775 5413 scribosdum
798 5369 851 5412 erut
875 5369 919 5412 aut
944 5366 988 5412 uix
1010 5365 1132 5413 desudata
1156 5366 1182 5411 iu
1205 5365 1272 5413 diem
1297 5366 1397 5425 crapula
1416 5369 1462 5411 aut
1482 5364 1525 5411 uix
1543 5364 1695 5423 refrigeratis
1714 5364 1840 5410 cubilibus

246 5448 279 5498 26
297 5450 395 5498 damnis
415 5454 427 5497 l
447 5465 480 5497 m.
605 5453 633 5498 irs
649 5454 730 5511 primu
749 5452 855 5499 editione
872 5454 991 5512 scripturn
1008 5457 1061 5500 erut
1080 5456 1109 5499 ut
1125 5452 1231 5499 dammis
1250 5451 1393 5513 pernicibus
1412 5464 1514 5513 campus
1532 5451 1654 5511 aperitur,
1674 5453 1702 5497 r'rs
1719 5448 1826 5496 &cundo
1846 5456 1874 5497 ut

246 5536 345 5594 agmins
362 5538 454 5597 igusus
471 5550 601 5584 ceruorum
620 5538 734 5586 lstlbulls
751 5544 832 5586 emota
850 5537 1009 5587 siluestribus
1027 5539 1053 5586 ln
1072 5539 1146 5602 pisus
1157 5545 1280 5598 coguntur
1299 5537 1421 5597 Kiessltnp
1526 5535 1559 5585 28
1577 5536 1681 5583 uiusum
1785 5536 1873 5582 cedere

333 5620 365 5669 28
383 5622 518 5684 triumphis
620 5621 653 5670 30
672 5637 808 5684 urumqusur
821 5650 852 5658 -
867 5622 897 5671 31
912 5625 1128 5672 clementissimis
1141 5623 1173 5671 28
1187 5624 1307 5686 triumphi
1321 5625 1431 5687 speciem
1443 5621 1616 5672 collocandum
1628 5626 1681 5669 eret
1785 5620 1816 5669 31
1837 5622 1873 5668 sl-

247 5714 328 5754 terum
345 5712 531 5768 maurepast
549 5710 635 5767 incipit
653 5710 681 5754 in
699 5708 779 5755 codice
885 5707 917 5756 32
936 5707 1104 5777 suspicemur]
1122 5709 1255 5771 Heindorf,
1276 5710 1430 5771 suscipimur
1534 5708 1663 5756 adficimur
1682 5712 1694 5755 1
1715 5722 1748 5755 m.

333 5790 364 5839 35
383 5792 437 5839 adis
543 5792 575 5841 38
593 5800 763 5855 persequutor
