4686 6472
840 459 891 513 DE
910 456 1105 514 SYMMAGHI
1125 457 1228 513 VITA.
1766 454 1856 519 XLV

215 703 410 767 quamquam
439 683 536 768 plura
563 682 661 748 etiam
690 682 819 748 lectioni
850 689 994 749 veterum
1023 681 1144 748 debuit.
1193 681 1278 747 Livii
1307 681 1442 747 annales
1471 681 1671 764 integrius,
1706 679 1856 747 Caesaris

216 804 336 870 bellurn
360 803 524 868 Gallicum
535 806 604 885 ιο1),
639 803 737 868 Plinii
765 802 899 868 historia
929 801 1085 867 naturalis
1097 805 1144 885 101)
1171 802 1204 867 in
1228 800 1423 868 bibliotheca
1445 802 1516 867 eius
1538 810 1646 883 erant,
1679 800 1853 883 Ciceronis,

216 925 385 1006 Varronis,
413 924 535 991 Valerii
557 924 707 1005 Maximi,
733 922 894 1005 Terentii,
920 921 1044 1004 Plauti,
1069 923 1204 1003 Horatii,
1230 922 1365 1005 Vergilii
1387 922 1555 988 lectionem
1578 922 1713 1006 quaevis
1735 922 1857 1006 pagina

218 1065 353 1131 opernm
376 1045 446 1110 eius
468 1043 593 1131 prodit,
627 1044 766 1109 Plinium
790 1044 943 1110 minorem
965 1044 1018 1109 vel
1042 1043 1215 1128 praecipue
1237 1041 1428 1108 imitandum
1450 1042 1608 1127 suscepit,
1643 1043 1740 1126 idque
1765 1062 1857 1108 asse-

218 1173 311 1232 cutus
333 1172 393 1245 est,
421 1172 457 1230 ut
478 1165 657 1250 posteritati
678 1165 711 1230 in
734 1164 846 1249 pingui
869 1171 902 1230 et
922 1162 1036 1229 florido
1058 1163 1189 1230 dicendi
1210 1184 1329 1247 genere
1352 1183 1512 1229 summum
1535 1171 1609 1247 post
1629 1163 1721 1228 illum
1744 1183 1856 1229 exem-

219 1287 307 1372 plum
330 1285 569 1369 videretur¹¹⁰).

305 1404 492 1491 Symmachi
523 1405 660 1471 honores
689 1411 895 1469 recensentur
922 1403 956 1467 iu
983 1404 1076 1468 titulo
1099 1408 1224 1469 statuae
1246 1424 1267 1468 a
1289 1404 1355 1469 lilio
1377 1404 1410 1469 in
1434 1403 1530 1470 domu
1553 1412 1687 1489 paterna
1709 1404 1850 1489 positae:

217 1528 349 1592 Eusebii.
385 1564 429 1573 -
463 1532 499 1603 (l.
526 1526 674 1609 Aurtelio]
702 1500 879 1605 Symmacho
903 1524 994 1606 cliro)
1021 1527 1238 1607 citarissimo),
1273 1528 1475 1608 quucsttori),
1505 1527 1691 1608 proritari),
1723 1528 1858 1608 pontifici

220 1651 340 1725 maiori,
366 1649 533 1711 correctori
547 1648 703 1710 Lucaniae
724 1654 751 1708 et
773 1649 966 1727 Brittiorum,
992 1648 1093 1708 comiti
1113 1646 1232 1707 ordinis
1255 1648 1346 1725 tertii,
1372 1648 1574 1729 praescrutati)
1602 1646 1738 1729 Africae,
1761 1665 1857 1728 prue-

216 1770 317 1851 s'(ectol
347 1769 463 1851 urbii),
490 1766 662 1850 comiatum)
688 1769 864 1846 ordinario,
892 1769 1010 1829 oratori
1030 1766 1246 1845 disertissimo,
1275 1770 1310 1851 Q,
1339 1767 1475 1850 Publius)
1504 1769 1686 1851 Menoetius)
1716 1772 1857 1849 Sprrrmo-

219 1892 292 1953 cbur
316 1891 388 1971 otir)
414 1887 630 1970 edomuimus)
654 1890 742 1970 patri
762 1890 944 1970 optimam).
993 1891 1167 1969 quaestura
1189 1893 1222 1951 et
1243 1894 1394 1971 praetura
1416 1893 1482 1952 tum
1506 1908 1570 1952 non
1592 1888 1729 1954 honores
1751 1892 1854 1971 erant,

219 2008 276 2074 sed
307 2029 442 2075 munera
473 2007 674 2093 patrimonii,
707 2027 792 2090 quae
821 2027 932 2072 omnes
954 2014 1120 2072 senatores
1143 2014 1330 2091 utrumque,
1364 2008 1392 2073 si
1415 2008 1640 2093 locupletiores
1663 2015 1772 2091 erant,
1805 2007 1855 2073 sin

220 2128 445 2215 pauperiores,
473 2129 790 2213 priostantum112),
825 2129 933 2194 subire
956 2128 1162 2212 cogebantur.
1210 2128 1396 2212 Symmachi
1419 2135 1526 2195 numm
1550 2129 1675 2194 familia
1696 2128 1857 2194 ditissima

219 2249 297 2325 tuit3
331 2249 543 2334 possederant
571 2247 657 2315 enirn
687 2254 780 2332 pater
810 2254 843 2313 et
870 2249 958 2314 filius
981 2248 1110 2315 domum
1133 2268 1229 2313 unam
1253 2248 1467 2334 Capuae113),
1501 2252 1642 2317 urbanas
1665 2271 1728 2316 non
1750 2249 1857 2316 minus

217 2372 360 2449 troam),
386 2390 521 2452 quarum
545 2389 609 2435 una
631 2376 719 2434 trans
741 2368 959 2451 liberim¹¹⁵},
987 2390 1052 2434 una
1073 2369 1107 2433 in
1129 2376 1236 2434 monte
1252 2369 1363 2434 Caelio
1385 2369 1507 2453 sita¹¹⁶l
1535 2378 1615 2453 erat,
1641 2371 1738 2437 villas
1759 2371 1857 2455 quin-

218 2489 340 2571 decim,
374 2490 576 2555 suburbanas
607 2496 689 2570 tres,
723 2510 820 2554 unam
848 2489 899 2554 cui
922 2489 1105 2556 Arabianae
1134 2509 1249 2555 nomen
1280 2494 1433 2573 eratlllt,
1466 2492 1603 2558 alteram
1632 2493 1666 2557 in
1689 2492 1855 2559 1110111-

216 2611 367 2694 ancien,
404 2610 529 2676 tertiam
560 2611 834 2695 vascosanus),
867 2608 1131 2695 accensemus),
1166 2611 1358 2676 Laurentem
1372 2611 1441 2695 ¹²¹),
1476 2611 1642 2678 libertem
1653 2614 1722 2698 ¹²²),
1757 2614 1856 2680 Prae-

217 2840 278 2887 slter
301 2842 362 2887 sule
379 2853 402 2886 s.
423 2836 474 2885 369
498 2838 526 2886 ln
544 2837 639 2899 Gallie,
666 2851 749 2897 neque
772 2837 798 2884 iu
825 2838 876 2885 ulls
898 2851 982 2885 eorum
1007 2837 1119 2899 epistula
1143 2835 1204 2884 hsce
1223 2837 1325 2899 piotetls
1343 2852 1418 2884 censs
1437 2843 1654 2898 commemoretur,
1682 2840 1706 2887 id
1726 2840 1792 2901 quod
1812 2843 1852 2889 vel

222 2926 300 2972 solum
318 2925 349 2972 sd
368 2924 435 2971 illam
454 2925 598 2986 opinionem
617 2923 778 2971 refellendam
798 2925 936 2971 sulllceret.
974 2924 1101 2971 Tiberium
1121 2922 1247 2971 Victorem
1265 2923 1418 2971 Minervium
1443 2925 1566 2972 rhetorem
1586 2925 1790 2986 burdigalensem
1810 2927 1858 2974 llo·

220 3024 274 3059 mse
292 3011 408 3059 docuisse
426 3018 453 3059 et
472 3012 563 3058 multos
582 3016 707 3059 senatores
721 3010 862 3058 instituisse
874 3010 1005 3058 Ausonius
1018 3009 1105 3057 trudlt:
1126 3010 1231 3071 profess.
1247 3010 1350 3069 Burdig.
1365 3010 1419 3058 113
1438 3012 1556 3059 inlustres
1574 3012 1700 3072 quondam
1718 3026 1765 3073 quo
1781 3028 1856 3073 prae-

218 3102 311 3158 ceptore
328 3097 436 3157 suerunt
456 3097 691 3159 commmmapolu,
711 3096 802 3159 Rana,
820 3096 907 3146 debinc
922 3097 1015 3157 patria.
1034 3120 1069 3130 -
1087 3094 1103 3142 9
1120 3097 1188 3143 mille
1206 3095 1263 3155 soro
1281 3095 1348 3145 dedit
1365 3097 1404 3145 bic
1422 3099 1530 3159 iuuenes,
1551 3097 1588 3146 bis
1605 3099 1672 3146 mille
1689 3104 1791 3146 emeatus
1808 3099 1856 3148 ad·

220 3185 273 3232 ierit
291 3197 395 3232 numero
413 3185 591 3244 purpureisque
610 3185 680 3243 topic.

306 3269 365 3329 167)
386 3267 483 3331 239,5
507 3284 599 3318 munus
625 3272 699 3317 totius
718 3269 818 3317 Liviani
841 3271 931 3331 operis,
959 3268 1024 3332 quod
1041 3269 1177 3330 spopondi,
1204 3271 1278 3317 etiarn
1302 3283 1370 3317 nunc
1388 3270 1519 3328 dilipentio
1538 3270 1716 3319 emendationis
1733 3278 1854 3321 moretm.

217 3358 317 3417 optimis
335 3357 431 3418 primae
449 3356 548 3405 decedis
567 3356 694 3404 codicibus
713 3357 882 3417 subscriptum
901 3364 955 3405 est:
981 3356 1134 3403 Victorianus
1151 3371 1176 3403 a.
1197 3371 1218 3404 c.
1239 3355 1401 3404 emendabarn
1419 3355 1514 3404 mmmm
1533 3356 1695 3418 Symmacbir.

308 3441 366 3503 108)
391 3440 449 3501 161,
470 3441 484 3489 7
504 3457 572 3489 sume
589 3441 762 3502 ephemeridem
777 3444 804 3489 C.
823 3444 935 3489 Caesaris
954 3441 1093 3502 decerptum
1112 3441 1293 3489 bibliotheculae
1310 3457 1389 3503 meae,
1408 3448 1437 3490 ut
1455 3442 1499 3490 tibi
1510 3446 1609 3491 muneri
1620 3446 1764 3492 mitteretur.
1796 3445 1855 3493 haee

221 3535 242 3576 te
259 3533 366 3590 oriptnes
385 3531 448 3576 situs
464 3543 572 3590 pupnas,
593 3532 617 3575 et
634 3528 752 3591 quidqmd
770 3527 822 3587 suit
839 3530 866 3575 in
883 3527 990 3576 moribus
1008 3531 1052 3575 aut
1070 3526 1165 3587 lepibus
1184 3528 1334 3585 Galliarum,
1355 3528 1456 3577 docebit.

304 3614 362 3675 169)
386 3614 426 3675 11,
449 3613 481 3664 18
504 3617 526 3662 si
545 3620 567 3662 te
584 3628 654 3662 amor
672 3614 742 3663 babel
759 3616 884 3662 naturalis
902 3614 1029 3676 buteriae,
1052 3628 1127 3675 quom
1148 3612 1246 3662 Plinius
1264 3614 1411 3677 elaboravit,
1433 3630 1465 3663 en
1482 3616 1526 3663 tibi
1544 3616 1652 3677 libellos,
1674 3631 1778 3678 quorum
1795 3618 1854 3666 mihi

219 3706 397 3760 praesentanea
416 3703 487 3762 coptu
504 3701 565 3760 suit.

304 3786 362 3848 119)
382 3787 490 3835 Macrob.
511 3793 557 3834 set.
580 3787 601 3833 V
621 3786 644 3848 1,
665 3786 679 3834 7
701 3793 817 3848 quattuor
835 3792 909 3847 sunt,
929 3790 1010 3848 inquit
1030 3787 1168 3845 Eusebius,
1187 3801 1277 3847 qenera
1295 3786 1408 3836 dicendi:
1433 3790 1573 3849 copiosum,
1595 3791 1622 3836 in
1639 3803 1687 3850 quo
1707 3790 1790 3838 dicero
1807 3790 1854 3839 do·

218 3876 338 3934 rninatur,
361 3872 446 3933 breve,
467 3874 494 3920 in
512 3886 559 3934 quo
577 3874 715 3921 Sallustius
733 3878 836 3934 reqnat,
856 3875 966 3933 siccum,
986 3872 1050 3934 quod
1069 3872 1190 3921 Frontoni
1207 3871 1369 3934 adscribitur,
1388 3876 1484 3933 pinque
1502 3879 1525 3922 et
1542 3874 1667 3936 floridum,
1689 3879 1716 3923 in
1734 3891 1781 3938 quo
1800 3876 1852 3925 Pli-

219 3961 271 4006 nius
289 3958 419 4007 Suundus
442 3958 567 4019 qnondam
591 3964 615 4005 et
635 3973 704 4008 nunc
726 3961 797 4007 nuta
821 3965 930 4007 ostonem
953 3962 1034 4007 minor
1051 3964 1133 4006 reoster
1150 3959 1312 4022 Sqmnracbus
1329 3961 1481 4008 luxuriatur.
1518 3962 1602 4023 Apoll.
1623 3962 1676 4011 Sid.
1698 3976 1739 4023 ep.
1760 3964 1771 4010 1
1793 3962 1816 4024 1,
1839 3964 1850 4013 1

223 4044 249 4100 (l.
264 4044 406 4106 Sprnmaebi
423 4044 608 4107 rotunditatem,
632 4047 661 4095 C.
676 4046 754 4094 Plinii
772 4045 932 4107 disciplinam
949 4048 1166 4107 maturitatemque
1183 4047 1291 4105 oestipiis
1300 4049 1512 4106 praesumptuosis
1525 4050 1689 4097 insecuturus.
1721 4050 1754 4098 ol.
1775 4064 1849 4099 cerm.

221 4130 243 4189 9,
263 4130 312 4178 299
332 4131 421 4179 sedne
440 4136 468 4179 tu
484 4131 545 4179 mibi
563 4146 698 4191 conparare
716 4136 830 4192 temptes,
851 4146 911 4192 quos
928 4133 1009 4178 multo
1026 4134 1107 4178 nrinor
1125 4134 1175 4191 ipse
1191 4132 1251 4192 plus
1268 4130 1352 4194 adoro,
1376 4130 1514 4180 Paulinum
1533 4134 1719 4196 Ampeliumque
1737 4136 1851 4198 Symma-

219 4216 340 4278 ebuanue.

303 4302 363 4364 111)
383 4302 412 4351 G.
433 4303 455 4350 1.
475 4304 504 4351 L.
526 4304 563 4351 VI
583 4302 649 4353 1699
669 4304 760 4352 Romae
779 4304 807 4350 tn
826 4310 910 4351 monte
929 4302 1021 4352 Caelio.

303 4388 362 4450 112)
382 4389 440 4437 Huc
457 4389 619 4438 referendum
638 4396 685 4451 est,
706 4390 770 4451 quod
791 4389 953 4449 Symmachus
972 4391 998 4437 tu
1017 4390 1147 4449 relatione,
1166 4403 1216 4450 quc
1233 4390 1283 4449 legi
1302 4390 1480 4451 imperatorum
1498 4391 1529 4438 de
1547 4394 1682 4440 senatoriis
1699 4395 1850 4442 muneribus

220 4474 280 4522 lslse
299 4475 449 4537 respondet,
470 4477 569 4523 scribit:
591 4474 653 4537 286,
673 4474 706 4523 25
723 4477 793 4523 nullo
812 4478 879 4522 enim
896 4475 1055 4523 dissentiente
1073 4476 1194 4522 decretum
1212 4481 1261 4534 est,
1282 4477 1338 4536 quis
1355 4475 1443 4524 modus
1461 4491 1581 4525 censuum
1599 4479 1672 4526 sanet
1690 4483 1734 4527 aut
1752 4483 1850 4540 saepius

219 4559 351 4621 suspendis
374 4560 518 4610 muneribus
542 4561 662 4610 obnoxius
687 4564 728 4609 sit.
766 4576 823 4609 nam
841 4563 994 4623 pauperrimi
1013 4567 1139 4609 seustorcs
1157 4562 1231 4608 semel
1248 4567 1347 4609 tentum
1366 4576 1470 4611 munere
1488 4564 1670 4625 iungebantur,
1697 4579 1755 4613 curn
1773 4581 1849 4627 quse-

220 4651 308 4695 stursm
332 4652 464 4709 gererent,
490 4648 594 4697 ditiores
617 4650 716 4708 saepius
734 4650 760 4696 lu
779 4653 913 4709 quaestura
930 4654 957 4695 ct
974 4654 1103 4709 prssturs,
1130 4650 1223 4709 quibus
1240 4650 1343 4696 sommae
1362 4648 1508 4697 consulatus
1527 4651 1650 4698 cuneatus
1668 4653 1786 4700 secedere
1804 4667 1850 4714 po·
1915 4693 1917 4697 ,

219 4733 273 4793 tuit,
293 4734 343 4782 niul
361 4734 393 4780 sb
410 4734 533 4781 ordinario
550 4735 751 4796 praeveniretur.

302 4818 360 4881 113)
382 4818 408 4880 7,
428 4818 477 4881 27,
499 4818 557 4882 156,
578 4821 604 4869 6.

303 4904 360 4966 111)
381 4904 424 4965 75,
445 4904 461 4953 5
485 4906 528 4954 bas
552 4906 652 4967 domus,
679 4921 785 4968 quemme
809 4908 912 4955 nloerom
927 4909 1075 4969 postulasti,
1101 4907 1246 4956 imridudum
1264 4923 1280 4955 a
1298 4922 1336 4955 me
1354 4907 1488 4969 hospitibus
1505 4923 1555 4956 esse
1573 4908 1691 4959 decretas.
1728 4913 1755 4959 in
1774 4915 1849 4961 tertis

219 4990 291 5048 intur
310 4992 473 5051 Symmachus
491 4993 547 5054 lpse
565 4993 702 5041 hebitsbst.

303 5076 360 5139 115)
382 5075 424 5139 22,
446 5076 494 5140 32,
515 5081 598 5128 dmm.
619 5079 721 5127 XXVII
740 5080 763 5140 3,
785 5077 801 5127 1
820 5079 921 5127 domum
937 5082 992 5128 eius
1010 5083 1037 5128 in
1056 5079 1229 5129 transtiberino
1248 5086 1328 5128 tractu
1344 5080 1532 5141 pulcherrimam
1550 5083 1718 5131 incenderunt.

302 5161 359 5224 116)
381 5162 423 5225 71,
446 5163 491 5222 19,
512 5163 554 5221 97,
576 5164 606 5226 5,
630 5163 687 5227 181,
708 5165 750 5213 27.
789 5166 831 5213 ubl
851 5166 923 5214 hodie
940 5167 1002 5214 cillo
1022 5168 1105 5215 Casuli
1123 5173 1178 5228 est,
1207 5168 1307 5215 titulis
1326 5168 1356 5226 Q.
1377 5168 1452 5216 Fabio
1470 5168 1589 5218 Memmio
1608 5171 1754 5228 Symmacho
1772 5173 1847 5234 positi

222 5247 248 5296 G.
265 5250 287 5298 1.
308 5250 337 5298 L.
361 5251 396 5297 v1
418 5247 492 5298 1699.
518 5248 583 5299 1782
602 5252 758 5312 prodierunt.

302 5335 360 5398 117)
380 5336 423 5396 66,
444 5336 493 5397 26,
516 5335 574 5398 176,
597 5335 637 5385 19.
675 5337 736 5386 haee
753 5340 858 5387 tortsme
877 5339 963 5387 eedem
982 5346 1031 5401 est,
1051 5354 1126 5401 quem
1145 5338 1188 5401 61,
1209 5340 1224 5387 3
1244 5342 1300 5388 riso
1318 5343 1414 5402 Appiae
1431 5341 1543 5389 ediscere
1561 5342 1630 5389 dicit.

303 5420 359 5484 118)
384 5420 442 5481 172,
463 5420 488 5469 7.

303 5508 359 5569 119)
384 5507 442 5570 169,
462 5505 510 5568 21,
533 5506 591 5570 183,
613 5508 637 5559 6.

301 5594 359 5656 129)
381 5594 406 5655 6,
429 5594 474 5655 15,
496 5594 538 5655 59,
559 5595 591 5655 8,
614 5595 672 5657 171,
692 5597 716 5645 9.
754 5599 788 5645 el.
809 5595 903 5660 88,1,
924 5597 968 5660 95,
989 5598 1029 5648 13.

303 5679 360 5741 121)
385 5679 440 5743 tls,
462 5680 510 5742 25,
533 5680 590 5740 180,
612 5682 661 5743 26,
684 5681 741 5744 181,
765 5681 809 5745 11,
830 5683 889 5745 255,
911 5684 953 5733 25.

304 5764 360 5829 122)
384 5765 442 5829 176,
463 5765 505 5815 21.
