4736 6478
500 511 539 572 98
581 576 584 583 ,
1098 507 1294 564 SYMMAOHI
1311 506 1524 563 EPISTVLAE

415 698 479 760 PF
496 697 702 763 familiarium
726 698 928 777 societatem3
955 718 1039 782 quae
1062 718 1113 763 res
1128 698 1188 764 tibi
1202 698 1299 764 etiam
1315 698 1437 762 minora
1452 696 1565 762 merita
1580 696 1768 780 plerumque
1784 686 1997 758 commendat.
2036 688 2122 754 unde

493 800 630 865 arbitror
652 821 692 866 ex
714 800 892 866 abundanti
915 809 1093 886 promptam
1117 802 1184 868 fore
1206 803 1240 867 in
1261 822 1334 867 eum
1350 802 1537 885 praeclarae
1552 798 1667 864 mentis
1683 805 1758 862 tuae
1773 794 1998 875 adfectionem,
2024 812 2122 875 quam

491 903 542 969 illi
564 910 596 969 et
619 903 717 970 decus
740 904 903 988 proprium
926 911 959 971 et
981 926 1073 971 meac
1096 905 1257 971 amicitiae
1280 904 1507 989 praerogativa
1529 901 1688 968 conciliat.

1077 1327 1237 1425 LIBER
1268 1326 1536 1427 QVARTVS.

1074 1561 1145 1634 AD
1172 1558 1534 1636 STILIOHONEM.

1290 1746 1317 1811 Ι.

1032 1884 1291 1951 8ῩΜΜΑΟΗ1Ι8
1317 1883 1574 1951 STILIOHONI.

578 2057 642 2122 Diu
673 2058 802 2123 siluisse
829 2078 880 2122 me
910 2058 1030 2139 fateor,
1064 2063 1098 2122 ut
1125 2056 1204 2121 mihi
1233 2056 1384 2121 fiduciam
1415 2054 1575 2121 scribendi
1597 2062 1671 2120 tuus
1694 2045 1798 2119 sermo
1823 2056 2012 2137 praestaret.
2060 2048 2122 2137 sed

492 2181 563 2226 cum
587 2162 811 2246 perspicerem,
839 2161 975 2226 necdum
998 2181 1049 2227 me
1072 2160 1138 2225 ullo
1161 2159 1369 2225 invitamento
1391 2156 1489 2223 officii
1513 2156 1690 2242 provocari,
1717 2154 1805 2240 prior
1827 2154 1860 2219 in
1875 2154 1974 2220 verba
1997 2153 2120 2217 saluta-

491 2263 588 2330 tionis
611 2265 703 2349 erupi
725 2264 897 2349 plurimum
921 2284 1047 2348 rogans,
1074 2270 1109 2329 ut
1130 2263 1272 2348 exempli
1293 2262 1387 2329 istius
1410 2261 1550 2327 imitator
1572 2279 1644 2326 csse
1667 2258 1822 2343 digneris.

1155 2487 1187 2550 II
1216 2506 1247 2551 a.
1266 2487 1457 2549 asa-383?

1231 2622 1292 2689 OS.
1318 2622 1381 2689 08.

579 2794 730 2859 Abundat
750 2794 928 2859 Flavianus
950 2793 1036 2859 filius
1059 2813 1150 2860 meus
1171 2795 1215 2860 ad
1230 2794 1473 2879 promerendam
1488 2793 1742 2860 conciliationem
1758 2793 1910 2857 bonorum
1928 2787 1996 2854 suis
2013 2791 2122 2870 pater-

492 2898 607 2980 nisque
629 2896 804 2981 suffragiis,
831 2895 889 2962 sed
911 2896 1044 2963 interest
1065 2897 1193 2980 amoris,
1220 2918 1314 2982 quem
1337 2919 1412 2964 vere
1434 2897 1561 2983 pignori
1582 2917 1653 2962 meo
1676 2896 1789 2976 debeo,
1814 2914 1871 2975 ne,
1898 2892 1974 2958 dum
1996 2888 2121 2956 moritis

492 2999 581 3065 illius
603 3000 683 3065 nihil
707 3000 821 3066 deesse
844 3001 1048 3085 contemplor,
1075 2999 1216 3066 officium
1239 3001 1384 3085 parentis
1407 3000 1563 3066 omittam.
1602 2999 1686 3064 facio
1707 2998 1815 3082 igitur,
1842 2993 1928 3080 quod
1949 2992 2119 3073 redundet,

493 3108 526 3169 et
555 3104 716 3168 cumulum
747 3104 865 3187 inpono
895 3104 1063 3188 perfeetis3
1103 3104 1162 3169 sed
1190 3104 1251 3170 hoo
1279 3104 1324 3169 ad
1355 3103 1612 3187 coniungendam
1636 3091 1791 3167 Flaviano
1813 3120 1885 3165 meo
1907 3095 2127 3184 praestantiae
2148 3115 2177 3155 ιε

494 3213 570 3271 tuae
592 3206 733 3271 animum
757 3207 892 3271 multum
915 3208 1011 3273 credo
1033 3208 1224 3288 valiturum,
1255 3207 1332 3291 quia
1356 3207 1434 3272 mihi
1456 3227 1513 3292 pro
1534 3196 1690 3273 benoli'cio
1712 3203 1878 3288 intellegis
1899 3199 2124 3287 inpetendum,

494 3308 582 3392 quod
604 3307 653 3373 illi
677 3310 747 3374 solo
769 3308 887 3375 iudicio
910 3309 1095 3376 detulisses.

1278 3533 1339 3597 Ill.

1234 3670 1295 3737 OS.
1322 3669 1383 3737 OS.

581 3841 638 3905 Vir
667 3842 854 3925 spectabilis
876 3842 1010 3906 Rufinus
1039 3849 1071 3908 et
1100 3843 1134 3907 in
1163 3841 1284 3907 ordinis
1307 3841 1406 3907 nostri
1429 3839 1605 3906 lectissima
1634 3846 1725 3924 parte
1756 3837 1953 3920 censendas,
1987 3857 2060 3902 curn
2090 3837 2124 3901 in
2143 3856 2173 3896 ro

494 3943 650 4025 obsequia
672 3944 780 4009 debita
801 3944 859 4009 tibi
881 3953 1041 4028 pergeret,
1067 3944 1213 4010 invidere
1237 3964 1272 4010 se
1295 3945 1374 4010 mibi
1397 3943 1546 4023 credidit,
1573 3943 1636 4008 nisi
1658 3950 1767 4008 nostra
1789 3941 1977 4024 susciperet.
2024 3939 2125 4023 igitur

494 4067 515 4110 a
537 4066 588 4112 me
610 4046 808 4112 reddendam
831 4046 937 4112 defert
959 4048 1195 4128 salutationem,
1223 4068 1319 4130 quam
1342 4046 1402 4112 tibi
1426 4066 1524 4131 saepe
1547 4045 1716 4124 deferrem,
1743 4044 1772 4110 si
1787 4051 1875 4110 esset
1888 4044 1985 4109 facile
2000 4042 2124 4107 similes

494 4149 649 4215 invenire.
697 4170 788 4215 rarus
810 4150 908 4232 igitur
930 4156 980 4215 est
1002 4170 1124 4230 sermo,
1158 4150 1233 4234 quia
1263 4167 1336 4214 rara
1358 4155 1408 4215 est
1429 4149 1504 4215 talia
1527 4148 1663 4214 occasio.
1710 4147 1752 4213 de
1774 4146 1845 4230 ipso
1868 4145 1948 4210 nibil
1972 4144 2120 4210 dicimus.

495 4252 600 4319 meriti
623 4253 707 4319 enim
731 4252 850 4337 proprii
872 4253 1019 4318 conscius
1042 4253 1241 4338 suspiciones
1265 4252 1389 4336 gratiae
1411 4252 1504 4334 fugit,
1530 4251 1618 4316 etin
1640 4271 1777 4316 examen
1798 4256 1889 4316 tuum
1911 4248 2045 4314 veniens
2060 4266 2125 4311 non

496 4357 565 4421 vult
588 4357 637 4421 sui
660 4354 969 4421 commendationem
991 4356 1065 4421 testi
1089 4356 1194 4439 magis
1217 4355 1335 4421 debere
1358 4375 1453 4438 quam
1475 4354 1587 4421 iudici.
2143 4370 2174 4410 2⁵

1145 4577 1209 4641 1111
1229 4577 1309 4658 (vro
1347 4599 1378 4643 a.
1397 4579 1472 4642 eoo.

414 4718 480 4780 Pa
1114 4714 1173 4779 an
1196 4713 1501 4781 ammonariam.

584 4887 726 4972 Agendis
749 4887 806 4952 tibi
829 4886 943 4970 gratiis
965 4907 1022 4971 pro
1045 4887 1203 4952 Flaviano
1232 4886 1300 4952 filio
1331 4906 1403 4951 meo
1434 4904 1663 4969 usquequaque
1693 4907 1744 4951 me
1766 4886 1911 4971 inparem
1939 4884 2059 4965 sentio,
2092 4893 2126 4951 et

390 5014 396 5029 ¹
497 5012 569 5057 oum
592 4991 656 5056 sint
676 4991 776 5055 verba
798 4990 895 5055 rebus
917 4990 1072 5070 faciliora,
1099 4989 1248 5056 beneficii
1270 4990 1317 5055 tui
1339 4987 1594 5071 magnitudinem
1614 4988 1710 5056 dictis
1731 5008 1871 5072 aequare
1893 5009 1956 5055 non
1978 5008 2121 5074 possum.

496 5115 601 5177 neque
623 5092 707 5161 enim
730 5113 804 5158 mea
826 5098 950 5157 tantum
973 5092 1145 5176 gratulatio
1167 5099 1233 5174 eut,
1266 5092 1352 5176 quod
1381 5110 1453 5156 cum
1475 5090 1532 5157 illo
1554 5092 1654 5158 honor
1675 5092 1815 5158 amissus
1840 5092 1973 5158 revertit
1992 5091 2027 5157 in
2048 5111 2127 5175 gra
2146 5113 2175 5153 ao

583 5372 598 5420 2
618 5378 676 5420 tuae
695 5371 787 5419 mentis
807 5371 828 5416 F

583 5457 696 5521 dqau‘r
713 5456 847 5516 symmachi
866 5457 883 5503 ιῖ
900 5457 914 5503 b
932 5457 991 5506 tofis
1009 5456 1130 5505 ordinarii
1149 5459 1309 5520 epistolarum
1334 5443 1374 5507 lib
1389 5473 1429 5507 111.
1460 5460 1503 5508 inc
1520 5472 1572 5508 1111.
1593 5458 1624 5506 ad
1642 5459 1811 5507 stillolronem.
1838 5457 1947 5506 lelleitor
1966 5457 2005 5515 P,
2034 5472 2082 5507 om.
2105 5458 2129 5505 F

420 5544 424 5551 ¹
498 5544 622 5593 bom.F
724 5542 833 5591 aoruca
851 5543 937 5590 om.F

586 5630 614 5679 11
635 5634 660 5679 (To
677 5632 704 5680 οἶ
723 5629 750 5693 P,
772 5629 891 5689 fortusse:
910 5629 976 5690 q(ull
995 5629 1090 5690 stupra]
1112 5630 1173 5691 elui)
1194 5631 1290 5693 s(upra)

584 5716 616 5764 20
635 5710 747 5765 cassand
765 5716 788 5764 P
890 5715 919 5767 21
941 5715 1048 5763 eredidit
1065 5729 1112 5763 om.
1129 5713 1155 5766 Γ

585 5802 616 5854 27
635 5818 683 5854 om.
704 5803 727 5851 F
