4716 6476
504 518 565 577 194
1102 507 1299 563 stnnncffl
1317 506 1529 563 EPISTVLAE

346 704 485 768 PVMF
501 703 588 768 fonte
610 720 791 786 properare.
823 718 947 780 omne,
972 698 1058 782 quod
1080 699 1113 763 in
1136 717 1231 764 cursu
1254 703 1320 779 est,
1347 697 1451 780 viget;
1487 696 1682 762 continuatio
1704 696 1923 781 experientiae
1945 695 2032 761 vires
2055 714 2136 761 suas

503 812 645 871 renovat.
694 803 855 869 sublatum
878 802 936 866 tibi
959 807 1018 881 est,
1045 799 1129 883 quod
1151 800 1347 884 respondere
1369 800 1541 885 potuisses.
1589 799 1640 864 iac
1663 800 1827 884 deinceps,
1853 820 1918 882 qua
1939 800 2030 863 voles
2053 797 2139 863 scri-

504 909 602 975 bendi
627 907 736 991 copia,
770 913 805 972 ut
831 913 956 971 tantum
987 904 1065 986 mibi
1092 903 1219 970 adierat
1249 903 1413 969 facultatis
1443 904 1625 987 exemplum
1647 910 1756 983 tuum,
1790 908 1943 984 quantum
1964 901 2137 984 ingenium

505 1032 612 1076 meum
635 1030 697 1074 non
720 1008 819 1075 dedit.

1161 1350 1236 1413 LXI
1266 1356 1341 1415 ante
1357 1371 1387 1415 a.
1407 1352 1481 1414 399.

1159 1503 1218 1568 ΑΙ)
1241 1503 1486 1570 PATRICIVM.

1088 1628 1099 1659 k

596 1679 869 1747 Denuntiaveram
897 1677 972 1759 tibi,
1006 1676 1091 1758 quod
1121 1676 1221 1741 rarior
1252 1675 1285 1739 in
1309 1674 1478 1740 scribendo
1500 1694 1605 1740 essem
1628 1674 1770 1740 iuturus:
1805 1673 1883 1758 quid
1905 1673 2065 1740 amicitiae
2087 1672 2139 1737 ia-

511 1784 609 1863 ciam,
643 1803 725 1866 quae
755 1781 856 1865 cogit,
890 1788 925 1847 ut
952 1780 1107 1844 mentiar?
1147 1778 1270 1844 descivi
1293 1799 1313 1843 a
1335 1779 1508 1863 promIsso,
1543 1778 1601 1844 sed
1624 1778 1719 1844 credo
1741 1788 1773 1844 te
1796 1778 1978 1843 huiusmodi
2002 1777 2137 1862 probare

511 1887 686 1952 fallaciam.
734 1905 818 1950 nunc
846 1885 943 1949 velim
975 1883 1112 1966 cogites,
1148 1903 1244 1966 quam
1274 1881 1426 1964 frequens
1448 1901 1521 1946 esse
1544 1882 1683 1962 debeas,
1716 1881 1771 1964 qui
1793 1882 1863 1965 spei
1885 1880 2024 1964 amplius
2046 1887 2140 1963 optu-

512 1989 590 2054 listi.
638 2009 680 2053 an
708 2009 771 2053 non
801 1987 888 2071 p1i01·
916 1987 948 2051 in
979 2007 1030 2051 mc
1060 1985 1220 2051 iaculatus
1250 2005 1285 2049 es
1313 1985 1376 2050 oris
1398 1985 1445 2050 tui
1467 1990 1623 2050 munerat
1666 1985 1781 2066 quibus
1803 2004 1864 2067 ego
1887 1985 1986 2049 veluti
2008 1984 2139 2048 herbam
2162 2009 2192 2047 ru

513 2092 681 2177 porrigens
711 2111 783 2156 cum
813 2090 927 2156 veniae
957 2090 1110 2173 petitione
1140 2089 1330 2174 respondeo.
1378 2108 1510 2153 maneas
1539 2109 1594 2153 oro
1622 2087 1789 2173 promissis
1811 2094 1845 2152 et
1865 2094 2048 2171 coeptorum
2071 2094 2141 2150 tuo-

514 2215 584 2260 rum
606 2194 807 2278 diligentiam
829 2201 951 2259 tencas.
972 2248 975 2253 ,
999 2193 1094 2256 fidem
1118 2200 1205 2258 tuam
1228 2192 1392 2272 convenio,
1419 2191 1474 2274 qui
1494 2211 1547 2257 me
1569 2213 1673 2277 paene
1695 2192 1778 2256 iacto
1801 2191 1989 2256 mentitum?

1281 2553 1384 2618 LXII.

1167 2707 1226 2772 ΑΙ)
1248 2706 1494 2773 PATRICIVM.

605 2883 682 2948 Ideo
711 2882 880 2962 †amicitia
910 2888 1115 2967 conparatum
1146 2888 1211 2959 est,
1246 2887 1280 2946 ut
1310 2880 1487 2946 officiorum
1510 2880 1635 2946 vicibus
1659 2887 1770 2945 mutua
1792 2880 1988 2964 gubernetur
2009 2880 2139 2961 utilitas.
2164 2905 2192 2945 rs

520 2987 553 3051 in
576 3007 642 3051 rem
665 2993 868 3070 praesentem
892 2991 1016 3069 spectat
1038 2984 1185 3068 praefata
1207 2985 1376 3049 sententia.
1417 3002 1587 3068 praesumo
1609 3004 1747 3065 namque
1771 2983 1967 3050 enimIetatis
1989 2992 2065 3050 tuae
2079 2991 2144 3050 stu-

521 3076 574 3154 dio
597 3089 864 3173 supplicationem
888 3087 995 3151 fratris
1017 3086 1080 3152 mei
1097 3087 1280 3153 Callistiani
1303 3095 1399 3169 atque
1422 3087 1493 3153 eius
1515 3087 1623 3151 uxoris
1646 3094 1786 3152 eaodem
1809 3087 1893 3152 sacri
1916 3086 2061 3153 beneficii
2084 3107 2146 3153 non

522 3192 674 3273 futuram,
701 3191 753 3256 cui
776 3198 808 3255 et
829 3190 976 3272 aequitas
999 3190 1154 3255 desiderii
1176 3200 1208 3256 et
1230 3190 1350 3257 usitata
1371 3188 1595 3274 inpetrationis
1618 3189 1721 3254 forma
1743 3191 1897 3273 suffragio
1919 3196 1980 3255 est.
2019 3189 2146 3273 quando

521 3293 620 3375 igitur
641 3292 723 3358 nihil
746 3293 851 3358 obstat
872 3292 990 3369 oratis,
1016 3292 1151 3357 admove
1173 3292 1323 3357 iuvandis
1346 3291 1496 3377 precibus
1519 3290 1784 3371 benivolentiam
1818 3314 1901 3375 quae
1924 3313 1995 3359 cum
2018 3293 2077 3358 tibi
2098 3293 2148 3358 in-

523 3404 600 3462 nata
622 3397 680 3475 sit,
711 3394 844 3461 remittit
865 3394 943 3459 mibi
966 3394 1162 3479 deprecandi
1184 3396 1337 3461 laborem.
1385 3416 1459 3460 nam
1482 3415 1586 3479 paene
1608 3395 1757 3460 iniuriam
1781 3396 1859 3461 lacit
1882 3396 2088 3479 benignitati,
2121 3396 2147 3460 si
2166 3418 2194 3459 ro

523 3499 596 3583 quis
618 3498 713 3564 anxie
736 3505 834 3583 petat,
861 3497 946 3582 quod
969 3499 1162 3582 praestantis
1185 3506 1299 3563 natura
1323 3497 1484 3582 promittit.

1277 3841 1396 3908 LXIII.

1174 3997 1234 4062 AD
1257 3997 1502 4063 PATRIOIVM.

612 4172 752 4237 Tantum
774 4189 846 4237 esse
868 4169 955 4255 apud
977 4177 1009 4237 te
1031 4169 1093 4236 loci
1107 4169 1239 4235 Aurelio
1261 4188 1331 4235 meo
1353 4169 1492 4252 gaudeo,
1518 4176 1553 4236 ut
1575 4191 1596 4235 a
1617 4191 1669 4236 me
1690 4170 1749 4237 tibi
1771 4168 1909 4238 traditus
1930 4173 2068 4239 invicem
2091 4173 2151 4239 sub

528 4273 802 4340 commendatione
831 4273 995 4340 reddatur.
1042 4272 1148 4338 vicisti
1177 4278 1320 4337 nostram
1348 4293 1405 4358 pro
1435 4292 1474 4339 eo
1505 4272 1723 4357 diligentiam,
1757 4295 1853 4357 quam
1883 4276 1975 4342 iubes
1998 4296 2151 4342 crescere.
2173 4296 2202 4338 as

528 4379 637 4460 itaque
659 4396 730 4442 sum
753 4376 838 4442 dicto
860 4376 1007 4442 audiens.
1055 4376 1145 4441 nulla
1167 4377 1253 4441 enim
1277 4376 1393 4442 caritas
1415 4376 1462 4441 ita
1484 4376 1582 4460 plena
1604 4386 1670 4456 est,
1698 4385 1732 4442 ut
1753 4385 1929 4462 augmenta
1950 4399 2015 4443 non
2037 4379 2151 4464 capiat.

529 4500 581 4547 me
611 4480 706 4566 domo
733 4480 849 4546 abesse
878 4487 912 4545 et
937 4479 970 4544 in
1001 4479 1133 4564 regione
1156 4478 1353 4564 Campaniae
1381 4479 1472 4564 pasci
1494 4480 1558 4545 otio
1579 4479 1684 4545 libens
1707 4478 1839 4557 audies3
1873 4502 1947 4546 nam
1970 4482 2054 4547 soles
2076 4482 2156 4546 ami-

531 4603 638 4649 corum
661 4603 815 4668 prospera
837 4583 1003 4667 voluptate
1026 4581 1147 4666 partiri.
1194 4581 1252 4646 tibi
1274 4580 1375 4646 bonor
1397 4582 1531 4647 militiae
1553 4582 1657 4666 pariat
1679 4583 1802 4649 fructus
1825 4585 1998 4661 secundos;
2029 4585 2073 4650 sit
2092 4585 2157 4650 vita

530 4692 640 4751 nostra
662 4705 785 4766 secura,
812 4692 920 4752 vestra
942 4685 1124 4771 conspicua.

601 4898 625 4902 .-
642 4896 944 4905 .---.-.--.-.-,-4

620 5032 694 5082 best
710 5034 759 5082 tlbt
778 5033 801 5080 F
920 5032 1046 5093 possesl‘
1165 5047 1215 5094 qua
1233 5059 1267 5068 —
1286 5032 1301 5080 3
1320 5033 1390 5095 copia
1407 5047 1457 5081 om,
1479 5033 1502 5079 F
1618 5048 1669 5096 qua
1686 5032 1767 5101 ucles]
1785 5034 1894 5097 lactor,
1913 4994 2000 5097 qualos
2019 5035 2063 5085 Pl
2077 5052 2111 5086 m.
2130 5035 2155 5095 V,

534 5119 664 5182 prounleas
683 5118 720 5181 M,
739 5119 785 5180 qut
803 5118 873 5166 unies
892 5117 987 5164 Pam.
1093 5117 1257 5181 3coplasV
1357 5118 1448 5168 duale
1466 5118 1524 5167 add.
1545 5119 1615 5166 VMF
1789 5118 1792 5125 '

621 5204 701 5254 bom.
721 5203 792 5252 VMF
901 5201 917 5251 8
936 5201 1052 5253 desiuit
1071 5203 1097 5266 Ρ,
1118 5205 1201 5253 desini
1224 5205 1251 5267 V,
1272 5206 1304 5253 dc
1323 5219 1368 5255 suo
1386 5204 1415 5252 Μ
1528 5204 1558 5254 lo
1577 5205 1653 5254 barba
1670 5209 1780 5257 moriens
1801 5207 1871 5255 VMI'
1983 5207 2010 5256 ll
2032 5208 2076 5257 sed
2094 5214 2120 5257 ct
2142 5208 2162 5253 V

537 5290 568 5340 12
585 5291 671 5339 lectito
695 5290 715 5335 V

623 5374 654 5424 lt
672 5390 721 5425 cm.
742 5375 789 5422 VM
911 5374 943 5426 15
961 5374 1018 5425 ideo
1036 5377 1147 5426 amicitis
1164 5384 1295 5440 conparata
1313 5384 1353 5426 cst
1371 5378 1479 5437 leretur,
1499 5393 1513 5426 a
1531 5377 1577 5428 deo
1595 5385 1758 5441 conparatum
1775 5387 1814 5429 ert
1831 5381 1901 5443 Suae,
1922 5382 1958 5428 lta
1976 5381 2087 5429 tmlcltia
2104 5394 2161 5429 con·

536 5468 650 5525 pentum
668 5470 708 5511 est
726 5462 850 5522 Kicrstlap
985 5460 1016 5510 16
1034 5463 1145 5524 praelata
1162 5460 1299 5529 sententla]
1318 5463 1499 5527 praclatnssent
1521 5464 1541 5511 V
1666 5467 1774 5514 cxlmiae
1791 5468 1881 5514 aetatis
1904 5466 1924 5511 V
2054 5464 2085 5514 rt
2102 5465 2160 5513 call·

537 5548 614 5596 stimi
639 5547 687 5595 VM
823 5553 933 5596 exortam
953 5547 1048 5597 le.
1067 5549 1087 5596 V
1230 5547 1261 5598 ts
1279 5550 1452 5611 tmperationls
1475 5550 1502 5607 V,
1528 5553 1705 5611 imperatorum
1724 5551 1752 5598 Μ
1891 5551 1922 5601 19
1940 5554 2047 5602 admone
2066 5551 2159 5600 le.

537 5633 570 5683 2⁰
589 5634 612 5681 sl
629 5647 677 5682 om.
695 5632 740 5682 Pl
754 5650 787 5684 m.
809 5633 858 5681 VM
960 5632 990 5682 21
1011 5635 1068 5683 nale
1087 5635 1146 5685 odd.
1165 5635 1213 5684 VM

624 5715 657 5767 aa
675 5732 723 5767 om.
743 5719 789 5766 vu
892 5717 1111 5770 rotucmonav
1213 5720 1245 5769 ar
1265 5723 1370 5770 mear
1462 5719 1703 5788 onopaconrm.
1811 5723 2133 5774 28seonndusP1m.V

539 5806 592 5853 un·
610 5811 693 5853 nostr·
711 5819 805 5865 seon.
827 5813 913 5855 uestra
929 5803 1074 5873 consano
1099 5806 1213 5869 usuc
1233 5804 1582 5875 unuobuoluto1²
