4716 6476
942 503 1056 558 LIBER
1073 503 1166 558 V1111.

820 862 1036 927 LXXXVIIII
1061 863 1285 947 [Lxxxlllq.

327 1037 451 1101 Accuso
475 1033 597 1099 litteras
619 1041 702 1109 tuas,
730 1054 810 1116 quas
833 1034 918 1098 male
940 1033 1089 1099 credulus
1109 1035 1269 1101 desiderio
1286 1056 1357 1100 meo
1373 1034 1515 1100 facturas
1530 1033 1722 1101 medicinam
1739 1035 1864 1119 putavi:
1894 1042 1930 1100 ll

237 1146 276 1203 at
302 1139 380 1203 illae
410 1138 566 1203 decursae
579 1137 690 1223 ,oculis
712 1136 923 1202 admoverunt
945 1138 1023 1202 milri
1046 1137 1160 1203 medas
1182 1138 1403 1203 ferventiores.
1451 1137 1637 1203 adfluebant
1659 1139 1744 1203 euim
1767 1139 1867 1203 multo

238 1242 338 1306 melle
368 1239 555 1321 facundiae,
590 1238 674 1321 quod
704 1247 850 1304 avectum
872 1245 976 1304 tecum
1001 1240 1163 1319 dolemus3
1196 1241 1306 1324 itaque
1329 1262 1449 1326 parvae
1472 1241 1618 1306 lectionis
1642 1260 1758 1325 sapore
1781 1261 1867 1305 com-

201 1362 220 1426 ⁵.
239 1344 379 1409 monitus
406 1343 575 1408 tristiorem
607 1342 715 1406 damni
742 1342 840 1407 nostri
864 1362 993 1408 sensum
1016 1344 1135 1428 recepi.
1183 1344 1267 1410 inter
1288 1344 1370 1410 haec
1393 1345 1529 1410 occurrit
1552 1345 1629 1408 mihi
1652 1344 1756 1409 altera
1778 1344 1866 1427 cogi·

238 1448 335 1529 tatio,
372 1446 514 1511 amarius
542 1463 632 1524 esse,
669 1445 697 1510 si
727 1454 847 1511 taceas.
894 1454 1087 1530 quapropter
1116 1447 1260 1512 condicio
1290 1446 1399 1512 donor
1427 1449 1522 1513 vertit
1551 1468 1603 1512 me
1633 1447 1676 1512 ad
1705 1448 1866 1532 optionem

239 1550 362 1634 prioris.
410 1554 483 1634 peto
513 1549 611 1632 igitur
633 1548 772 1629 scribas,
808 1549 866 1614 sed
889 1548 940 1613 fac
962 1549 1110 1633 epistulis
1133 1550 1196 1615 tuis
1217 1551 1370 1634 temporis
1392 1550 1565 1616 intervalla
1587 1550 1743 1615 breviora.
1793 1542 1909 1616 sae-2

240 1653 310 1736 pius
339 1652 382 1717 ad
411 1672 462 1717 me
493 1658 671 1717 commeent
697 1658 729 1716 et
755 1650 1046 1717 confabulationem
1076 1653 1257 1736 praesentis
1279 1653 1452 1719 imitentur.
1501 1652 1645 1718 fruamur
1667 1652 1804 1718 adsidue
1827 1673 1867 1717 ea

240 1762 345 1839 parte,
382 1776 446 1838 qua
475 1755 587 1819 melior
616 1774 663 1819 es.
711 1752 795 1837 quod
825 1754 853 1818 si
879 1754 1003 1837 aliquid
1026 1755 1207 1838 prolixioris
1231 1775 1326 1821 curae
1349 1761 1382 1820 et
1403 1756 1558 1821 elaborati
1581 1777 1602 1820 a
1623 1764 1655 1821 to
1678 1755 1784 1840 operis
1806 1755 1866 1820 ad·

186 1857 396 1938 adiunxeris,
431 1878 530 1942 prope
552 1857 625 1938 erit,
660 1864 695 1922 ut
716 1857 795 1922 mihi
818 1878 880 1922 non
903 1859 1005 1924 solum
1030 1859 1148 1923 Romae
1171 1857 1229 1924 sed
1251 1858 1283 1923 in
1303 1850 1474 1924 'Athenaeo
1497 1880 1623 1943 quoque
1647 1866 1769 1939 nostro,
1803 1878 1866 1942 qua

149 2028 158 2048 „
240 1962 324 2027 soles
346 1961 461 2045 gratia,
489 1981 637 2045 perorare
661 1959 813 2026 videaris.

867 2271 1022 2336 cxxxx
1043 2272 1229 2353 (cmv).

322 2441 359 2507 ln
382 2464 490 2509 curam
513 2452 599 2509 tuam
622 2443 745 2508 redisse
767 2463 818 2508 me
841 2443 984 2525 gaude03
1012 2442 1069 2507 sed
1091 2443 1186 2508 huius
1209 2451 1273 2509 tam
1290 2443 1388 2508 subiti
1407 2444 1534 2527 [operis]
1553 2443 1628 2508 boni
1644 2443 1865 2507 ornatissimus

237 2548 360 2612 iuvenis
377 2548 524 2613 Asterius
546 2547 625 2612 mihi
648 2552 839 2628 auctorest,
865 2546 920 2628 qui
943 2546 1109 2631 parandae
1132 2546 1418 2612 commendationis
1441 2545 1555 2628 gratia,
1584 2552 1618 2609 ut
1640 2545 1769 2610 tandem
1786 2545 1864 2609 scri-

193 2669 219 2709 ιι
237 2651 344 2732 berea,
370 2649 567 2735 impetravit.
615 2656 646 2715 et
667 2649 755 2714 illius
778 2649 908 2732 quidem
931 2649 1158 2731 familiaritati,
1184 2650 1261 2716 licet
1283 2672 1303 2715 a
1326 2650 1418 2715 nobis
1440 2648 1517 2714 olim
1540 2656 1705 2733 repertae,
1731 2647 1772 2713 ob
1794 2668 1863 2713 me-

236 2753 330 2818 ritum
358 2772 470 2819 recens
497 2752 674 2818 adiecimus
701 2752 800 2817 animi
828 2751 1046 2837 diligentiam,
1079 2760 1111 2818 tc
1139 2773 1216 2819 vero
1245 2774 1309 2817 non
1332 2753 1439 2837 patiar
1461 2753 1545 2817 ultra
1567 2758 1738 2835 expectare
1761 2750 1863 2816 moni-

236 2862 320 2921 tores
342 2863 374 2921 et
395 2856 530 2921 aliomm
554 2855 660 2940 potius
683 2855 755 2920 usui
778 2875 906 2940 operam
929 2876 1051 2921 navare
1072 2876 1168 2939 quam
1192 2863 1321 2945 mutuae
1344 2856 1507 2920 internos
1529 2853 1861 2919 adfectionidebitum

235 2958 322 3043 pium
345 2959 481 3025 solvere.
528 2980 591 3024 non
614 2959 743 3024 invideo
767 2959 971 3044 poscentibus
993 2960 1176 3025 testimonia
1198 2960 1250 3026 vel
1274 2959 1429 3043 suffragia
1450 2965 1524 3039 tna,
1559 2955 1616 3023 sed
1648 2956 1785 3021 validior
1814 2964 1863 3021 cst

236 3062 397 3128 amicitiae
419 3082 519 3128 causa
542 3083 638 3144 quam
661 3063 796 3146 gratiae.
844 3063 1008 3147 precarias
1031 3063 1186 3148 epistulas
1209 3071 1365 3148 postpone
1388 3062 1558 3146 legitimis:
1591 3062 1640 3126 his
1663 3059 1861 3143 frequentius

190 3183 218 3225 m
237 3165 351 3231 caritas
374 3164 511 3245 studeat,
537 3165 612 3230 illas
634 3186 871 3248 nonnumquam
895 3172 1038 3249 praestet
1062 3166 1254 3232 humanitas.

843 3475 1016 3540 uxxxxr
1039 3475 1246 3559 (cxxxvi).

319 3648 497 3732 Expectare
526 3667 587 3711 non
618 3646 714 3711 debui
738 3646 861 3712 litteras
885 3652 974 3727 tuas,
1009 3646 1125 3731 quibus
1147 3647 1300 3714 indicium
1324 3648 1402 3713 milri
1425 3647 1549 3713 faceres
1572 3647 1699 3712 honoris
1722 3648 1855 3730 accepti.
1883 3655 1916 3715 F

231 3750 339 3833 itaque
369 3750 593 3815 verecundiam
625 3756 712 3813 tuam
743 3750 957 3833 gratulatione
984 3751 1159 3835 praevenio
1187 3758 1220 3816 et
1248 3758 1339 3836 opto,
1372 3756 1407 3815 ut
1435 3758 1556 3833 augeat
1577 3749 1713 3833 gradum
1737 3743 1862 3813 meritis

220 3853 296 3919 tuis
318 3854 388 3919 iure
412 3852 554 3918 delatum
579 3852 765 3918 continuata
787 3851 935 3918 felicitas.
977 3860 1085 3934 restat,
1113 3861 1148 3918 ut
1170 3854 1236 3918 stili
1260 3852 1454 3920 adsiduitate
1477 3873 1576 3919 acuas
1599 3853 1682 3917 inter
1704 3872 1761 3918 nos
1777 3851 1858 3916 ami-

188 3973 216 4014 rs
234 3956 326 4023 citiae
357 3956 557 4040 diligentiam
587 3956 761 4038 vincasque
792 3954 890 4021 oflicii
919 3957 1095 4021 sinceritate
1125 3975 1291 4022 successus
1320 3963 1402 4023 tuos.
1450 3956 1504 4023 ille
1535 3956 1619 4022 enim
1648 3976 1724 4021 vere
1755 3955 1858 4019 incre-

233 4060 345 4126 mentis
369 4059 436 4124 suis
459 4059 559 4124 maior
581 4064 638 4139 est,
666 4079 758 4143 quem
783 4058 963 4125 sublimitas
985 4060 1067 4144 parti
1088 4059 1218 4126 honoris
1239 4059 1383 4127 inclinat.
1431 4060 1514 4126 vale.

821 4368 1010 4434 Lxxxxn
1035 4369 1257 4454 (nxxxvur.

315 4543 500 4608 Incassum
524 4541 789 4608 dissimulationis
811 4548 843 4607 et
865 4541 1090 4608 taciturnitatis
1113 4562 1264 4625 accusor,
1295 4562 1366 4607 oum
1389 4542 1530 4607 debitam
1555 4541 1756 4625 diligentiam
1779 4543 1855 4608 Iove

229 4652 310 4712 teste
338 4666 402 4712 non
433 4646 597 4726 deseram;
632 4645 691 4711 sed
721 4645 865 4729 nequitia
893 4664 1034 4710 meomm
1065 4645 1201 4710 arbitror
1229 4644 1405 4728 accidisse,
1439 4652 1474 4709 ut
1494 4645 1595 4719 missa
1617 4644 1660 4710 ad
1682 4652 1714 4710 te
1737 4647 1855 4730 scripta

182 4766 210 4807 ao
229 4748 415 4816 residerent.
458 4770 577 4833 quaeso
599 4749 707 4834 igitur,
733 4768 773 4813 ne
796 4767 836 4813 ex
859 4747 1074 4831 infrequentia
1096 4748 1273 4814 litteramm
1296 4768 1387 4814 meus
1410 4748 1443 4813 in
1465 4759 1497 4813 te
1513 4748 1639 4813 animus
1654 4751 1850 4814 aestimetur.

228 4871 301 4916 nam
330 4853 518 4938 plerumque
546 4853 661 4944 officiis
690 4851 860 4918 simulatur
888 4851 1043 4931 adfectio,
1077 4851 1239 4917 amicitiae
1267 4858 1375 4918 autem
1398 4851 1566 4917 sinceritas
1589 4852 1726 4936 pectoris
1749 4853 1853 4934 magis

228 4954 321 5021 fidem
345 4957 486 5041 postulat
507 4976 603 5039 quarn
627 4954 845 5021 delenimenta
867 4956 1033 5021 sermonis.
1081 4955 1165 5020 vale.

311 5287 326 5336 2
346 5289 372 5335 lu
390 5293 486 5348 tepeat
503 5287 628 5335 desiderio
647 5289 720 5335 laser.
744 5283 787 5347 (F)
896 5286 911 5335 8
930 5288 1044 5335 fruemur
1066 5286 1117 5347 (Ill

315 5372 346 5421 13
364 5375 446 5437 operis
464 5375 535 5422 uncis
553 5374 644 5421 inclusi
750 5371 781 5421 14
799 5368 874 5438 mihi]
894 5369 951 5435 (P),
971 5386 1018 5421 om.
1037 5372 1085 5435 (Π)

312 5457 344 5507 24
364 5460 483 5507 continua
500 5455 537 5505 23
553 5463 563 5506 1
577 5476 612 5508 m.
731 5459 886 5507 assndnltate
906 5455 951 5519 23,
971 5459 1023 5506 ulta
1042 5460 1104 5507 im.
1120 5463 1146 5506 r'a
1157 5472 1206 5508 rar.
1326 5456 1358 5506 25
1377 5459 1453 5506 olsscil
1473 5459 1617 5505 sinceritate
1636 5453 1777 5524 sncoessus]
1794 5471 1846 5518 opo,

225 5546 314 5594 clflclls
332 5546 484 5594 intercessus
504 5542 554 5607 2Γ,
582 5546 669 5594 ofllcils
688 5558 818 5593 sncocsms
837 5544 925 5593 omar
1063 5540 1134 5610 nere]
1154 5545 1191 5605 Π,
1218 5546 1305 5593 uenire
1324 5543 1354 5606 Γ,
1381 5545 1457 5593 ucnle
1474 5550 1556 5592 status
1575 5545 1598 5590 2
1731 5542 1765 5592 26
1784 5541 1850 5611 suis]

225 5630 250 5680 s‘s
269 5628 306 5678 1⁸²
408 5645 481 5694 parca
499 5630 597 5679 honoris
614 5634 754 5680 inconslnat
773 5628 809 5678 23
913 5630 970 5679 usle
988 5644 1035 5681 orn.
1053 5627 1112 5678 F¹·³

311 5716 344 5767 28
362 5718 520 5777 diligendam
538 5724 607 5767 turm
626 5714 696 5766 1123
815 5714 887 5784 lone]
906 5717 944 5780 11,
963 5717 1009 5765 deo
1027 5718 1051 5764 2
1187 5715 1219 5765 29
1238 5721 1348 5765 mutante
1368 5713 1404 5764 23
1542 5718 1575 5765 30
1593 5714 1683 5783 igitur]
1702 5731 1759 5775 crgo
1778 5714 1815 5763 F²

224 5818 255 5853 ex
273 5816 322 5852 om.
338 5801 377 5850 23
480 5803 508 5852 31
531 5801 627 5871 antem]
644 5811 670 5854 st
689 5802 725 5851 23
829 5804 861 5853 32
879 5806 990 5866 postulat
1007 5804 1081 5853 tidem
1102 5800 1138 5851 23
1240 5803 1361 5853 calaorra
1379 5800 1418 5849 23
