4736 6478
826 439 828 443 ’
947 476 1062 535 arana
1079 476 1131 536 nr.
1810 476 1847 544 st

223 667 319 739 theus
342 666 444 737 frater
464 674 573 737 noster
595 666 747 755 probatus
769 675 829 751 est,
855 669 949 755 cupio
971 676 1097 755 tamen,
1122 678 1158 737 ut
1179 692 1253 738 eum
1275 671 1309 736 in
1331 671 1482 738 maiorem
1506 667 1634 737 modurn
1657 668 1765 735 iudicii
1789 667 1853 735 mei
1875 671 1989 735 PVM

224 775 452 861 praerogativa
473 772 631 855 conciliet,
658 771 744 856 quod
765 771 906 838 futurum
930 791 1002 839 esse
1024 793 1087 839 non
1108 773 1249 858 ambigo,
1276 794 1347 840 curn
1370 773 1509 840 adfectio
1531 773 1606 839 boni
1628 771 1726 838 animi
1749 792 1854 856 capax

226 877 268 943 sit
290 876 468 962 augmenti,
493 875 641 960 quotiens
664 874 786 941 meritis
808 882 1007 960 provocatur.

880 1256 1026 1323 XXXIII
1062 1279 1093 1325 a.
1113 1261 1198 1324 395?

185 1431 203 1471 a
475 1426 478 1430 “
781 1412 1042 1479 SYMMAOHVS
1064 1413 1292 1480 AMBROSIO.

311 1583 402 1649 Licet
423 1583 575 1664 arbitrer,
602 1584 784 1668 superiores
806 1584 930 1651 litterae
952 1605 1060 1668 meas,
1094 1585 1227 1668 quibus,
1253 1594 1289 1652 ut
1309 1587 1440 1653 fratrem
1462 1607 1569 1654 meum
1592 1587 1788 1653 Marcianum
1811 1588 1853 1651 ab

221 1686 349 1753 iniuriis
371 1686 526 1769 vindices,
552 1687 723 1771 postulavi,
750 1686 784 1751 in
805 1706 920 1753 manus
941 1694 1014 1753 tuas
1037 1707 1110 1753 esse
1132 1687 1269 1772 delatas,
1295 1689 1456 1757 abstinere
1472 1698 1580 1756 tamen
1596 1690 1694 1757 etiam
1710 1690 1853 1756 secunda

221 1790 379 1875 petitione
400 1810 465 1856 non
488 1790 596 1871 debui,
622 1796 657 1855 ut
678 1791 903 1856 necessitatem
926 1790 987 1857 viri
1009 1791 1119 1876 optimi
1143 1790 1202 1857 sed
1223 1791 1346 1858 invidia
1367 1794 1527 1878 tyrannici
1549 1793 1703 1878 temporis
1717 1793 1853 1858 involuti

221 1893 366 1979 precatio
395 1893 561 1977 geminata
588 1901 734 1960 testetur.
780 1915 880 1976 quare
909 1913 1019 1960 rursus
1048 1901 1080 1961 te
1110 1894 1153 1960 ad
1181 1895 1277 1961 amici
1306 1895 1526 1963 defensionem
1559 1897 1725 1977 exhortor,
1762 1896 1853 1962 cuius

171 2015 201 2055 ιο
220 1997 365 2063 tennitas
387 2002 457 2062 orta
479 2017 520 2061 ex
542 1996 725 2080 integritate
747 2017 811 2063 non
833 1998 969 2083 patitur,
1003 2005 1038 2063 ut
1060 2019 1258 2065 annonarum
1288 2000 1392 2085 pretia
1421 2000 1524 2086 possit
1552 2000 1735 2081 exsolvere,
1769 2021 1852 2084 quae

220 2099 286 2164 iam
309 2099 420 2165 multis
442 2099 587 2166 eiusdem
610 2101 764 2185 temporie
787 2099 947 2167 iudicibus
968 2103 1146 2187 imperialis
1168 2103 1340 2169 clementia
1362 2104 1531 2170 relaxavit.
1578 2104 1640 2169 erit
1667 2103 1765 2186 igitur
1793 2103 1851 2168 tibi

220 2202 348 2269 facilior
368 2202 412 2269 ad
433 2192 671 2289 impetrandum
693 2203 765 2287 ria,
798 2224 871 2271 cum
893 2205 1077 2272 meritorum
1099 2213 1224 2271 tuorum
1247 2206 1414 2291 opitulatio
1435 2207 1571 2273 aliorum
1593 2206 1720 2272 iuvetur
1742 2226 1853 2271 exem-

219 2306 295 2391 plis.
344 2306 430 2373 vale.

820 2651 985 2718 XXXIIII
1013 2674 1045 2719 a.
1063 2657 1245 2721 aon-393.

170 2827 201 2866 ιι
777 2807 1037 2875 SYMMAOHVS
1060 2808 1289 2876 AMBROSIO.

304 2977 411 3044 Naevi
439 2977 541 3044 instar
566 2984 631 3060 eet,
665 2985 701 3045 ut
722 2979 823 3046 frater
843 2999 934 3046 meus
957 2981 1133 3065 Magnillus
1155 2981 1276 3049 vicaria
1298 2989 1456 3068 potestate
1479 3002 1536 3068 per
1557 2982 1699 3050 Africam
1723 2984 1851 3049 functus

215 3081 401 3148 testimonio
430 3081 570 3148 omnium
600 3082 729 3168 publice
759 3083 973 3168 privatimque
1004 3085 1197 3171 conspicuus
1226 3084 1326 3152 variis
1354 3084 1388 3151 in
1416 3107 1455 3153 eu
1484 3086 1649 3172 provincio
1671 3085 1852 3153 retardetur

216 3185 401 3251 obstaculis.
448 3184 533 3250 nosti
548 3184 673 3269 -optimi
701 3185 761 3251 viri
787 3188 1003 3253 maturitatem
1026 3196 1214 3271 ceterasque
1235 3195 1324 3255 artes
1346 3190 1466 3272 bonas,
1498 3189 1615 3273 quibus
1637 3190 1735 3257 etiam
1759 3197 1849 3255 tuum

216 3309 376 3371 amorem,
402 3308 474 3353 cum
499 3288 662 3372 Liguriam
683 3289 895 3373 gubernaret,
921 3290 1078 3370 adtraxit,
1111 3299 1144 3358 et
1166 3292 1239 3358 ideo
1262 3292 1351 3377 apud
1372 3303 1404 3360 te
1426 3293 1639 3360 redundantis
1661 3301 1711 3360 est
1733 3313 1849 3379 operae

168 3410 197 3452 ro
216 3391 351 3457 laudare
365 3397 572 3476 compertum.
612 3380 711 3474 quare
733 3392 885 3477 inpendio
907 3402 991 3480 peto,
1019 3404 1055 3461 ut
1076 3416 1148 3461 cum
1171 3416 1192 3462 a
1213 3395 1323 3461 baiulo
1345 3396 1524 3463 litterarum
1547 3417 1664 3465 causam
1687 3417 1849 3463 morarum

215 3495 287 3561 eius
309 3484 491 3579 acceperis,
518 3495 703 3578 religiosum
728 3517 784 3580 pro
807 3497 877 3563 eius
899 3498 1005 3564 reditu
1027 3498 1244 3565 interventum
1268 3500 1413 3582 digneris
1435 3499 1608 3584 adhibere,
1634 3522 1696 3585 quo
1717 3500 1848 3566 tandem

216 3598 340 3683 patriae
364 3598 530 3663 restitutus
554 3597 670 3682 longae
695 3600 962 3685 peregrinationis
984 3601 1132 3669 iniuriam
1156 3603 1340 3670 desiderata
1362 3603 1470 3688 quiete
1493 3611 1675 3671 commutet.

843 3980 969 4047 XXXV
999 3984 1213 4048 anteusus.

773 4134 1033 4202 SYMMAOHVS
1056 4135 1283 4203 AMBROSIO.
1869 4139 1969 4202 PVP

171 4323 200 4367 re
305 4305 355 4370 Ex
378 4324 439 4370 usu
461 4305 560 4386 venii,
585 4310 621 4370 ut
642 4325 736 4391 opem
759 4306 978 4374 desiderantes
1000 4309 1045 4374 ad
1067 4308 1224 4393 suffragia
1246 4308 1382 4394 probata
1397 4308 1597 4394 confugiant.
1636 4310 1746 4376 horum
1764 4330 1847 4376 unus

216 4407 381 4474 Eusebius
410 4413 479 4491 est,
512 4407 567 4491 qui
596 4407 837 4476 adulescentiae
865 4411 1034 4495 prolapsus
1060 4431 1166 4477 errore
1194 4418 1386 4495 notatusque
1412 4412 1531 4478 iudicio
1554 4411 1846 4498 exploratissimum

215 4510 393 4577 remedium
416 4510 531 4576 veniae
553 4509 730 4597 imperialis
753 4512 916 4597 implorat.
962 4515 1022 4581 sed
1043 4521 1078 4580 ut
1100 4515 1130 4580 ei
1152 4515 1301 4582 celeriter
1321 4514 1469 4581 adrideat
1492 4515 1626 4582 effectus
1648 4517 1760 4601 optati,
1788 4516 1846 4583 de-

215 4612 292 4680 ferri
316 4613 351 4679 in
373 4634 483 4680 curam
504 4622 592 4681 tuam
616 4632 707 4700 spem
730 4614 893 4700 petitionis
916 4618 1055 4702 optavit3
1082 4617 1173 4684 cuius
1195 4618 1277 4684 haec
1299 4638 1424 4684 summa
1445 4625 1504 4703 est,
1530 4625 1564 4684 ut
1584 4618 1718 4685 iudicati
1732 4619 1845 4686 remis-

217 4716 308 4784 sione
330 4717 438 4784 famae
461 4737 540 4783 suae
561 4717 679 4783 vulnus
701 4719 864 4786 excludat.
1444 4714 1457 4724 ’

303 5101 316 5150 1
337 5102 427 5152 ludlcll
445 5100 492 5149 ΡΥ
594 5100 609 5150 3
628 5103 684 5150 nala
702 5101 761 5153 cdd.
781 5101 831 5151 ΥΜ

300 5188 384 5237 5om.
404 5186 453 5237 ΥΜ
555 5187 778 5238 dmartlanuml'
880 5189 1003 5256 'lmaupp
1020 5195 1076 5240 tuas
1095 5190 1119 5238 P
1221 5191 1315 5241 deletae
1334 5189 1379 5240 Pl
1393 5207 1428 5240 m.
1444 5190 1472 5238 Μ
1574 5193 1726 5253 Styraurlct
1746 5192 1793 5241 Pl
1806 5206 1840 5242 m.

215 5270 336 5338 Omana
354 5274 377 5321 P
480 5272 511 5322 10
528 5273 600 5335 horta
618 5273 642 5321 P
742 5271 909 5341 annonarum]
926 5289 978 5339 epo,
1000 5290 1121 5326 annornm
1141 5274 1216 5325 PVM

302 5360 335 5409 15
352 5374 401 5411 om.
423 5359 474 5410 ΥΜ
577 5358 608 5410 16
627 5361 688 5408 naut
709 5361 738 5422 P,
759 5361 800 5409 ent
823 5361 851 5423 Υ,
871 5362 927 5410 aaut
946 5360 974 5425 Γ,
996 5365 1055 5425 eqnt
1076 5362 1111 5426 Μ,
1131 5376 1165 5412 ue
1183 5364 1241 5412 acul
1259 5363 1358 5413 Lecttar
1461 5366 1571 5414 atlrlcanl
1596 5366 1617 5412 V
1720 5364 1750 5414 17
1769 5366 1843 5415 teati-

215 5446 326 5497 monium
345 5446 439 5497 le.
458 5445 479 5495 V
616 5447 642 5495 iu
661 5460 716 5495 eam
733 5449 889 5512 prouinciam
909 5447 990 5511 ΡΥΜ,
1016 5449 1076 5510 sort.
1097 5451 1164 5498 intra
1181 5465 1237 5499 cam
1254 5452 1409 5513 prouinciam
1550 5449 1581 5499 ts
1600 5452 1767 5499 maturitatem
1787 5450 1810 5498 P

215 5534 289 5582 bonae
307 5533 413 5583 ιιιοιΥ
517 5531 547 5581 19
565 5533 715 5593 ligoriaml'
817 5535 986 5584 redundantes
1005 5536 1051 5585 Pl
1066 5552 1100 5585 m.
1119 5536 1141 5586 V
1242 5536 1276 5586 20
1293 5537 1375 5587 baiolo
1388 5536 1433 5587 ΡΥ
1534 5551 1614 5586 moras
1631 5538 1658 5598 V,
1679 5542 1705 5585 et
1723 5551 1803 5586 morea
1816 5536 1844 5584 Μ

214 5617 245 5668 tl
266 5614 451 5683 lutoruautium
471 5618 499 5681 P,
520 5619 644 5668 intuitum
661 5618 710 5668 VM
811 5619 844 5670 22
863 5621 921 5669 ualu
938 5620 997 5672 add.
1017 5621 1067 5670 ΥΜ
1386 5632 1392 5645 ·
1423 5644 1424 5651 ¹

251 5736 255 5743 ·
299 5705 333 5755 at
350 5718 399 5754 om.
418 5705 461 5755 ΥΡ
556 5703 589 5755 25
607 5706 832 5755 desiderantlePV
929 5706 961 5756 2¹1
980 5709 1189 5774 optatidenpferrl
1203 5710 1373 5773 (tatltnrca)
1390 5710 1419 5773 P,
1440 5710 1517 5772 optati
1531 5710 1650 5759 dclerol'
1745 5707 1779 5758 28
1796 5723 1841 5771 op·

214 5792 278 5840 tauit
294 5805 344 5841 om.
359 5792 383 5839 P
482 5790 515 5841 29
533 5793 590 5840 nale
608 5792 667 5841 odd.
681 5793 730 5851 ,ΥΡ

289 5890 316 5942 Q.
330 5892 445 5933 ararum
459 5891 605 5934 srnuncnua.
878 5939 891 5959 Ο
1601 5899 1627 5948 11
