4686 6472
806 486 856 540 Dii
876 484 1073 542 erumnam
1091 483 1356 542 busmantavs.
1814 488 1894 553 Xlll

257 714 407 773 tenemus
430 708 529 791 igitur
550 710 727 790 orationes,
761 731 865 793 neque
888 717 924 776 ut
945 708 1052 775 diotae
1075 717 1149 776 suut
1169 730 1275 794 neque
1304 717 1339 775 ut
1361 709 1482 793 editae,
1516 710 1574 777 sed
1602 711 1709 796 potius
1731 732 1894 779 commen-

259 829 363 895 tarius
384 830 561 896 orationum
585 831 690 897 denuo
712 829 922 897 edendarum.

350 949 444 1016 Nunc
473 951 741 1036 transpositiones
763 971 887 1035 quoque
915 950 1005 1031 illae,
1039 971 1123 1035 quae
1145 971 1218 1017 curn
1240 952 1274 1016 in
1297 951 1440 1018 editions
1467 952 1663 1018 laudationis
1690 953 1726 1019 iu
1748 953 1894 1019 Valenti-

259 1071 394 1135 nianum
425 1070 561 1136 alterius
583 1093 604 1136 a
625 1092 676 1137 me
706 1070 1015 1154 commendarentur,
1052 1072 1215 1156 plerisque
1244 1072 1322 1138 viris
1352 1071 1455 1137 doctis
1476 1073 1665 1140 audaciores
1693 1074 1784 1140 visae
1807 1082 1890 1154 sunt,

259 1190 359 1256 facile
382 1191 593 1276 explicantur.
642 1201 717 1259 sunt
739 1193 824 1259 enim
853 1195 1042 1279 plerumque
1064 1192 1237 1273 eiusmodi,
1272 1200 1306 1259 nt
1333 1212 1390 1275 ea,
1422 1213 1506 1277 quae
1535 1195 1774 1278 transponenda
1802 1195 1889 1277 duxi,

260 1331 301 1376 ee
324 1311 455 1393 qnidam
479 1312 559 1393 loco,
586 1334 649 1397 quo
670 1313 704 1379 in
727 1312 837 1380 codice
860 1315 1021 1397 leguntur,
1047 1313 1176 1379 tolerari
1200 1313 1419 1399 nonpossint,
1446 1314 1505 1380 sed
1520 1315 1609 1381 nullo
1624 1315 1689 1380 alio
1706 1316 1895 1382 desideren-

260 1439 314 1497 tur
336 1440 369 1499 ct
391 1431 550 1499 interdurn
574 1454 615 1499 ne
637 1435 741 1500 locum
765 1433 894 1517 quidem
920 1434 1099 1519 reperiant,
1132 1454 1195 1517 quo
1218 1435 1298 1500 satis
1320 1441 1395 1519 apte
1423 1435 1524 1501 inseri
1553 1435 1687 1521 possint.
1734 1436 1825 1502 cuius
1846 1437 1895 1503 rei

258 1554 413 1638 exempla
441 1574 545 1638 pauca
574 1555 722 1635 afferam,
759 1575 830 1620 cum
861 1575 1012 1621 numems
1041 1574 1150 1621 eorum
1179 1554 1350 1621 abundans
1379 1555 1421 1621 ab
1450 1577 1514 1621 nno
1543 1576 1669 1641 quoque
1698 1557 1732 1622 in
1755 1557 1895 1623 editione

262 1680 374 1740 nosha
395 1675 533 1741 inveniri
555 1675 667 1760 possit.

349 1798 428 1879 326,
462 1799 501 1860 27
543 1798 694 1883 Carlhapo
735 1803 910 1881 Tyriorum,
955 1818 1046 1881 pirata
1087 1800 1208 1861 tunicis
1244 1799 1359 1881 plaebis
1394 1800 1516 1861 aduena
1552 1801 1713 1881 opulentas
1751 1802 1891 1882 inposuit,

255 1920 358 1999 pretio
381 1939 401 1980 a
423 1918 545 1999 Llhpsin
569 1920 661 1982 veuit.
708 1940 772 1982 ecce
802 1921 944 2001 ememplu
975 1927 1111 1981 veterata
1140 1921 1333 1981 saeculorum
1342 1921 1353 1980 l
1390 1929 1509 1983 armata
1536 1922 1649 2002 populo
1678 1930 1765 1983 terra
1786 1921 1897 2003 Libyae

260 2046 329 2100 tuta
351 2046 395 2101 est
415 2058 471 2101 ncc
492 2042 618 2120 otiosae,
651 2042 802 2122 suspicor,
835 2040 988 2103 editionis.
1037 2040 1196 2101 incrmitas
1219 2042 1353 2121 conpulit
1375 2040 1464 2101 breve
1486 2042 1622 2121 spatium
1642 2043 1813 2123 postulari,
1844 2043 1898 2105 red

258 2180 319 2241 quia
350 2161 448 2241 mapis
477 2163 563 2240 feret
592 2169 682 2241 turpe
710 2162 924 2238 commercium,
963 2161 1051 2222 doleis
1081 2161 1255 2222 circumcisi
1283 2163 1413 2243 terporis
1441 2163 1535 2222 <sarmit
1565 2161 1693 2224 dedemus
1726 2164 1895 2243 emptionis.

261 2277 344 2343 haec
366 2279 407 2343 ah
428 2279 574 2344 omnibus
597 2278 693 2344 facile
714 2278 956 2362 intelleguntur,
982 2277 1037 2360 qui
1053 2277 1218 2344 historiam
1235 2278 1370 2345 Didonis
1386 2287 1551 2359 noremut,
1579 2299 1683 2363 neque
1707 2281 1775 2346 ulla
1797 2281 1897 2348 inter-

264 2399 445 2484 pretatione
474 2399 632 2483 indigent.
680 2400 738 2465 sed
761 2399 925 2485 scriptori,
959 2419 1030 2464 cum
1053 2399 1228 2466 orationem
1257 2407 1458 2480 retractaret,
1492 2402 1592 2466 verba
1614 2403 1704 2465 doliis
1725 2406 1899 2467 circumcisi

262 2523 395 2604 terporis
418 2540 481 2585 non
505 2521 586 2585 satis
607 2520 779 2604 perspicua
800 2521 872 2586 visa
894 2528 979 2601 sunt,
1006 2520 1034 2585 si
1049 2521 1140 2586 nulla
1154 2521 1230 2586 corii
1248 2521 1366 2586 taurini
1380 2521 1500 2587 mentio
1515 2522 1734 2606 praecederet.
1774 2523 1900 2589 addidit

258 2640 359 2724 igitur
381 2640 415 2705 in
437 2640 583 2725 margine
606 2643 708 2705 bovini
729 2645 869 2725 tepminis
890 2643 1035 2704 ambitum
1058 2644 1220 2724 definitum,
1248 2662 1341 2724 quae,
1369 2649 1404 2706 ut
1419 2641 1582 2726 Gruppius
1605 2661 1696 2709 meus
1718 2644 1894 2729 perspexit,

258 2767 334 2846 riost
355 2763 447 2824 breue
468 2764 601 2844 spatium
625 2765 781 2845 postulari
806 2760 979 2827 inserenda
1000 2770 1109 2843 arant,
1144 2760 1203 2827 sed
1225 2752 1246 2827 a
1268 2762 1397 2827 librario
1420 2763 1503 2829 inter
1525 2767 1665 2846 suspicor
1693 2772 1726 2830 et
1753 2767 1897 2830 editionis

259 2881 420 2946 collocem
443 2889 526 2947 sunt.

350 3004 423 3083 338,
454 3007 491 3066 13
515 3012 543 3067 et
564 3014 723 3087 quantum,
750 3006 796 3067 dii
816 3006 896 3085 beni,
923 3008 954 3067 in
977 3007 1042 3068 dics
1063 3009 1182 3087 proficit
1204 3006 1310 3067 (latirus
1333 3005 1458 3068 sobriat
1481 3008 1601 3088 quippe,
1628 3015 1660 3068 ut
1683 3008 1766 3068 scitis
1781 3028 1894 3087 amires,

259 3145 352 3206 saepe
382 3127 487 3206 inopia
513 3128 562 3188 cel
583 3129 670 3208 copia
692 3146 734 3187 eae
758 3127 891 3189 moribus
914 3130 1006 3190 venit.
1054 3129 1116 3189 atsi
1141 3129 1221 3209 forte
1244 3146 1453 3209 emconpruam
1479 3129 1597 3208 putatis
1628 3128 1799 3190 istiusmodi
1827 3131 1898 3191 lau-

258 3248 337 3308 dem.
383 3248 501 3327 plane
523 3249 629 3309 inter
647 3246 872 3328 facultates
894 3249 1091 3311 ceuseada
1113 3257 1169 3310 cst
1189 3249 1458 3329 parsimonia.
1505 3267 1578 3308 uam
1594 3256 1728 3323 serrator,
1754 3252 1808 3331 qui
1829 3252 1898 3330 pri-

264 3375 335 3429 uato
365 3369 439 3428 usui
465 3369 623 3429 minimum
654 3369 806 3447 eradicat,
837 3367 956 3450 publico
983 3370 1056 3449 plus
1087 3377 1239 3431 reserant.
1285 3365 1482 3452 parsimonia
1510 3365 1584 3432 idea
1614 3366 1698 3433 inter
1727 3366 1899 3434 facultates

262 3485 429 3551 censenda
451 3494 511 3566 cst,
538 3486 613 3570 quia
636 3507 703 3553 rem
725 3486 917 3553 familiarem
940 3494 1049 3570 auget,
1075 3507 1139 3551 non
1162 3487 1238 3569 quia
1260 3488 1293 3552 in
1317 3508 1382 3553 rem
1406 3486 1568 3573 publicam
1592 3494 1738 3572 sumptus
1761 3488 1898 3553 maiores

260 3606 369 3672 iacere
391 3606 562 3691 permittit3
590 3607 699 3692 itaque
722 3608 884 3692 particula
905 3630 995 3689 nam,
1028 3628 1111 3691 quae
1134 3607 1381 3692 propositionem
1405 3607 1550 3673 ultimam
1573 3607 1797 3691 praecedentis
1820 3629 1899 3675 cau-

262 3748 332 3792 sam
356 3747 429 3793 esse
452 3726 582 3811 indicat,
608 3730 738 3795 tolerari
760 3729 882 3812 nequit.
931 3728 989 3795 sed
1012 3729 1140 3795 etiamsi
1155 3727 1215 3794 hoc
1230 3730 1381 3794 mendum
1398 3729 1580 3795 coniectura
1593 3729 1791 3809 tolleremus,
1817 3729 1898 3794 nihil

261 3855 372 3913 tamen
394 3848 631 3932 proficeremus,
658 3850 786 3933 quaudo
809 3869 914 3933 neque
936 3869 986 3930 ea,
1013 3868 1097 3931 quae
1120 3848 1328 3935 praecedunt,
1354 3857 1430 3934 apte
1445 3849 1528 3915 inter
1542 3870 1578 3916 se
1594 3849 1774 3916 cohaerent.
1823 3870 1897 3915 nam

263 3969 292 4035 ai
316 3967 504 4053 Symmachi
526 3967 691 4035 auditores
714 3970 842 4036 laudem
867 3970 1049 4035 sobrietatis
1071 3970 1103 4034 in
1126 3969 1222 4035 domu
1245 3970 1424 4051 senatoria,
1451 3976 1561 4055 utpote
1583 3971 1635 4037 cui
1657 3970 1899 4055 magnificentia

264 4098 299 4155 et
321 4089 457 4173 largitas
479 4090 585 4172 magis
608 4090 829 4171 convenirent,
856 4112 1065 4175 eaconpruum
1089 4096 1274 4175 putassent,
1301 4091 1362 4156 hac
1384 4112 1447 4157 non
1470 4111 1509 4157 eo
1532 4090 1637 4157 refelli
1660 4091 1786 4175 debuit,
1813 4091 1898 4176 quod

262 4211 437 4277 facultates
468 4231 526 4294 per
556 4210 646 4276 illam
676 4217 839 4291 crescunt,
872 4232 935 4295 quo
958 4219 1146 4294 argumento
1169 4211 1266 4276 etiarn
1289 4210 1426 4276 avaritia
1449 4212 1665 4277 commendari
1687 4218 1822 4297 poterat.
1869 4212 1896 4277 si

261 4338 371 4397 autern
394 4332 511 4397 verba:
539 4335 635 4415 plane
658 4336 737 4397 inter
756 4334 920 4415 facultates
943 4334 1094 4395 censenda
1116 4343 1161 4395 est
1179 4335 1372 4414 parsimonia
1395 4330 1513 4413 eicias,
1549 4331 1657 4397 omnia
1677 4339 1763 4398 recte
1785 4352 1898 4416 praca-

262 4452 345 4517 dunt
366 4470 548 4535 causaque,
574 4472 659 4536 quae
681 4451 778 4517 etiam
801 4452 835 4517 in
858 4459 1005 4517 senatore
1028 4451 1233 4518 sobrietatem
1264 4449 1463 4517 laudandam
1486 4451 1607 4534 reddit,
1634 4452 1825 4520 dubitationi
1849 4452 1897 4517 illi

261 4572 371 4639 statim
393 4544 575 4657 opponitur.
623 4572 681 4639 sed
704 4573 780 4639 licet
795 4572 1006 4653 enuntiatum,
1031 4572 1119 4656 quod
1134 4572 1336 4653 seclusimus,
1363 4572 1465 4638 omitti
1481 4573 1599 4657 possit,
1625 4572 1689 4638 alio
1704 4581 1811 4640 tamen
1828 4575 1896 4638 loco

260 4693 416 4759 insertum
440 4693 617 4759 orationem
640 4701 780 4778 exauget
801 4701 834 4759 et
855 4700 963 4759 ornat:
990 4703 1018 4756 et
1039 4702 1199 4775 parantum,
1226 4695 1271 4755 dii
1284 4693 1364 4774 boni,
1390 4697 1422 4757 iu
1438 4695 1503 4757 dies
1516 4697 1637 4776 proficit
1651 4696 1757 4757 damus
1773 4695 1896 4757 sobria!

259 4819 382 4897 plane
405 4819 508 4878 inter
527 4816 742 4896 facultates
765 4817 964 4878 censenda
986 4822 1040 4877 est
1060 4816 1316 4896 parsimonia,
1348 4817 1474 4897 quippe,
1500 4817 1639 4878 discitis
1662 4836 1779 4894 omnes,
1806 4834 1897 4896 saepe

261 4939 367 5018 inopia
391 4938 438 4999 vel
459 4938 546 5018 eopia
567 4957 610 4999 en
632 4936 768 4998 moribus
791 4939 882 4998 venit.
930 4937 993 4997 nisi
1010 4936 1091 5017 forte
1113 4955 1322 5018 eoeconpruam
1335 4938 1453 5017 putatis
1470 4936 1643 4998 istiusmodi
1656 4937 1799 4998 laudem:
1824 4956 1896 4997 nom

262 5065 404 5135 senator,
437 5059 491 5139 qai
509 5060 633 5138 privato
655 5059 729 5119 usui
750 5059 907 5119 minimum
931 5057 1083 5135 vindicat,
1108 5055 1226 5138 publico
1245 5057 1319 5137 plns
1342 5063 1493 5117 resecat.
1539 5074 1600 5120 nee
1628 5054 1896 5139 praetereundum

263 5182 325 5258 est,
351 5175 450 5240 verba
471 5175 540 5259 illa,
567 5197 651 5260 quae
667 5175 880 5261 Symmachus
903 5175 1066 5241 contextui
1088 5174 1212 5259 primae
1235 5174 1386 5240 editionis
1402 5173 1528 5254 adiecit,
1556 5174 1748 5240 sententiam
1766 5175 1896 5240 brevem

264 5304 298 5361 et
326 5295 506 5361 absolutam
536 5296 683 5378 efficere,
716 5298 845 5379 qualem
875 5296 1021 5363 homines
1049 5295 1182 5362 litterati
1212 5295 1301 5361 illius
1327 5294 1452 5361 saeculi
1474 5295 1525 5361 vel
1548 5294 1722 5380 praecipue
1745 5294 1897 5360 admirari

266 5436 440 5502 excerpere
462 5415 583 5482 imitari
607 5416 694 5482 soliti
716 5417 789 5481 sint.

353 5539 434 5617 321,
464 5540 502 5600 14
533 5536 673 5620 loquitur
702 5543 808 5601 orator
829 5537 871 5602 de
893 5536 992 5603 fratre
1014 5559 1035 5603 a
1057 5536 1281 5603 Valentiniano
1303 5536 1338 5601 in
1359 5536 1486 5621 imperii
1509 5535 1700 5601 consortium
1722 5534 1824 5600 ascito
1845 5533 1898 5600 id-

265 5678 327 5740 que
350 5657 490 5723 maxime
514 5656 635 5737 laudat,
662 5656 748 5741 quod
770 5657 938 5723 Valentem
961 5657 1071 5723 statim
1093 5660 1274 5742 Augustum
1298 5656 1429 5739 creavit,
1455 5675 1519 5720 non
1540 5655 1628 5740 prius
1651 5655 1836 5738 Caesarem,
1862 5662 1898 5721 ut

264 5777 473 5846 constamine
495 5775 529 5841 in
545 5778 671 5844 Iuliano
694 5777 825 5843 fecerat.
871 5800 941 5863 erpo
957 5778 1127 5864 Auprrstam
1148 5782 1223 5861 pari
1245 5782 1312 5839 inre
1333 5780 1517 5857 confirmans
1539 5778 1668 5855 arrecti,
1694 5796 1731 5838 ne
1752 5796 1896 5860 umquam
