4716 6476
923 509 1036 563 LIBER
1054 509 1146 562 Vllll.
1783 512 1845 574 265

227 698 259 762 iu
289 697 492 762 rescribendo
522 696 723 778 diligentiam
752 696 907 761 defuisse.
953 717 1034 780 quos
1063 705 1097 761 tu
1125 698 1167 762 ad
1197 697 1398 762 referendam
1429 698 1565 779 gratiam
1588 697 1772 780 dignaberis
1795 698 1844 760 in·
1868 703 1906 763 Π

227 801 341 879 citare,
379 804 414 863 ut
442 801 628 882 intellegam
659 799 879 865 vicissitudine
910 808 1114 887 provocatus,
1149 802 1305 886 epistulas
1333 821 1421 867 meas
1442 800 1557 867 iisdem
1582 801 1712 866 fastidio
1736 806 1847 887 postea

227 922 288 966 non
311 902 444 967 futuras.

957 1162 1014 1227 cx
1034 1162 1113 1245 (oq.

198 1354 210 1391 r
314 1332 455 1396 Aliorum
488 1331 616 1414 quidem
647 1332 704 1395 tibi
734 1332 910 1414 spectanda
939 1340 988 1396 est
1019 1334 1193 1412 sententia,
1229 1353 1308 1416 quos
1337 1335 1429 1399 decet
1457 1334 1498 1400 de
1527 1335 1660 1418 paribus
1685 1335 1843 1412 iudicare;

229 1435 290 1501 mei
314 1434 436 1518 ingenii
459 1435 586 1500 exilitas
609 1434 705 1499 etiam
728 1455 828 1518 parva
850 1434 992 1499 miratur.
1032 1456 1131 1519 quare
1153 1437 1249 1500 velim
1274 1436 1397 1516 credas,
1423 1437 1503 1501 nihil
1526 1437 1583 1501 tibi
1606 1457 1646 1501 ex
1668 1457 1739 1502 meo
1758 1438 1849 1503 testi-

228 1538 333 1603 monio
355 1537 485 1603 honoris
507 1538 673 1602 accedere.
720 1557 795 1601 nam
818 1537 877 1602 etsi
902 1537 1053 1602 laudari
1074 1539 1119 1602 ab
1143 1538 1298 1604 laudato
1319 1544 1399 1604 viro
1421 1547 1513 1604 vetus
1529 1540 1648 1605 dictum
1664 1547 1723 1622 est,
1749 1541 1848 1605 nostri

229 1647 335 1705 tamen
365 1639 570 1706 mediocritas
599 1661 661 1704 non
693 1640 827 1703 multum
857 1639 964 1704 famae
993 1646 1068 1705 tuae
1099 1641 1321 1706 claritudinem
1351 1641 1451 1706 iuvat.
1499 1643 1557 1709 sed
1587 1644 1662 1726 quia
1692 1642 1848 1709 voluntati

228 1750 302 1808 tuae
323 1762 393 1807 mos
415 1742 575 1825 gerendus
598 1751 663 1819 est,
698 1741 777 1824 quid
800 1764 817 1808 e
841 1742 946 1807 medio
968 1764 1049 1806 anas
1071 1747 1107 1805 dc
1130 1744 1322 1809 orationibus
1345 1745 1408 1809 tuis
1431 1745 1585 1825 sentiam,
1618 1746 1727 1811 iussus
1750 1766 1850 1829 expe-

184 1864 210 1903 ro
229 1844 327 1909 diam.
375 1865 475 1929 prope
505 1851 569 1924 est,
603 1851 638 1910 ut
666 1852 697 1909 te
726 1865 862 1927 arguere
891 1844 1045 1924 debeam,
1078 1846 1163 1928 quod
1195 1848 1324 1912 saeculo
1353 1853 1459 1912 nostro
1482 1847 1667 1913 Tullianum
1698 1848 1763 1914 stili
1786 1850 1892 1913 tamt
1964 1912 1972 1925 .

230 1966 342 2032 parcus
364 1946 519 2012 invideas.
567 1947 793 2031 respondebis,
827 1967 950 2012 omnem
974 1954 1006 2012 te
1028 1968 1159 2031 operam
1182 1949 1368 2015 condendae
1392 1949 1544 2015 historiae
1567 1951 1752 2035 deputasse.
1799 1950 1851 2034 ig-

229 2070 324 2115 nosce
352 2050 508 2115 avaritiae
537 2070 646 2119 meae.
679 2050 707 2113 si
734 2057 903 2133 utrumque
936 2049 1093 2115 desidero.
1141 2072 1215 2116 nam
1238 2052 1309 2136 pari
1331 2052 1432 2117 nitore
1453 2058 1550 2135 atque
1572 2052 1732 2136 gravitate
1754 2072 1851 2118 seua·

229 2152 328 2217 terias
357 2152 499 2217 actiones
529 2160 562 2218 et
582 2154 746 2218 Romanae
776 2153 821 2217 rei
852 2160 1057 2219 monumenta
1083 2154 1218 2232 limasti,
1252 2164 1287 2219 ut
1316 2156 1413 2239 plane
1435 2156 1604 2221 Homerica
1633 2154 1851 2240 appellatione

231 2273 307 2321 usus
328 2256 491 2340 περιδέξιον
518 2254 561 2337 [id
584 2262 633 2321 est
654 2255 889 2338 aequimanum]
915 2262 947 2321 te
970 2276 1041 2321 esse
1063 2257 1271 2340 pronuntiem.
1322 2278 1421 2340 perge
1442 2259 1541 2341 igitur
1562 2278 1682 2340 quaeso
1705 2264 1737 2322 et
1758 2257 1851 2323 stude

185 2379 212 2418 rs
232 2357 314 2422 bauo
335 2358 470 2442 posteris
494 2357 599 2423 dotem
624 2358 813 2439 relinquere,
840 2366 979 2441 atquae
1003 2360 1110 2425 divisa
1131 2360 1164 2424 in
1188 2360 1324 2443 singulis
1347 2363 1529 2427 auctoribus
1551 2368 1626 2427 aute
1648 2362 1847 2445 placuerunt,

166 2520 168 2524 ,
231 2460 343 2526 eadem
365 2462 506 2526 nuncin
528 2471 560 2526 te
584 2461 752 2526 coniuncta
774 2462 955 2528 laudentur.

998 2736 1085 2803 cxl.

319 2958 639 2973 ............
667 2908 810 2973 condicio
832 2929 870 2973 ac
894 2908 1117 2974 difficultatem
1140 2909 1308 2988 dpoendae
1330 2930 1434 2992 aquae
1457 2910 1540 2974 iuter
1567 2909 1693 2974 labores
1723 2928 1851 2975 censere
1876 2910 1905 2971 Γ

232 3012 405 3076 Herculeos
429 3011 615 3099 debeamus.
654 3033 739 3076 nuuc
762 3032 813 3076 me
835 3011 990 3096 Neapolis
1012 3018 1135 3077 mutata
1158 3013 1235 3078 sede
1259 3013 1409 3097 suscepit,
1435 3013 1521 3078 unde
1544 3019 1616 3097 post
1637 3011 1732 3077 breve
1754 3011 1852 3077 iuter-

185 3114 350 3179 rovallum
374 3114 497 3180 dierum
520 3112 655 3179 transire
678 3114 821 3199 Capuam
845 3114 891 3179 tui
914 3114 1066 3179 desiderii
1088 3116 1193 3199 gratia
1214 3136 1277 3180 nou
1300 3116 1456 3181 morabor.

863 3387 954 3455 CXII
974 3388 1051 3473 (ΟΠ)
1086 3410 1117 3453 a.
1136 3391 1222 3452 370⁴?

316 3560 397 3625 Cum
419 3559 484 3624 iarn
506 3560 732 3625 Decembrium
755 3559 969 3624 kalendarum
991 3565 1116 3643 tempus
1139 3559 1320 3644 adpeteret,
1348 3555 1492 3626 redditae
1515 3567 1589 3625 sunt
1610 3560 1689 3624 mibi
1711 3561 1847 3642 litterae,
1874 3562 1912 3622 Π

233 3683 313 3744 quae
336 3669 368 3727 te
390 3662 540 3727 annalem
563 3663 706 3728 trabeam
729 3661 885 3728 meruisse
907 3663 1122 3745 loquerentur.
1163 3662 1277 3727 credas
1300 3662 1407 3737 velim,
1434 3663 1534 3727 multo
1556 3684 1597 3728 ex
1619 3683 1659 3727 ea
1681 3684 1716 3729 re
1734 3662 1853 3745 gaudio

233 3766 346 3831 mentis
375 3785 466 3831 meae
497 3765 641 3830 habitum
668 3765 888 3849 splenduisse,
921 3765 1023 3849 primo
1046 3765 1132 3847 quod
1153 3765 1199 3831 ita
1220 3773 1335 3831 natura
1357 3773 1564 3848 conparatum
1586 3772 1653 3845 est,
1687 3773 1722 3830 ut
1743 3785 1853 3830 omnes

187 3884 215 3926 rs
233 3867 293 3933 sibi
322 3868 464 3934 delatum
494 3866 592 3932 decus
620 3867 779 3944 iudicent,
813 3866 898 3949 qnod
927 3866 1045 3948 dignus
1075 3867 1253 3951 acceperit,
1288 3867 1405 3933 debinc
1433 3867 1509 3950 quia
1537 3867 1636 3933 bonor
1664 3867 1853 3951 iampridem

232 3977 325 4053 togae
348 3977 380 4037 et
402 3969 505 4035 ordini
527 3989 619 4035 rarus
641 3969 800 4053 nimisque
823 3969 965 4035 difficilis
987 3969 1116 4035 tandem
1140 3977 1328 4035 summatem
1353 3969 1494 4035 civilium
1516 3970 1653 4053 partium
1676 3969 1778 4034 virum
1801 3989 1853 4034 re-

233 4073 341 4157 spicit,
373 4078 567 4157 postremum
589 4072 676 4155 quod
698 4071 856 4137 amicitias
877 4078 1001 4137 nostras
1024 4072 1160 4138 necdum
1184 4072 1259 4137 aliis
1283 4072 1399 4137 officiis
1421 4071 1586 4137 inchoatas
1608 4079 1757 4157 prompta
1778 4092 1855 4137 ero-

233 4177 355 4241 eatioue
377 4175 522 4240 iunxisti.
570 4174 702 4240 videsue
724 4195 821 4258 quam
843 4174 1024 4258 probabiles
1047 4175 1191 4240 laetitiae
1214 4196 1306 4241 meae
1329 4194 1446 4240 causae
1469 4162 1554 4239 sinti
1585 4177 1642 4241 sed
1665 4193 1786 4254 vereor,
1812 4195 1853 4239 ue
1876 4178 1895 4236 2

234 4277 282 4342 bis
310 4298 423 4363 parurn
452 4279 582 4356 credas,
616 4298 686 4343 cum
718 4279 838 4343 accitus
868 4297 1035 4355 excusem,
1068 4277 1215 4360 quamvis
1243 4277 1329 4342 iusta
1358 4277 1439 4342 ratio
1470 4279 1645 4362 sapientem
1669 4297 1732 4341 uon
1753 4278 1854 4363 possit

188 4397 216 4437 aa
235 4382 406 4447 offendere.
453 4403 516 4464 quo
539 4382 623 4446 enim
646 4388 740 4464 pacto
763 4380 807 4445 ad
828 4380 931 4464 prima
954 4380 1088 4445 fascium
1113 4386 1237 4444 tuorum
1261 4386 1391 4445 vocatus
1413 4379 1576 4464 auspicia,
1606 4379 1719 4464 paucis
1742 4380 1856 4445 diebus

235 4482 410 4549 Galliarum
433 4484 610 4567 longinqua
631 4490 852 4568 penetrarem?
877 4482 983 4549 exime
1004 4482 1129 4547 itineris
1151 4489 1353 4566 apparatum,
1379 4482 1487 4565 cogita
1508 4482 1624 4548 hiemis
1646 4481 1857 4568 impedimen-

319 4677 333 4725 'l
352 4673 476 4729 Naevius
494 4689 538 4742 ap.
559 4672 618 4727 Cic.
639 4672 724 4727 Ture.
745 4670 862 4735 111131,
883 4673 930 4733 θῖς
951 4671 987 4725 ad
1007 4668 1071 4724 faur.
1095 4671 1121 4724 V
1142 4672 1181 4733 lt,
1205 4674 1232 4735 7,
1255 4670 1309 4724 XV
1327 4673 1352 4723 6.
1462 4670 1591 4724 tillem.
1612 4670 1645 4724 ll.
1666 4670 1735 4725 xx]
1756 4670 1813 4724 163.

300 4928 467 4997 tparibua]
484 4945 535 4991 apo,
556 4931 669 4993 patribus
688 4930 741 4992 (Π)
857 4929 992 4978 ilaudato
1009 4926 1204 4995 uiro]1uretar,
1224 4930 1321 4977 laudlto
1339 4942 1384 4976 uro
1402 4928 1435 4977 Π
1541 4928 1637 4992 liquid
1656 4943 1670 4977 a
1689 4931 1770 4979 medio
1789 4944 1856 4979 uuus
1917 4973 1920 4979 ,

235 5021 264 5069 de
281 5014 447 5083 orationibus]
464 5032 516 5078 apo,
542 5019 586 5079 qui
605 5017 859 5066 demedioratiouibus
879 5015 909 5079 Γ,
937 5016 1056 5078 quicquid
1075 5016 1106 5063 de
1124 5016 1277 5063 orationibus
1298 5014 1359 5076 (Π),
1386 5016 1446 5076 quid
1465 5017 1567 5077 quidam
1586 5032 1600 5065 e
1618 5016 1699 5063 medio
1716 5015 1748 5064 de
1766 5017 1856 5064 oratio-

235 5107 309 5154 nibus
327 5105 457 5165 dctopplar
563 5102 594 5151 10
612 5099 674 5169 tam]
692 5117 743 5163 epo,
763 5105 829 5151 fame
848 5104 879 5151 Π
988 5100 1015 5150 il
1036 5098 1164 5166 inuideas]
1183 5102 1289 5161 leretur,
1310 5100 1416 5149 inuadat
1435 5100 1491 5149 ΓΙῙ
1593 5101 1623 5150 13
1641 5102 1855 5150 homericum*

235 5192 353 5239 relatione
373 5203 435 5238 rusus
454 5203 554 5237 *aaran
578 5189 641 5249 (Π),
662 5189 786 5238 homerica
804 5189 970 5251 appellatione
988 5184 1126 5257 περιδέξιον
1146 5185 1172 5234 Γ
1298 5186 1328 5235 14
1347 5187 1372 5233 id
1391 5192 1431 5235 est
1447 5190 1623 5249 aequimanum
1641 5191 1712 5236 uncis
1730 5189 1822 5235 iactari

234 5277 393 5337 pronuuelam
414 5275 464 5338 (II)
601 5276 678 5333 igitur
695 5289 742 5325 om.
760 5273 786 5322 Γ
914 5279 940 5323 ot
957 5273 1032 5322 stude
1050 5287 1098 5323 om.
1117 5271 1143 5320 Γ
1280 5271 1311 5321 io
1329 5269 1424 5338 dotum]
1441 5278 1518 5322 totam
1537 5273 1563 5321 Γ
1690 5288 1755 5335 quae
1773 5275 1856 5322 diuisa

235 5358 273 5428 ln]
290 5362 356 5424 quod
375 5359 401 5408 Γ
503 5360 534 5408 16
552 5360 639 5407 eadem
659 5373 726 5409 nunc
743 5373 791 5410 om.
808 5358 834 5407 Γ

322 5444 353 5495 18
371 5449 453 5494 maisit
471 5447 602 5507 epistulam
621 5444 686 5507 (Π),
704 5448 800 5506 primur
818 5444 894 5493 edtdlt
912 5446 1040 5505 Scioppius
1058 5460 1082 5493 a.
1104 5448 1171 5493 1608
1275 5440 1389 5509 sensere]
1408 5443 1509 5501 Parcas,
1530 5458 1651 5493 censurae
1672 5443 1715 5505 (Γ)

320 5531 352 5581 22
370 5533 475 5593 auara
496 5531 530 5579 ad
550 5530 655 5579 Probum
677 5534 802 5580 connatam
825 5547 850 5581 a.
869 5534 917 5579 371
944 5534 1035 5593 scripta
1058 5545 1107 5578 essa
1130 5531 1226 5579 videtur
1365 5532 1399 5580 ᾗ
1421 5530 1463 5594 (Π
1467 5533 1473 5591 l
1631 5529 1663 5579 23
1681 5531 1779 5579 aradam
1800 5530 1854 5590 (Π)

236 5617 267 5667 25
284 5619 373 5678 dignas
393 5617 425 5665 Π
560 5616 592 5665 26
611 5622 694 5678 togato
711 5619 794 5666 ordini
813 5631 894 5665 rarum
914 5615 941 5665 Γ
1067 5617 1204 5666 dililciiltaa
1222 5616 1249 5664 Γ
1381 5617 1414 5665 29
1432 5613 1563 5683 excusem]
1582 5615 1612 5677 Γ,
1632 5631 1745 5665 aeeuaern
1766 5616 1819 5677 (Π)

235 5700 325 5770 possit]
341 5708 424 5764 potest
443 5701 469 5750 Γ
596 5703 628 5752 30
646 5700 729 5768 paeto]
747 5702 778 5763 Γ,
797 5704 880 5763 precio
898 5702 951 5763 (Π)
1079 5699 1192 5767 uocatus]
1212 5700 1242 5763 Γ,
1263 5718 1316 5750 sum
1337 5707 1440 5751 uocatus
1462 5702 1502 5763 (H
1505 5703 1512 5762 l
1647 5701 1675 5750 31
1699 5706 1855 5763 penetrarem

235 5787 329 5856 exime]
348 5788 377 5851 Γ,
398 5802 566 5850 penetrasses
585 5804 616 5836 ex
637 5804 675 5837 mc
695 5789 745 5849 (II)
852 5784 956 5855 hiemis]
976 5786 1005 5845 Γ,
1027 5803 1126 5835 aaran
1151 5788 1200 5845 illi

310 5891 337 5945 Q.
352 5889 465 5931 Arnamrs
479 5889 627 5931 Sruuaurrrs.
1616 5889 1647 5939 34
