4736 6478
936 505 1049 561 LIBER
1067 507 1117 562 Vl.

782 866 864 932 XXI
883 868 998 952 (XXII)
1034 867 1140 935 hieme
1161 871 1270 953 cosso.

671 1022 931 1090 SYMMACHVS
955 1023 1221 1092 Nlcouncffls
1242 1023 1382 1090 ulnus.
1860 1030 1894 1093 P

303 1193 426 1261 lintris
455 1195 519 1260 mei
540 1178 703 1262 Eutrechii
733 1195 918 1281 spectabilis
945 1196 1005 1262 viri
1027 1196 1146 1262 liberos
1167 1196 1357 1281 inpatientia
1378 1197 1504 1282 paterni
1526 1198 1644 1264 amoris
1666 1199 1837 1279 acciverat,

215 1297 333 1381 quibus
363 1298 556 1383 properandi
586 1318 702 1365 causas
729 1299 838 1385 inopia
867 1300 955 1366 urbis
983 1299 1118 1380 adiecit,
1152 1307 1249 1384 atque
1277 1299 1352 1366 ideo
1383 1320 1546 1367 recursum
1569 1302 1638 1368 sine
1660 1302 1737 1368 iusti
1758 1309 1841 1368 tem-

184 1400 305 1487 eporis
333 1401 557 1486 expectatione
587 1403 689 1468 moliti
719 1409 803 1468 sunt.
850 1410 1044 1489 quapropter
1073 1403 1148 1470 dum
1178 1403 1341 1487 navigatio
1370 1403 1582 1470 intractabilis
1612 1411 1677 1487 est,
1714 1405 1748 1471 in
1777 1406 1841 1471 oris

216 1503 415 1589 Campaniae
444 1505 611 1590 paulisper
632 1505 825 1583 haerebunt,
861 1507 920 1573 sed
941 1526 981 1572 ue
1003 1507 1271 1592 peregrinationis
1294 1527 1405 1572 amara
1427 1508 1623 1590 sustineant,
1658 1508 1841 1574 humanitas

217 1613 325 1673 vestra
347 1609 533 1691 praestabit.
573 1629 671 1692 quare
694 1609 794 1675 vicem
818 1630 923 1675 meam
946 1609 1084 1695 suscipe,
1110 1611 1221 1694 utqui
1242 1630 1328 1677 nuuc
1349 1632 1369 1676 a
1392 1610 1484 1676 nobis
1506 1610 1698 1678 necessitate
1722 1611 1841 1677 divulsi

217 1716 301 1791 sunt,
328 1710 470 1777 animum
493 1731 528 1779 se
550 1732 656 1778 meum
676 1712 711 1778 in
733 1704 771 1779 te
788 1713 968 1798 repperisse
990 1714 1161 1781 laetentur.

821 2040 918 2106 xxu
939 2039 1070 2124 (xxuq
1106 2061 1137 2106 a.
1161 2043 1235 2105 aaa.

170 2215 198 2256 ιι
672 2196 931 2262 sunuuonvs
957 2195 1222 2263 mconucms
1244 2196 1384 2263 ornus.
1862 2199 1927 2262 Pr

305 2371 396 2437 Dura
417 2369 584 2436 commotio
606 2375 665 2450 est,
691 2388 788 2451 quam
810 2366 915 2453 gignit
935 2367 1062 2450 iniuria,
1089 2367 1148 2434 sed
1170 2368 1294 2435 mollire
1316 2369 1412 2435 debet
1434 2370 1576 2436 dolorem
1598 2370 1759 2436 medicina
1781 2391 1840 2455 pa—

218 2475 362 2541 tientiae.
406 2494 466 2539 nec
488 2474 579 2540 deest
600 2472 690 2537 vobis
712 2491 790 2537 usus
813 2471 951 2537 adversa
972 2471 1141 2553 tolerandi,
1167 2492 1242 2537 uam
1265 2472 1374 2538 crebro
1395 2473 1494 2539 ictum
1517 2472 1664 2541 fortunae
1686 2474 1770 2541 ferre
1793 2473 1843 2540 di-

219 2578 355 2645 dicistis.
402 2578 488 2661 quod
516 2576 545 2641 si
574 2576 607 2641 in
634 2575 785 2643 secundis
807 2576 903 2642 rebus
926 2574 1084 2659 ageretis,
1117 2575 1185 2641 iure
1207 2575 1346 2642 insolitis
1369 2576 1464 2642 malis
1486 2575 1626 2643 felicitas
1647 2576 1839 2643 laederetur.

219 2683 301 2748 haec
331 2701 369 2747 eo
399 2680 521 2760 scribo,
555 2685 589 2745 ut
618 2680 766 2745 miratum
788 2700 839 2745 me
862 2679 962 2760 scias,
996 2679 1082 2763 quod
1104 2679 1315 2745 constantiam
1337 2685 1426 2745 tuam
1449 2680 1490 2745 lis
1512 2679 1639 2765 privata
1659 2680 1840 2764 mutaverit,

173 2802 201 2842 1⁵
219 2807 315 2869 quam
346 2785 405 2851 sub
433 2783 586 2850 adfinium
614 2784 757 2865 nomine,
791 2791 825 2849 ut
853 2783 959 2868 opinio
988 2803 1061 2848 mea
1089 2789 1154 2866 est,
1187 2783 1303 2849 Baiani
1332 2782 1433 2849 litoris
1463 2784 1654 2868 persultator
1674 2783 1840 2850 animavit.

219 2889 277 2955 sed
305 2887 357 2954 illi
386 2886 476 2953 aliud
505 2886 663 2954 mercedis
691 2888 762 2955 erit.
809 2906 926 2954 causae
950 2894 1057 2953 autem
1080 2894 1208 2954 vestrae
1229 2889 1504 2974 propugnaculum
1526 2887 1680 2953 iudiciale
1701 2908 1765 2953 non
1787 2888 1845 2954 de·
1868 2891 1887 2950 2

220 2992 298 3068 fuit;
333 2991 538 3076 impetratum
567 2998 617 3057 est
645 2991 764 3076 quippe
793 2992 834 3057 ab
862 2992 964 3057 altero
993 2991 1207 3083 cognitorum,
1241 3011 1281 3057 ne
1312 2992 1430 3077 inpune
1453 2990 1512 3075 sit,
1546 2990 1630 3074 quod
1654 2990 1846 3074 dissignavit

220 3094 395 3180 apparitor,
422 3095 463 3160 ab
486 3094 598 3178 altero,
624 3100 660 3160 ut
681 3094 844 3161 hereditas
865 3101 935 3160 tuta
957 3101 1148 3179 praestetur.
1188 3093 1293 3180 ipsam
1315 3114 1441 3179 quoque
1457 3094 1619 3161 dominam
1634 3093 1840 3177 quaestionis,

221 3219 293 3265 cum
323 3217 359 3264 se
388 3217 428 3263 ex
454 3218 532 3282 agro
554 3197 728 3283 receperit,
762 3197 958 3281 admonebo,
991 3205 1027 3264 ut
1049 3204 1105 3264 aut
1128 3197 1263 3264 desistat
1283 3198 1410 3283 incepto
1433 3204 1489 3263 aut
1510 3196 1650 3278 noverit,
1685 3196 1746 3261 sibi
1769 3216 1845 3279 gra-

174 3316 202 3358 to
221 3302 311 3367 viora
333 3320 406 3367 esse
428 3301 608 3367 referenda.
631 3300 736 3389 lhaec
758 3301 918 3368 derebus
941 3301 1123 3368 domesticis
1146 3301 1226 3367 satis
1250 3301 1336 3368 dicta
1359 3301 1432 3368 sint.
1473 3300 1597 3384 patriae
1620 3321 1695 3367 vero
1716 3307 1844 3367 nostrae
1868 3301 1886 3363 3
1910 3302 1943 3363 P

220 3405 304 3471 inter
333 3411 441 3471 cetera
462 3404 689 3471 frumentariae
711 3406 866 3491 penuriae
890 3406 976 3471 mala
998 3404 1170 3489 legationis
1192 3405 1332 3472 ambitus
1354 3405 1538 3489 nequiorem
1561 3403 1665 3470 facem
1689 3403 1843 3470 subdidit.

221 3529 295 3574 nam
326 3507 483 3593 principio
506 3508 744 3574 Postumianum
772 3515 805 3575 et
825 3508 995 3576 Pinianum
1025 3509 1149 3575 duobus
1171 3510 1267 3575 aulae
1290 3508 1500 3575 summatibus
1521 3508 1627 3574 iunxit
1649 3506 1763 3574 electio
1786 3507 1845 3572 sub

222 3633 262 3678 ea
289 3612 497 3697 expressione
526 3611 653 3695 iudicii,
687 3608 722 3678 ut
743 3611 777 3677 in
797 3612 880 3697 ipsis
903 3612 982 3678 solis
1004 3613 1102 3698 plena
1123 3632 1196 3679 esse
1219 3614 1340 3696 legatio
1364 3613 1533 3679 diceretur.
1580 3609 1756 3677 interiectis
1779 3608 1847 3675 die-

221 3716 299 3798 bus,
332 3735 404 3781 curn
432 3714 586 3781 mandata
606 3715 727 3781 ordinis
749 3722 903 3782 macutus
926 3715 1141 3801 expenderet,
1175 3716 1345 3783 Paulinum
1366 3716 1434 3782 illis
1457 3715 1566 3781 studia
1586 3714 1712 3801 privata
1732 3713 1847 3780 iunxe-

176 3834 205 3877 ιι
222 3825 305 3885 runt.
354 3818 429 3885 hino
458 3827 528 3887 orta
557 3819 690 3886 certatio
717 3839 820 3902 usque
847 3819 891 3886 ad
919 3819 1060 3891 nefarias
1082 3840 1209 3905 pugnas
1232 3840 1283 3886 me
1306 3821 1440 3886 absente
1462 3818 1627 3904 processit.
1674 3817 1775 3903 pudet
1797 3817 1847 3883 di-

223 3942 312 4002 cere,
345 3942 429 4005 quae
456 3921 490 3988 in
513 3942 548 3988 se
571 3922 740 4008 optimates
763 3930 894 3990 senatus
917 3923 1050 3989 erimina
1071 3929 1104 3989 et
1126 3922 1298 3989 maledicta
1320 3918 1521 4007 proiecerint.
1568 3920 1627 3987 sed
1649 3919 1847 3985 dirimendas
1870 3925 1888 3984 4

223 4026 363 4110 partium
384 4026 590 4110 quaestiones
612 4046 683 4092 meo
705 4025 853 4093 dicuutur
876 4026 1030 4092 detulisse
1052 4025 1182 4092 iudicio.
1222 4025 1289 4092 fors
1312 4025 1438 4108 viderit,
1460 4024 1518 4107 qui
1541 4024 1614 4089 finis
1636 4042 1766 4089 causam
1785 4043 1847 4107 pu-

223 4127 340 4194 blicam
363 4136 501 4196 maneat.
549 4129 675 4195 iuterim
698 4138 829 4196 senatus
852 4129 940 4196 fama
960 4130 1129 4210 laceratur,
1155 4137 1188 4196 et
1208 4128 1413 4194 infortunatis
1435 4126 1532 4194 etiam
1555 4127 1675 4194 crimen
1697 4126 1844 4192 accessit.

225 4231 251 4296 si
280 4232 315 4297 in
344 4252 458 4297 manus
487 4252 576 4300 meas
605 4233 751 4299 venerint
779 4240 983 4300 monumenta
1013 4239 1193 4316 gestorum,
1226 4230 1364 4315 legendo
1386 4231 1541 4313 noscetis,
1573 4251 1657 4315 quae
1680 4218 1866 4295 verborum'

179 4350 366 4401 cumeorum
388 4336 584 4402 verecundia
605 4336 708 4402 noluit
730 4336 904 4421 explicare.
952 4337 1036 4402 vale.

885 4664 998 4729 xxm
1018 4664 1184 4771 (unuin.

682 4819 940 4886 sruuaonvs
966 4818 1229 4887 urconucffls
1251 4819 1390 4884 rmus

230 4960 236 4973 ,
312 4994 419 5063 Debui
447 4993 563 5060 litteris
593 4991 754 5058 abstinere
778 4992 949 5077 spectabili
971 4991 1039 5058 viro
1061 4990 1127 5057 filio
1149 5011 1221 5057 meo
1242 4990 1342 5057 Decio
1364 4997 1582 5073 commeante,
1615 4991 1670 5075 qui
1692 4989 1733 5056 de
1756 4989 1848 5055 nobis

227 5099 313 5186 apud
335 5097 523 5183 religionem
547 5103 687 5163 vestram
710 5094 803 5180 plura
824 5096 976 5176 narrabit,
1003 5115 1100 5179 quam
1121 5101 1231 5181 posset
1252 5094 1442 5180 paginarum
1463 5101 1572 5162 textus
1594 5093 1762 5179 amplecti;
1789 5091 1848 5159 sed

313 5393 494 5444 {lentrecllP
597 5392 770 5455 lprrertsuit
788 5392 833 5440 Pl
848 5408 881 5443 m.
987 5392 1088 5440 denulsl
1108 5391 1154 5439 Pl
1169 5407 1202 5440 ιιι.

316 5482 347 5532 10
364 5495 412 5530 οιιι,
434 5481 457 5528 P
603 5477 634 5527 12
653 5478 725 5526 crebo
745 5478 851 5527 le.
1002 5477 1248 5528 resarsurum.
1267 5476 1471 5527 atecundirP
1606 5474 1722 5523 laedetur
1740 5472 1791 5521 Pl
1811 5488 1846 5522 ιιι.

233 5567 260 5618 ll
279 5562 410 5633 eogulllsls
428 5567 451 5615 P
579 5565 721 5625 designauit
740 5564 763 5611 P
900 5563 931 5614 18
949 5560 1076 5629 apparato!
1094 5563 1188 5616 le.
1319 5570 1348 5614 ut
1365 5578 1412 5614 ern.
1435 5565 1458 5611 P
1585 5562 1669 5623 iprum
1687 5573 1787 5622 quoque
1804 5560 1848 5610 do-

230 5657 326 5704 miuum
344 5652 371 5703 Γ
517 5652 547 5703 19
566 5647 609 5717 ox]
627 5652 658 5699 ab
678 5651 701 5698 P
847 5650 879 5700 20
898 5654 925 5699 la
942 5651 1072 5700 referenda
1089 5650 1178 5700 delcit
1196 5653 1219 5699 P
1364 5652 1417 5699 uiro
1435 5649 1529 5698 le.
1686 5644 1719 5695 25
1737 5646 1810 5707 berta
1827 5646 1850 5694 P

231 5740 262 5791 27
280 5738 337 5808 qul]
353 5742 393 5806 sul
412 5740 434 5788 P
534 5737 567 5788 28
585 5734 680 5800 rcuatll
698 5737 721 5784 P
822 5733 910 5805 edam]
932 5738 995 5801 (Ill,
1017 5741 1090 5799 perlit
1108 5740 1134 5786 la
1152 5737 1175 5785 P
1276 5736 1309 5786 29
1327 5731 1441 5802 neulliut
1458 5736 1481 5784 P

315 5827 348 5880 st
365 5828 408 5877 sed
426 5825 585 5877 oru.P1m.
