4716 6476
930 527 1045 582 LIBER
1063 527 1127 583 Vll.

724 889 910 956 cmxxv
934 890 1173 974 (Lxxxxrnu
1208 911 1238 956 a.
1259 894 1333 957 oss.

826 1029 885 1094 no
914 1027 1228 1094 nouorumnvn.
1865 1031 1977 1093 run

303 1202 463 1288 Amplecti
491 1199 652 1267 amicitias
683 1199 803 1265 domini
828 1207 862 1266 et
882 1199 942 1265 filii
963 1200 1028 1266 mei
1050 1201 1201 1266 Flaviani
1221 1207 1297 1266 ante
1319 1201 1470 1283 dignatus
1493 1221 1543 1281 es,
1579 1203 1637 1268 sed
1659 1222 1744 1268 nuno
1765 1209 1846 1269 tem-

218 1326 278 1392 pus
305 1306 416 1389 datur,
449 1312 486 1371 nt
506 1304 556 1369 illi
578 1303 771 1371 documenta
792 1323 890 1370 verae
912 1303 1142 1370 familiaritatis
1166 1304 1332 1370 exhibeas.
1381 1304 1481 1369 sacris
1503 1304 1589 1371 enim
1611 1305 1644 1370 d.
1669 1326 1702 1370 n.
1726 1305 1846 1371 Honori

188 1407 439 1495 caugustissimi
460 1406 615 1492 principis
637 1407 754 1473 litteris
776 1406 819 1473 ad
842 1406 981 1473 officium
1003 1406 1165 1492 magnifici
1189 1408 1330 1473 consulis
1352 1414 1504 1474 evocatus
1527 1408 1727 1474 occasionem
1742 1407 1842 1492 dabit,

218 1533 281 1597 qua
308 1520 341 1579 et
368 1512 471 1598 ipsius
500 1511 647 1576 meritum
678 1510 797 1577 iudicio
825 1517 880 1576 tuo
909 1517 1020 1596 pateat
1050 1516 1082 1577 et
1110 1517 1166 1576 tua
1195 1511 1229 1576 in
1251 1531 1323 1577 eum
1347 1512 1504 1576 clarescat
1526 1510 1676 1577 adfectio.
1724 1512 1846 1578 interea

217 1622 324 1701 partes
346 1613 490 1702 parentis
512 1634 604 1679 meus
626 1614 825 1680 interventus
847 1614 1026 1697 exequitur,
1053 1634 1113 1680 neo
1135 1613 1169 1679 in
1192 1613 1324 1680 dubium
1339 1614 1437 1695 venit,
1463 1615 1542 1698 quid
1560 1615 1679 1681 habeat
1694 1614 1845 1700 ponderis

217 1718 386 1804 pignorum
409 1717 644 1784 commendatio
666 1716 753 1802 apud
777 1738 869 1801 eum,
898 1717 953 1801 qui
978 1736 1052 1783 suos
1076 1717 1192 1801 diligit.
1239 1716 1320 1784 haec
1343 1724 1450 1783 auteur
1474 1736 1599 1783 summa
1621 1724 1672 1784 est
1692 1717 1845 1784 desiderii

218 1822 290 1899 mei,
317 1828 353 1886 ut
374 1821 408 1887 in
430 1820 537 1887 animo
559 1829 613 1888 tuo
635 1821 775 1906 reperiat
795 1840 937 1886 amorem
960 1841 1031 1887 meo
1055 1821 1202 1887 similem.

173 2098 200 2138 to
680 2078 881 2145 LXXXXVI
907 2078 1115 2162 (LXXXXV)
1149 2100 1182 2145 a.
1201 2081 1382 2145 399-4011.

826 2216 886 2282 ΑΙ)
913 2216 1230 2284 LONGINIANVM.

303 2392 341 2455 In
364 2390 507 2456 savorem
530 2410 580 2455 me
602 2387 744 2473 Dynami
767 2388 958 2468 cohortaris,
993 2388 1083 2454 cuius
1109 2388 1169 2455 tibi
1191 2408 1300 2454 amore
1321 2408 1384 2455 non
1407 2389 1570 2456 cesserim.
1618 2396 1669 2456 est
1690 2391 1774 2456 enirn
1798 2391 1847 2455 vir

218 2493 335 2560 artium
363 2494 518 2559 bonarum
549 2493 654 2558 cultus
677 2498 801 2558 ornatu.
848 2492 954 2557 libens
976 2491 1085 2576 itaque
1107 2491 1141 2557 in
1163 2498 1251 2558 tuam
1274 2492 1414 2559 concedo
1437 2493 1628 2559 sententiam
1651 2493 1847 2577 dignumque

219 2616 291 2662 esse
314 2596 478 2682 praedico,
503 2597 559 2680 qui
581 2602 688 2661 nostro
709 2594 814 2660 ordini
837 2595 1020 2680 copuletur;
1055 2595 1114 2661 scd
1136 2595 1307 2661 adicienda
1329 2602 1380 2662 est
1400 2596 1431 2661 ei
1452 2597 1677 2681 praerogativa
1698 2597 1844 2679 militiae,

174 2719 199 2758 rs
217 2707 251 2766 ut
277 2699 434 2767 beneficio
463 2699 644 2766 allectionis
674 2704 792 2763 utatur.
839 2699 891 2763 his
919 2697 1038 2783 qnippe
1064 2704 1187 2764 tanturn
1210 2698 1320 2764 munia
1341 2699 1481 2765 relaxari
1503 2699 1627 2765 divalia
1649 2705 1769 2765 statuta
1790 2719 1847 2765 vo-
1869 2698 1889 2759 1

218 2804 359 2885 luemnt,
394 2822 476 2887 qnos
505 2802 607 2868 honor
635 2801 809 2867 castrensis
838 2801 1019 2866 inluminat.
1067 2801 1095 2867 si
1125 2801 1223 2885 igitur
1252 2807 1284 2867 et
1312 2801 1373 2867 hoo
1402 2801 1529 2885 insigne
1555 2801 1727 2885 detuleris,
1760 2801 1846 2886 quod

221 2926 419 2972 annonarum
443 2912 475 2971 et
496 2905 697 2972 evectionum
720 2905 862 2970 cumulet
883 2903 1031 2985 adiectio,
1058 2923 1158 2989 prono
1180 2923 1277 2970 cursu
1298 2904 1333 2969 in
1354 2906 1539 2971 consulares
1562 2907 1699 2989 legetur.
1745 2925 1846 2988 quare

216 3010 249 3075 in
279 3015 335 3074 tua
364 3029 462 3074 manu
491 3015 541 3075 est
569 3015 602 3075 et
629 3008 719 3073 illius
748 3008 895 3073 meritum
926 3014 959 3073 et
986 3027 1094 3073 meum
1117 3006 1258 3073 studium
1281 3007 1513 3093 supplementis
1536 3008 1655 3074 talibus
1677 3008 1842 3074 adiuvare.

215 3113 338 3179 interca
367 3112 463 3178 nimis
491 3112 605 3194 miror,
636 3111 723 3196 quod
752 3111 786 3176 in
815 3112 884 3176 viro
910 3110 1037 3176 inlustri
1059 3110 1218 3176 Flaviano
1241 3111 1370 3177 domino
1391 3116 1425 3177 et
1445 3110 1513 3176 filio
1535 3131 1607 3176 meo
1629 3132 1688 3178 nec
1710 3111 1846 3195 gradum
1869 3111 1889 3173 3

172 3232 199 3275 ²⁰
217 3216 345 3283 honoris
375 3236 435 3281 neo
463 3215 515 3281 ius
543 3215 704 3282 amicitiae
733 3214 893 3299 cogitasti.
941 3235 1015 3279 nam
1044 3235 1117 3281 cum
1145 3221 1314 3299 praestans
1343 3214 1516 3280 auctoritas
1545 3221 1601 3280 tua
1623 3214 1740 3280 vinarii
1761 3214 1846 3281 tituli

216 3319 325 3385 debita
357 3317 533 3402 flagitaret,
567 3319 572 3404 1
602 3337 704 3402 usqne
737 3318 780 3383 ad
812 3317 912 3384 officii
944 3318 1076 3383 multam
1110 3317 1341 3401 contemptione
1374 3336 1545 3403 progressa
1578 3324 1637 3384 est.
1685 3318 1845 3403 patienter
1874 3319 1977 3381 VMlt

215 3421 365 3502 admitte,
399 3441 504 3505 neque
532 3421 769 3506 praefecturam
798 3441 903 3504 neque
926 3420 1180 3487 amantissimum
1203 3422 1250 3486 tui
1272 3421 1375 3487 virum
1398 3420 1456 3486 tali
1479 3420 1673 3487 contumelia
1695 3420 1846 3486 debuisse

215 3523 401 3610 perstringi.
448 3544 568 3608 quaeso
598 3524 712 3608 igitur,
746 3531 782 3590 nt
810 3530 933 3590 tantum
964 3524 995 3589 ei
1024 3523 1159 3609 posthac
1188 3522 1315 3589 deferre
1344 3523 1504 3607 digneris,
1538 3530 1692 3608 quantum
1716 3524 1773 3589 tibi
1794 3524 1846 3589 in-

217 3627 321 3694 vicem
353 3627 503 3693 convenit
524 3627 681 3693 exhiberi.
728 3647 789 3712 ego
812 3634 898 3693 certe
920 3627 1086 3692 amborum
1108 3645 1226 3712 parens
1249 3625 1329 3691 nihil
1352 3647 1373 3691 a
1394 3633 1426 3693 te
1448 3627 1553 3712 patior
1575 3627 1719 3693 stridoris
1742 3647 1846 3693 emer-

169 3748 198 3791 as
217 3750 306 3815 gere,
333 3730 411 3815 quin
433 3730 529 3797 immo
553 3729 667 3796 officiis
690 3730 852 3814 religiosis
874 3750 1019 3798 crescere
1041 3729 1204 3796 intervos
1227 3749 1342 3796 causas
1364 3729 1466 3795 mutui
1488 3729 1607 3795 amoris
1628 3737 1755 3816 exopto.

717 3988 937 4054 nuxxxvn
958 3988 1179 4073 (Lxxxxu)
1215 4009 1246 4054 a.
1266 3990 1339 4053 eoo.

827 4126 887 4191 nn
913 4125 1229 4192 nouorursuvu.
1643 4090 1646 4095 ’
1865 4130 1974 4192 PVM

302 4300 384 4385 Cepi
418 4321 458 4366 ex
492 4300 607 4366 litteris
640 4300 705 4366 tuis
734 4298 907 4383 gaudium,
943 4304 1113 4384 postquam
1142 4296 1320 4364 familiares
1347 4316 1436 4363 meos
1465 4297 1508 4363 ad
1535 4298 1726 4382 Hispaniam
1756 4319 1843 4363 com-

218 4411 364 4470 meantes
387 4404 515 4470 adiutos
538 4403 707 4488 epistulari
729 4402 1006 4467 commendatione
1029 4401 1177 4468 docuisti.
1216 4421 1316 4484 quare
1338 4408 1503 4486 acceptam
1525 4401 1661 4485 gratiam
1684 4408 1716 4467 et
1738 4410 1844 4468 mente

172 4524 199 4565 ³⁰
218 4508 364 4574 contineo
386 4514 419 4573 et
440 4526 494 4572 ore
517 4512 686 4572 contestor.
733 4503 812 4569 facit
833 4510 941 4569 autem
964 4503 1160 4570 verecundia
1181 4510 1253 4587 tua,
1279 4510 1315 4569 ut
1337 4504 1378 4569 de
1400 4503 1460 4569 hoo
1482 4504 1611 4589 parcius
1632 4506 1756 4587 loquar3
1783 4505 1843 4569 ad-

217 4610 333 4678 lectum
356 4610 442 4676 enirn
464 4631 528 4676 non
549 4609 650 4675 verba
670 4608 849 4674 desideras.

303 4786 334 4835 15
353 4782 424 4839 Cod.
444 4780 553 4837 Theoti.
573 4780 615 4837 VI
633 4782 677 4844 35,
697 4783 721 4835 t.

301 5060 450 5111 leuuVM
505 5096 507 5100 .
552 5059 643 5109 deam
660 5062 718 5121 quis
736 5073 781 5108 uos
805 5060 826 5107 V

303 5146 329 5196 11
353 5162 403 5196 om.
422 5147 470 5194 VM
583 5145 615 5195 11
632 5147 745 5195 fauorem
765 5145 812 5194 Pl
826 5163 861 5196 m.
974 5145 1048 5204 mady
1067 5145 1253 5193 uemlcoortarie
1271 5143 1317 5192 Pl
1332 5160 1378 5207 m.‚
1398 5146 1480 5193 medlo
1498 5146 1576 5194 emico
1593 5146 1698 5194 horteris
1721 5146 1748 5208 V,
1768 5147 1841 5194 auriol

214 5233 320 5282 horteris
340 5232 369 5280 Μ
490 5232 522 5282 14
540 5237 640 5281 nostrae
660 5231 755 5281 le.
882 5231 913 5281 16
931 5245 980 5293 quo
1004 5231 1025 5278 V
1143 5230 1272 5278 detodoris
1294 5230 1322 5291 V,
1342 5230 1416 5278 detur
1436 5230 1463 5278 M
1584 5230 1615 5279 19
1634 5245 1688 5280 meo
1705 5236 1731 5278 et
1748 5231 1800 5280 tillo
1823 5232 1843 5277 V

215 5319 245 5369 11
273 5319 329 5368 lade
353 5335 369 5368 o
387 5333 444 5368 voce
461 5320 585 5380 flagitaret
601 5321 682 5368 motor
698 5322 825 5366 contectae
840 5333 900 5379 pure
916 5320 990 5378 periit
1009 5320 1036 5365 lu
1053 5316 1087 5375 P‚·
1116 5321 1246 5377 supereum
1265 5316 1338 5365 lucr:
1361 5316 1418 5382 prsg
1437 5353 1444 5367 .
1460 5352 1488 5366 ..
1509 5315 1542 5366 11
1561 5330 1619 5378 neq.
1639 5316 1669 5378 pf
1686 5353 1691 5364 .
1709 5353 1715 5364 .
1732 5352 1738 5364 .
1758 5317 1840 5364 ulrum

215 5406 395 5459 talleontume
415 5441 421 5455 .
438 5442 443 5453 .
461 5443 467 5455 .
488 5405 520 5456 13
539 5408 563 5467 gl
582 5419 673 5467 quaeso
690 5406 770 5465 lgltur
787 5409 817 5453 nt
835 5410 878 5452 teu
970 5404 1067 5452 deleme
1085 5404 1196 5464 digneris
1215 5408 1301 5464 quanti
1322 5440 1327 5452 .
1345 5440 1373 5452 ..
1395 5402 1428 5452 14
1446 5404 1565 5452 conuenit
1582 5430 1618 5439 —
1635 5409 1702 5451 certe
1722 5438 1727 5449 .
1744 5439 1750 5451 .
1767 5439 1773 5451 .
1793 5417 1840 5466 pa·

215 5506 273 5541 rous
292 5518 326 5528 —
343 5494 424 5555 patior
441 5493 504 5541 strld
524 5528 530 5540 .
552 5529 558 5541 .
581 5528 587 5540 .
608 5491 640 5540 15
659 5506 717 5552 gere
735 5492 797 5552 quin
815 5517 850 5526 -
867 5491 953 5551 religio
971 5527 977 5539 .
995 5526 1024 5539 ..
1045 5503 1100 5539 cere
1117 5515 1153 5526 —
1169 5490 1248 5538 emorl
1267 5525 1273 5537 .
1290 5525 1319 5539 ..
1339 5495 1397 5552 opto
1535 5488 1566 5538 11
1589 5489 1692 5537 multem
1710 5493 1839 5551 contemp-

216 5574 296 5645 tione]
312 5592 365 5639 φο,
385 5580 465 5628 multe
482 5578 704 5640 condempnatione
727 5575 777 5638 VI',
799 5578 902 5625 multam
920 5577 1125 5639 depredationem
1144 5574 1180 5638 tt,
1200 5576 1431 5625 condemnationem
1451 5576 1529 5624 multe
1548 5575 1599 5636 (ΙΙ)
1716 5573 1749 5623 11
1766 5587 1838 5637 prae·

216 5665 311 5714 tecture
334 5664 355 5711 V
456 5664 490 5713 15
507 5660 642 5731 reltgtosls]
662 5664 724 5726 (Π),
744 5664 872 5724 religionle
897 5662 946 5710 VM

303 5749 335 5800 11
354 5765 403 5800 om.
428 5749 476 5798 VM
625 5748 658 5800 18
676 5752 731 5813 cepi
752 5752 789 5812 (cc
807 5751 834 5797 ia
851 5748 912 5809 ror.)
935 5749 958 5797 P
1094 5746 1237 5815 postquem]
1259 5747 1372 5809 vulti),
1393 5746 1437 5814 pos
1448 5745 1536 5814 ΜΡ
1672 5742 1841 5811 eomlslteeP

217 5834 249 5885 11
267 5836 372 5885 adiutus
389 5836 496 5898 le.,
517 5836 614 5886 adiutor
636 5837 657 5883 V
759 5834 936 5903 comendatifss
954 5837 977 5883 P
1078 5829 1174 5901 mente]
1198 5833 1313 5896 Vrtur),
1332 5835 1404 5895 periit
1422 5833 1489 5882 toP

1576 5931 1632 5986 26*
