4744 6476
907 505 974 560 llll.
995 506 1067 561 PRO
1086 505 1222 561 PATRE.
1818 511 1880 573 333

253 697 354 761 filium
377 697 558 762 sustinere?
594 694 723 779 quando
745 695 787 761 de
808 696 986 762 benefactis
1007 696 1186 781 principum
1217 696 1366 780 dignius,
1400 697 1529 779 quando
1559 704 1640 782 aput
1665 717 1723 763 vos
1751 697 1879 781 iustius,

253 799 381 883 quaudo
398 799 438 864 de
454 806 545 884 patre
564 798 692 879 felicius
709 799 923 864 disseremus?
953 820 1038 865 nova
1053 806 1135 880 sunt,
1163 820 1246 882 quae
1262 799 1477 884 adgredimur,
1505 800 1564 867 sed
1578 802 1883 867 vestrahumanitas

253 910 364 969 auctor
385 909 435 969 est
455 902 610 968 inusitata
632 901 783 967 faciendi.
831 902 943 985 egistis
965 902 1094 968 comitia
1117 922 1181 967 non
1202 903 1355 986 petentis3
1387 904 1587 969 consulatum
1610 904 1707 970 istum
1730 906 1883 971 bonorum

255 1007 394 1072 ambitus
417 1005 615 1090 impetravit:
643 1024 701 1070 vos
723 1005 890 1089 recepistis
913 1005 1078 1071 candidati
1100 1005 1216 1086 officia,
1244 1024 1302 1070 nes
1325 1005 1497 1090 designati.

221 1137 234 1176 5
340 1110 424 1187 Quid
453 1108 539 1192 quod
569 1108 665 1174 etiam
687 1128 831 1173 mearum
853 1109 992 1192 partium
1015 1108 1167 1174 terminos
1190 1109 1370 1194 occupastis
1393 1110 1486 1176 modo
1509 1131 1548 1176 ac
1570 1112 1667 1196 plane
1689 1113 1786 1196 paulo
1809 1119 1884 1178 aute
1908 1118 1927 1178 3

253 1213 368 1278 laudes
391 1212 570 1297 principum
594 1219 680 1278 totus
702 1211 778 1277 ordo
801 1211 999 1278 celebravit?
1043 1212 1101 1278 sed
1123 1212 1230 1277 omnia
1251 1213 1330 1278 mibi
1353 1234 1416 1278 non
1438 1218 1572 1299 potestis
1595 1215 1736 1299 eripere:
1770 1215 1883 1281 eadem

253 1317 430 1401 gratiarum
452 1316 536 1381 actio
560 1316 696 1387 debetur
718 1321 751 1381 et
772 1315 874 1381 vobis.
923 1316 1023 1381 crevit
1041 1315 1046 1401 Ι
1065 1315 1164 1398 igitur
1186 1323 1218 1382 et
1239 1316 1340 1382 bonor
1360 1317 1549 1401 imploratus
1571 1319 1715 1384 amultis
1732 1320 2061 1403 ergastulantur

253 1421 358 1487 solutu
380 1440 438 1505 per
460 1420 585 1485 multos.
633 1418 731 1484 vultis
753 1418 851 1501 scire,
885 1419 940 1502 qui
966 1418 1117 1504 petitores
1148 1439 1205 1505 pro
1231 1440 1303 1485 meo
1325 1428 1460 1505 parente
1482 1421 1630 1488 fueritis?
1666 1423 1778 1489 merito
1809 1442 1886 1488 cou-

252 1524 405 1610 petitores
427 1541 499 1588 esse
521 1521 673 1608 possetis.
720 1521 826 1587 hicine
848 1528 957 1587 noster
978 1529 1028 1587 est
1049 1523 1233 1588 consulatus
1256 1543 1298 1587 au
1321 1523 1451 1590 curiae.l
1484 1544 1579 1606 quem
1602 1544 1661 1590 nos
1683 1525 1822 1592 fatemur
1842 1527 1885 1591 ab

200 1652 233 1697 ro
253 1627 400 1693 omnibus
422 1625 622 1710 praestitum,
648 1644 705 1689 vos
727 1624 848 1710 putatis
870 1624 1018 1690 omnibus
1040 1644 1114 1691 esse
1137 1625 1320 1691 decretum,

337 1730 400 1796 Vbi
426 1736 516 1809 sunt,
549 1728 605 1813 qui
635 1728 717 1794 falso
747 1728 864 1793 animis
893 1728 1093 1811 inbiberunt,
1125 1729 1230 1812 magis
1261 1729 1425 1795 efficacem
1448 1749 1520 1796 esse
1542 1731 1713 1797 audaciam
1736 1731 1886 1798 factionis
1909 1738 1928 1796 4

253 1854 350 1918 quam
383 1834 565 1898 voluntates
598 1833 774 1898 bonorumit
810 1853 925 1917 nempe
956 1832 1041 1916 fugit
1069 1834 1201 1918 repulsa
1230 1832 1379 1899 virtutem
1411 1841 1443 1899 et
1472 1841 1582 1899 ooutm
1611 1835 1751 1902 ambitus
1783 1835 1886 1902 omnis

252 1938 389 2021 ignavus
412 1943 471 2002 est.
519 1936 606 2018 quod
627 1937 760 2002 honeste
784 1936 936 2021 poscitur,
963 1936 1100 2002 feliciter
1121 1936 1322 2021 impetratur.
1363 1936 1423 2002 hoc
1445 1936 1497 2002 ius
1520 1937 1675 2021 patriciae
1698 1938 1787 2022 genti
1803 1946 1885 2004 tem-

252 2062 333 2127 pora
355 2040 578 2106 reddiderunt:
613 2040 787 2123 postussatio
809 2046 918 2106 vestra
945 2039 1103 2105 iudicium
1134 2046 1192 2105 est.
1240 2039 1475 2124 impetrabilius
1505 2048 1619 2107 cuncta
1647 2062 1732 2107 nuuc
1761 2042 1882 2127 petitis,

205 2171 235 2212 rc
254 2165 351 2227 quam
373 2142 548 2227 aliquando
570 2142 723 2208 iussistis.

339 2247 442 2325 Quam
472 2268 544 2312 raro
567 2245 642 2312 buic
664 2246 711 2312 rei
735 2247 900 2331 publicae,
935 2254 1043 2330 patres
1066 2245 1254 2331 conscripti,
1289 2247 1372 2311 tales
1394 2247 1556 2332 principes
1579 2247 1798 2331 contigerunt,
1831 2250 1927 2331 quib

252 2351 338 2417 idem
367 2350 504 2431 vellent,
537 2348 625 2415 idem
652 2357 829 2416 statuerent
858 2349 945 2432 quod
973 2351 1122 2416 senatus!
1170 2368 1263 2415 nemo
1293 2350 1370 2415 olim
1400 2350 1462 2415 sibi
1490 2351 1524 2415 in
1555 2350 1615 2416 iila
1641 2371 1716 2418 arce
1738 2351 1886 2418 fortunae

252 2462 366 2541 potens
388 2453 521 2518 nimium
545 2453 723 2536 videbatur,
749 2453 813 2519 nisi
835 2453 965 2520 diversa
987 2454 1153 2520 sensisset.
1193 2453 1322 2538 quantis
1344 2454 1533 2538 plerumque
1556 2454 1648 2520 offuit
1670 2476 1760 2520 amor
1777 2456 1886 2541 publi·
1973 2448 1976 2451 ⁵

253 2560 327 2624 cusi
365 2577 469 2640 neque
492 2556 576 2622 enim
599 2556 667 2640 pati
689 2563 815 2640 poterat
835 2557 1012 2622 sollicitudo
1036 2556 1162 2637 domini,
1191 2555 1338 2639 cuiquam
1355 2555 1483 2639 deferri,
1509 2557 1595 2639 quod
1616 2557 1687 2641 ipse
1701 2579 1766 2624 non
1781 2580 1886 2626 mere-

203 2686 233 2730 ac
251 2663 356 2726 batur.
402 2659 563 2744 inpatiens
593 2664 643 2723 est
670 2658 797 2725 alienae
827 2659 969 2742 gratim,
1003 2660 1058 2742 qui
1080 2658 1198 2725 diffidit
1220 2678 1309 2733 suae.
1357 2659 1432 2724 hinc
1455 2678 1553 2746 saepe
1575 2661 1757 2726 mortalium
1779 2663 1886 2747 pessi-

254 2784 319 2830 mos
349 2764 391 2829 ad
413 2762 633 2848 amplissimas
655 2768 832 2846 potestates
854 2762 991 2829 fatorum
1014 2764 1150 2850 volaltus
1173 2763 1296 2845 evexit,
1331 2763 1455 2828 scilicet
1476 2762 1537 2829 hoc
1559 2784 1621 2829 uno
1643 2764 1794 2849 placendi
1817 2766 1885 2831 suf·
1899 2784 1972 2825 ambr·
1986 2797 2008 2836 n·
2022 2786 2060 2827 2⁰⁴

253 2867 366 2951 fregio,
394 2867 470 2949 quia
491 2865 639 2932 omnibus
662 2864 890 2950 displicebant.
929 2885 1033 2949 genus
1055 2865 1216 2949 quoddam
1239 2872 1310 2932 erat
1323 2867 1398 2931 novi
1414 2866 1554 2933 ambitus
1569 2889 1633 2933 non
1647 2868 1759 2933 amari.
1801 2869 1884 2935 hanc

252 2972 447 3037 inlecebram
470 2970 653 3055 propositae
676 2969 748 3054 spei
769 2989 874 3035 mores
896 2969 1017 3053 publici
1040 2970 1275 3065 sequebantur3
1306 2970 1353 3035 ita
1375 2969 1559 3053 accidebat,
1594 2971 1742 3055 utboni,
1769 2973 1885 3057 quibus

253 3074 391 3141 adversa
412 3073 520 3139 omnia
542 3079 643 3154 eraut,
669 3079 727 3138 aut
748 3073 1004 3159 opprimerentur
1024 3074 1240 3158 improborum
1263 3073 1392 3140 insidiis
1413 3080 1470 3139 aut
1492 3080 1691 3140 mutarentur
1713 3076 1882 3160 exemplis.

203 3204 234 3246 aa
337 3180 381 3244 At
401 3197 487 3243 nuuc
507 3175 595 3241 idem
617 3176 780 3261 principes
802 3177 902 3242 nostri
925 3177 1009 3259 quod
1032 3197 1181 3261 proceres
1203 3177 1324 3242 volunt,
1371 3197 1471 3242 unum
1493 3196 1608 3262 corpus
1630 3178 1747 3245 estrei
1777 3180 1886 3265 publi·
1908 3185 1928 3246 6

253 3302 310 3347 cae
340 3280 447 3364 adque
475 3279 549 3347 ideo
572 3279 712 3346 maxime
733 3281 839 3364 viget,
873 3281 950 3365 quia
972 3281 1087 3365 eapitis
1113 3281 1245 3346 robusta
1274 3280 1397 3346 sanitas
1425 3280 1643 3347 valetudinem
1674 3283 1884 3348 membrorum

253 3392 371 3451 tuetur.
418 3406 508 3451 amor
529 3392 637 3451 vester
658 3384 885 3470 praerogativa
907 3391 957 3450 est
978 3386 1180 3465 consulatus;
1217 3385 1423 3468 magistratus
1445 3384 1521 3451 boni
1544 3384 1691 3470 capiunt,
1725 3385 1802 3468 quia
1823 3407 1887 3452 nou

253 3488 294 3552 ab
317 3509 380 3552 uno
402 3495 525 3554 tautum
549 3487 608 3554 sed
630 3489 672 3554 ab
695 3488 843 3553 omuibus
866 3488 1040 3572 eliguntur.
1082 3488 1187 3554 sciunt
1209 3488 1293 3554 euim
1317 3494 1467 3573 parentes
1488 3488 1617 3572 generis
1639 3489 1784 3573 humani,
1810 3489 1886 3555 dili-

252 3592 398 3676 gentiora
426 3591 545 3657 iudicia
574 3611 647 3657 esse
674 3591 845 3657 multorum
872 3592 884 3676 ΙΙ
906 3606 937 3655 et
961 3602 997 3655 de
1021 3601 1148 3670 proximo
1171 3602 1273 3657 melius
1290 3602 1413 3670 spectari
1436 3602 1571 3671 cuiusque
1590 3607 1711 3656 mentem
1734 3596 1747 3679 ΙΙ
1774 3599 1807 3659 et
1835 3593 1886 3660 in-

203 3722 234 3762 eo
253 3696 395 3762 fucatum
418 3715 546 3779 semper
567 3712 639 3761 esse
662 3714 798 3760 examen
821 3694 1020 3777 aequalium
1053 3695 1131 3778 quia
1158 3716 1218 3780 par
1247 3695 1404 3778 dignitas,
1438 3695 1501 3761 nisi
1529 3695 1652 3761 meritis
1682 3695 1881 3780 adquiescat,

253 3799 460 3865 aemulationi
482 3797 588 3881 magis
611 3803 791 3883 opportuna
813 3804 862 3863 est
884 3819 980 3882 qnam
1002 3799 1117 3865 favori.
1166 3819 1242 3883 ergo
1264 3799 1297 3864 in
1321 3820 1393 3864 eum
1422 3799 1528 3864 locum
1558 3798 1721 3882 venimus,
1755 3806 1792 3866 ut
1819 3799 1884 3866 iam

254 3904 294 3969 de
316 3909 422 3968 vestro
445 3900 568 3984 studio,
594 3907 704 3985 patres
726 3902 913 3986 conscripti,
940 3902 982 3968 de
1004 3910 1112 3968 vestra
1134 3902 1319 3969 adfectione
1341 3902 1444 3987 possit
1464 3903 1629 3986 intellegi,
1664 3923 1745 3986 quos
1768 3904 1885 3970 dehinc

253 4006 403 4071 consules
425 4024 466 4071 ex
487 4006 549 4070 boc
570 4023 703 4070 numero
726 4004 827 4069 simus
849 4004 1001 4069 babituri.
1049 4005 1194 4088 quisquis
1216 4006 1320 4071 bonus
1343 4012 1403 4091 est,
1428 4005 1494 4070 iam
1516 4005 1705 4088 designatus
1727 4013 1786 4073 est.
1833 4028 1886 4073 re·

253 4108 378 4174 nuntiet
400 4107 514 4174 ceteris
536 4106 670 4189 artibus,
697 4128 780 4190 quae
804 4128 894 4192 spem
917 4109 1106 4193 plerumque
1129 4109 1339 4188 frustrantur3
1363 4108 1368 4195 l
1388 4109 1490 4179 vitane
1512 4109 1650 4193 denique
1672 4111 1788 4176 subeat
1808 4130 1885 4177 con·
1898 4128 1970 4169 ambr·
1985 4141 2007 4180 o·
2021 4129 2060 4171 20³

202 4239 234 4278 aa
254 4213 405 4278 sularem.
452 4210 494 4276 ad
516 4229 621 4277 mores
643 4210 742 4277 rediit
756 4210 865 4291 honor,
893 4231 989 4294 quem
1005 4211 1147 4296 saepius,
1174 4219 1209 4278 ut
1224 4211 1264 4278 de
1279 4212 1401 4278 ambitu
1417 4218 1552 4296 taceam,
1579 4212 1647 4279 fata
1661 4214 1880 4297 praestabant.

339 4316 388 4381 Sit
409 4315 487 4381 mibi
509 4314 578 4394 fas,
611 4321 720 4400 patres
743 4314 932 4399 conscripti,
965 4314 998 4379 iu
1026 4322 1188 4383 certamen
1212 4315 1430 4401 praesentium
1452 4322 1646 4382 vetustatem
1669 4317 1779 4383 citare,
1825 4318 1923 4382 illau

252 4419 353 4485 tribus
383 4424 495 4485 evocet
516 4418 668 4483 libertina
691 4438 730 4483 ac
751 4417 882 4502 plebeia
904 4418 994 4485 faece
1016 4419 1176 4503 pollutas,
1210 4439 1269 4484 nos
1291 4418 1460 4504 patricios;
1495 4417 1649 4484 divisores
1672 4421 1787 4486 classis
1809 4421 1879 4503 illa,

268 4640 666 4647 .-Μ

339 4782 354 4831 2
372 4784 520 4832 disserimus
625 4782 640 4831 4
660 4784 712 4831 Vos
729 4810 764 4818 -
781 4784 907 4844 designati
924 4789 1000 4846 ceput
1016 4787 1145 4846 propriam
1162 4786 1287 4833 conutituit
1305 4786 1331 4832 in
1348 4784 1430 4832 reduc

340 4871 354 4918 5
373 4872 451 4922 etium
572 4871 716 4935 occupastis
850 4871 866 4921 6
885 4867 1011 4937 redomnis
1133 4875 1292 4933 conpotester
1311 4872 1327 4918 2
1345 4888 1392 4933 m.,
1413 4876 1574 4932 aoupotesses
1593 4874 1605 4918 1
1625 4887 1658 4920 m.
1783 4869 1882 4935 cripere

253 4952 613 5023 ligilumtbelurlmploratus
709 4955 822 5006 Bmulto
917 4955 1044 5022 petitolrlu
1141 4958 1354 5019 parsntefueretis
1449 4957 1626 5021 coulpetltores
1722 4954 1883 5024 linostelest

342 5041 369 5090 li
390 5044 455 5094 falso
559 5043 712 5090 iubeberuut
815 5044 929 5091 cfssmoes
1034 5039 1155 5107 aniculam
1265 5042 1296 5092 12
1315 5044 1381 5105 fugit
1485 5039 1681 5109 contusambllus
1787 5042 1881 5093 13110-

253 5126 442 5195 ncltspotclsur
546 5123 777 5195 iuspstrlciaegenll
884 5127 914 5177 ii
934 5127 1025 5180 cunule
1131 5129 1162 5178 15
1180 5129 1293 5182 iussistis

341 5214 372 5264 16
390 5225 447 5267 rara
562 5211 701 5280 requi-pc·
818 5212 1102 5280 contigeruufsquidem
1122 5228 1184 5265 cerr.
1207 5219 1218 5263 1
1238 5231 1272 5265 m.
1397 5214 1428 5264 ll
1447 5219 1562 5262 seuattus
1678 5215 1739 5266 clim
1855 5215 1882 5267 in

255 5300 286 5351 13
304 5301 447 5350 sollicitudo
459 5302 556 5350 domini
567 5297 694 5367 culquam]
707 5315 759 5363 epo,
778 5297 1092 5367 sailicsildosnicuilquam
1181 5299 1237 5364 lpse
1336 5300 1370 5350 20
1382 5302 1515 5363 eupetieus
1527 5313 1590 5348 corr,
1604 5301 1631 5347 ia
1641 5300 1770 5362 inpatieus
1784 5306 1796 5349 1
1810 5317 1845 5352 m.

253 5386 498 5450 elisnaegratiusqul
602 5386 665 5440 binc
769 5388 925 5439 mortalium·
1013 5388 1138 5450 pessimus
1243 5386 1273 5437 21
1295 5386 1404 5440 fulcrum
1509 5385 1542 5435 22
1560 5387 1673 5435 umbitnu
1693 5390 1705 5433 1
1725 5402 1757 5436 m.

339 5473 372 5522 25
390 5471 428 5540 at]
446 5475 477 5522 ad
598 5471 733 5537 principis,
752 5475 795 5523 sed
813 5487 874 5523 corr.
897 5478 909 5522 1
930 5489 963 5524 m.
1082 5475 1191 5536 proceris
1209 5488 1270 5523 eurr.
1292 5477 1450 5536 taprooeres
1471 5477 1536 5521 lm.
1661 5469 1694 5521 26
1713 5472 1881 5522 ualitudinem

254 5560 285 5609 27
305 5566 388 5609 tuetur
407 5564 467 5609 lm.
574 5555 749 5625 magistratus]
766 5574 819 5622 epo,
840 5560 1012 5620 magistratum
1118 5558 1151 5608 29
1169 5559 1325 5610 scribendum
1342 5564 1397 5610 eret
1414 5564 1459 5608 uui
1476 5566 1503 5608 et
1520 5560 1551 5607 de
1569 5560 1683 5622 proximo
1701 5559 1791 5607 melius
1809 5574 1880 5621 spec·

254 5648 301 5695 tari
319 5648 442 5708 cuiusque
461 5651 571 5694 mentem
589 5650 633 5694 eat
652 5651 678 5694 et
694 5648 836 5694 infucatum
854 5659 954 5708 semper
972 5659 1027 5693 esse
1045 5660 1151 5694 examen
1169 5647 1313 5708 aequalium
1434 5645 1467 5695 32
1487 5661 1550 5708 ·p·c·
1668 5643 1700 5693 33
1719 5645 1798 5692 simus
1816 5658 1876 5697 corr.

252 5746 281 5780 ea
299 5732 376 5781 simul
395 5736 407 5779 1
427 5747 461 5781 m.
569 5732 602 5781 31
621 5732 762 5780 frustantur
866 5729 899 5779 35
917 5732 1035 5798 bonorem

338 5816 372 5867 36
390 5806 455 5879 οῇοἰι·
560 5818 591 5866 37
610 5819 819 5886 plebeiamfrecqe
923 5815 1059 5885 diuisores]
1076 5831 1130 5882 epo,
1149 5818 1272 5868 inuiseres
