4736 6478
953 496 1068 552 LIBER
1085 498 1153 553 1111.
1277 506 1281 517 '

896 861 952 926 LV
977 880 1008 924 a.
1028 861 1209 924 398-402.

853 1013 911 1077 AD
933 1011 1254 1078 FLORENTINVM.
1889 1016 2004 1079 PVM

327 1192 450 1252 Dictum
473 1187 551 1252 mihi
574 1208 594 1251 a
616 1194 648 1251 te
671 1187 807 1251 salutem
830 1186 900 1270 pari
922 1185 1040 1250 honore
1070 1206 1242 1269 compenso.
1290 1186 1406 1251 vellem
1438 1187 1565 1269 utrique
1596 1196 1737 1254 nostrum
1767 1208 1865 1273 saepe

237 1290 421 1355 alternandi
451 1290 517 1355 stili
547 1309 624 1354 usus
653 1289 793 1369 veniret,
835 1287 891 1353 sed
920 1288 997 1372 quia
1026 1288 1086 1354 hoc
1113 1289 1289 1373 longinqua
1303 1309 1381 1353 xnon
1415 1289 1523 1355 sinunt
1555 1290 1670 1356 eadere
1703 1312 1761 1377 pro
1794 1299 1866 1358 voto

203 1416 217 1453 s
238 1393 410 1473 communi,
437 1392 644 1477 inpatientiae
660 1392 741 1458 ratio
756 1391 944 1456 satisfaciat.
984 1391 1081 1457 debet
1095 1397 1180 1457 certe
1195 1400 1341 1476 promptu
1355 1412 1428 1459 esse
1443 1393 1598 1459 internos
1613 1414 1721 1460 morae
1736 1402 1866 1462 mutuae

237 1497 345 1563 venia.
387 1518 449 1563 non
471 1496 585 1563 cadem
607 1503 716 1562 tamen
738 1494 893 1561 facilitate
917 1494 1081 1579 purgabis,
1107 1495 1192 1578 quod
1214 1495 1273 1561 filii
1295 1496 1395 1591 nostri
1417 1496 1564 1563 Minervii
1586 1497 1715 1584 nuptias
1729 1498 1864 1564 aliorum

236 1600 345 1684 potius
368 1600 471 1666 relatu
493 1620 588 1684 quam
611 1599 726 1665 litteris
748 1597 812 1664 tuis
834 1597 975 1684 comperi.
1025 1618 1068 1664 an
1090 1599 1211 1665 veritus
1233 1619 1286 1681 es,
1313 1620 1354 1666 ne
1376 1619 1397 1665 a
1419 1606 1451 1666 te
1473 1600 1631 1666 nomisma
1651 1621 1729 1668 auro
1752 1622 1865 1668 cusum

234 1688 478 1769 desiderarem?
520 1703 623 1789 potuit
650 1703 804 1769 iacturam
833 1701 997 1787 sportulae
1026 1708 1133 1768 tacere
1162 1702 1356 1769 verecundia
1389 1722 1479 1784 msa,
1516 1703 1720 1787 negationem
1753 1704 1864 1787 gaudii

233 1826 327 1873 amor
348 1807 452 1874 nescit
473 1812 650 1891 ignoscere.
691 1812 724 1872 et
744 1811 863 1888 umen,
889 1816 923 1870 ct
945 1823 1014 1872 sum
1035 1806 1162 1891 placido
1183 1807 1217 1872 in
1240 1826 1329 1873 moos
1345 1806 1460 1885 animo,
1488 1805 1629 1892 spondeo
1644 1807 1864 1875 remissionom

182 1931 212 1971 ιο
231 1908 292 1975 tibi
315 1909 412 1976 huius
434 1911 631 1992 offensionis,
656 1930 728 1976 cum
751 1908 793 1975 de
808 1915 924 1994 nepote
939 1915 1089 1994 suscepto
1106 1909 1310 1976 anteveneris
1325 1909 1443 1993 scripio
1457 1910 1637 1976 nuntiorum
1652 1911 1862 1978 celeritatem.

388 2274 444 2348 IN
471 2272 653 2350 OOMMV
656 2275 690 2347 N
694 2272 726 2345 Ε
760 2271 1051 2347 FRATRIBVS
1078 2271 1334 2350 MINERVIO
1360 2273 1618 2351 PROTADIO
1644 2274 1713 2348 ET
1886 2284 1989 2346 PVF

876 2407 1219 2485 FLORENTINO.

871 2581 943 2647 mn
963 2581 1068 2664 (nvn)
1095 2602 1127 2646 a.
1146 2584 1232 2644 ioan

320 2756 362 2822 ut
383 2762 491 2822 vestra
513 2753 682 2821 concordia
704 2761 737 2821 et
758 2774 832 2820 mea
853 2774 912 2839 per
933 2754 992 2818 hos
1015 2752 1085 2818 dies
1107 2752 1300 2818 inbecillitas
1324 2752 1419 2837 facit,
1452 2761 1486 2819 ut
1515 2775 1572 2820 vos
1600 2756 1695 2822 unius
1724 2759 1863 2842 paginae

183 2858 429 2925 resalutatione
452 2859 655 2942 coniungam.
703 2857 763 2922 erit
785 2856 845 2921 hoc
866 2863 923 2922 aut
944 2855 1111 2940 probabile
1133 2876 1191 2940 pro
1213 2855 1371 2921 consortio
1394 2856 1491 2922 vestri
1520 2858 1638 2924 amoris
1667 2867 1723 2924 aut
1751 2860 1863 2942 ignos-

229 2962 371 3028 cendum
400 2982 458 3047 pro
487 2968 572 3028 statu
602 2960 666 3026 mei
694 2959 858 3045 temporis.
905 2959 1117 3026 aestimabitis
1143 2965 1252 3026 autem
1282 2958 1395 3025 virium
1425 2966 1604 3027 nostrarum
1627 2962 1857 3045 fatigationem,

227 3088 304 3132 cum
327 3085 386 3131 vos
415 3065 449 3131 in
478 3064 710 3151 subscriptione
739 3063 834 3129 istius
856 3063 1015 3148 epistulae
1037 3062 1186 3147 precaria
1208 3082 1322 3130 manus
1344 3064 1488 3129 moverit.
1537 3063 1579 3131 ad
1601 3065 1662 3130 hoc
1682 3064 1740 3130 iiiii
1763 3067 1863 3132 nostri

227 3168 378 3236 Nemesii
406 3168 462 3255 pia
489 3167 532 3235 ad
562 3169 662 3234 larem
688 3174 878 3252 patremque
907 3166 1089 3252 pmperatio
1116 3166 1222 3252 magis
1252 3166 1516 3235 contestationem
1545 3168 1587 3235 de
1616 3189 1667 3235 me
1696 3170 1863 3235 sollemnis

228 3272 331 3340 officii
354 3293 451 3358 quam
474 3272 729 3339 satisfactionem
752 3270 960 3338 desideravit.
1007 3289 1058 3337 res
1080 3271 1238 3356 postulat,
1264 3277 1300 3337 ut
1322 3271 1426 3338 salute
1448 3271 1595 3357 praefata
1616 3271 1862 3339 florentissimae
1884 3279 1904 3339 2

178 3396 207 3438 ro
226 3376 334 3442 indoli
357 3375 427 3441 eius
449 3374 664 3443 testimonium
688 3376 807 3455 feram,
839 3374 898 3442 sed
919 3378 1051 3458 vereor,
1075 3394 1118 3440 ne
1139 3380 1300 3441 ostentare
1330 3395 1460 3461 oporam
1483 3396 1587 3441 meam
1611 3375 1733 3442 videar.
1779 3397 1863 3461 quae

227 3480 306 3564 plus
328 3479 437 3544 iuveni
461 3480 614 3544 bonarum
637 3479 754 3545 artium
777 3478 980 3561 contulisset,
1006 3478 1069 3544 nisi
1092 3477 1251 3544 staremus
1274 3497 1368 3544 casus
1391 3478 1543 3563 fregisset
1564 3498 1691 3545 cursum
1714 3479 1859 3545 duorum.

228 3584 290 3649 hoc
315 3589 423 3648 tamen
446 3582 663 3647 sincerissima
684 3581 748 3648 fide
770 3581 916 3661 dixerim,
948 3582 1103 3647 minutam
1125 3581 1254 3665 quidem
1279 3581 1320 3647 de
1343 3583 1444 3648 altero
1467 3583 1610 3667 parentis
1632 3582 1703 3649 eius
1725 3582 1863 3649 felicita-

227 3694 309 3769 tem,
336 3685 396 3750 sed
417 3704 514 3770 posse
535 3685 632 3751 istum
655 3705 783 3751 suorum
806 3685 925 3769 gaudio
948 3706 1006 3770 pro
1030 3691 1163 3767 utroque
1186 3684 1345 3751 sufficere.

574 4124 578 4129 ὁ
917 4011 1005 4093 nin
1031 4028 1171 4113 (curu).

486 4183 747 4249 srmnlcnvs
770 4182 979 4248 nmsuvm
1001 4182 1220 4248 ruounum
1243 4183 1299 4248 nn
1321 4184 1608 4249 snoununmo.

318 4356 466 4439 Belegite
489 4356 575 4421 viam
598 4355 792 4422 dissimulati
814 4355 969 4421 hactenus
992 4354 1089 4420 moris
1110 4375 1162 4421 me
1184 4355 1361 4422 officiorum
1384 4356 1591 4423 familiarium
1613 4359 1779 4442 praesule,
1807 4360 1863 4441 qui

228 4463 318 4546 prior
347 4460 418 4545 rupi
446 4480 612 4526 commune
641 4458 805 4526 delictum.
853 4479 913 4525 neo
939 4479 997 4544 pro
1019 4478 1150 4524 numero
1172 4466 1278 4526 vestro
1306 4460 1463 4546 epistulas
1485 4467 1576 4545 peto,
1610 4461 1757 4545 quamvis
1780 4461 1863 4526 hanc

228 4563 486 4631 vicissitudinem
509 4562 589 4627 mihi
617 4562 816 4645 singulorum
838 4581 928 4627 amor
949 4560 1077 4629 debeat.
1124 4582 1263 4646 maguae
1285 4563 1507 4647 indulgentiae
1529 4582 1581 4630 res
1603 4570 1669 4645 est,
1697 4562 1857 4646 nisenus,

228 4667 317 4752 qu'od
339 4666 432 4732 vobis
455 4666 544 4732 solus
566 4665 713 4745 exhibeo,
739 4665 867 4732 alterna
888 4664 1142 4732 remuneratione
1165 4665 1309 4732 solvatis.

317 4944 398 4994 iona
424 4943 472 4992 Vir
581 4940 720 5011 coicum]
738 4943 847 5003 moos,
867 4950 946 4992 actum
967 4942 996 5004 P,
1017 4946 1120 4992 nocitum
1144 4945 1172 5005 V,
1191 4944 1300 4993 adcitum
1320 4942 1354 5004 Φ,
1373 4944 1475 4992 misaam
1494 4943 1522 4990 ia
1632 4945 1726 5006 iqui·
1743 4942 1800 5013 hoo]
1817 4949 1862 5008 qni

228 5034 300 5082 anim
323 5031 351 5093 V,
371 5031 437 5093 quod
456 5031 549 5079 humus
567 5029 596 5078 li
729 5027 1033 5098 amplissimimis,
1053 5031 1190 5093 patientiae
1210 5029 1284 5079 Pru
1415 5029 1430 5077 'i
1450 5030 1584 5093 nomispmn
1603 5030 1632 5091 P,
1653 5033 1805 5081 nummisma
1823 5033 1858 5095 M,

229 5132 317 5168 norma
330 5115 378 5166 ΙΨ
481 5116 634 5179 8potultP
736 5117 957 5167 snusmoundiaP
1058 5116 1175 5166 bamors
1189 5117 1282 5167 Pam.
1384 5119 1466 5167 noscit
1484 5119 1504 5165 V
1605 5115 1742 5185 lguocosre]
1758 5118 1858 5181 Macer,

227 5217 363 5267 ignom
377 5205 472 5253 ΡΜ.
491 5202 548 5264 vii,
567 5200 693 5265 rgiiroore
705 5203 750 5252 Pi
764 5220 798 5254 m.
905 5200 942 5269 et]
956 5202 1008 5266 ΡΓ,
1028 5218 1076 5253 om.
1097 5202 1145 5251 Vll
1246 5209 1276 5252 ut
1292 5219 1348 5253 sum
1366 5204 1464 5264 placido
1481 5205 1507 5253 iu
1527 5218 1595 5254 meos
1613 5201 1708 5271 animo]
1720 5204 1859 5267 suppra,

228 5297 259 5339 ut
276 5291 327 5340 sub
344 5290 437 5352 placito
454 5290 482 5338 iu
500 5303 568 5339 mcor
586 5292 669 5338 animo
687 5288 719 5351 Γ,
739 5296 794 5339 tum
815 5291 885 5351 (tune
904 5288 945 5351 u)
966 5291 1013 5339 sub
1030 5290 1123 5353 placito
1140 5291 1168 5338 ln
1186 5303 1254 5339 meos
1272 5292 1368 5339 animos
1387 5289 1462 5338 Pisi
1565 5289 1596 5339 10
1614 5292 1741 5340 eeleritate
1765 5291 1786 5338 V

319 5374 359 5424 11,
383 5374 414 5424 12
437 5374 524 5437 euplii
540 5375 571 5423 ad
589 5377 761 5426 florentinum.
781 5388 819 5426 vr.
839 5373 881 5424 lui
897 5376 925 5423 lu
943 5388 1074 5425 commuue
1091 5376 1190 5439 frutrib;
1213 5377 1339 5425 minemio
1356 5375 1469 5437 protadio
1485 5381 1512 5425 et
1529 5360 1622 5424 toroni
1637 5375 1673 5436 P,
1703 5376 1808 5438 explicit
1830 5378 1860 5426 rui

229 5462 407 5511 florentinum:
429 5462 523 5523 incipit
539 5462 566 5509 iu
584 5475 715 5512 commune
734 5462 852 5511 struibus
871 5462 995 5510 mineruio
1012 5462 1125 5525 protadio
1143 5468 1169 5512 et
1185 5464 1320 5512 florentino
1341 5461 1397 5526 (Γ),
1417 5477 1466 5511 om.
1487 5462 1529 5510 ΥΡ
1638 5461 1670 5511 ii
1687 5467 1714 5511 et
1731 5467 1816 5511 nestra
1833 5465 1861 5512 io

228 5564 279 5599 ras.
302 5547 326 5595 P
457 5548 487 5597 15
506 5543 564 5614 boe]
580 5550 649 5597 enim
672 5549 692 5595 V
822 5548 854 5599 16
872 5550 920 5597 mei
938 5563 986 5598 om.
1007 5549 1049 5596 Vr*
1172 5551 1291 5613 temporis
1311 5551 1352 5613 (po
1370 5551 1397 5597 io
1413 5548 1475 5610 ruo.)
1497 5547 1521 5594 P
1645 5552 1786 5598 uersurum
1806 5548 1828 5595 F

230 5634 379 5696 firmatione
402 5634 424 5681 V
544 5633 575 5684 18
594 5636 690 5684 nemesi
708 5637 765 5698 ipsu
782 5636 814 5686 ad
832 5636 862 5699 P,
882 5636 999 5685 themesil
1017 5638 1061 5698 pls
1077 5636 1109 5685 ad
1128 5638 1151 5685 F
1260 5632 1416 5702 patremque]
1435 5635 1542 5693 mom,
1564 5636 1714 5697 niuemque
1735 5634 1787 5697 ΡΥ,
1809 5637 1859 5684 iru-

229 5725 346 5782 iramque
367 5719 390 5766 F
491 5719 521 5769 21
543 5717 662 5788 duorum]
681 5719 757 5784 PH',
777 5729 877 5772 tuorum
900 5719 945 5768 vo

316 5802 349 5853 25
368 5819 418 5853 cor.
443 5805 486 5854 VF
588 5804 622 5856 29
640 5808 709 5856 solus
727 5808 816 5858 om.F
