4686 6472
846 469 898 525 DE
916 468 1113 527 simmachi
1131 470 1235 529 VITA.
1736 474 1856 541 LXVI]

228 713 300 758 uam
322 697 391 758 tum
413 697 615 777 quaestorem
639 700 671 759 et
693 693 825 763 tratrem
848 692 919 761 eius
934 693 1120 762 Protadium
1143 694 1272 780 scripsit
1280 697 1346 780 ²⁸⁷),
1373 694 1431 761 sed
1455 715 1557 781 usque
1579 697 1623 764 ad
1638 696 1765 767 initiam
1779 697 1857 767 anui

229 816 287 878 396
315 833 381 879 non
408 813 668 899 impetravitiiii.
718 814 817 900 panio
848 821 956 881 tamen
989 821 1062 900 post
1089 816 1208 900 Felici,
1245 816 1301 901 qui
1329 817 1514 884 Florentino
1548 825 1764 903 sucoesserat,
1800 839 1857 904 pro

227 933 379 1000 beneficio
401 934 513 1018 aliquo
535 955 573 1001 eo
595 934 813 1002 intercedente
833 934 867 1001 iu
889 935 1053 1020 proximos
1074 954 1150 1004 snos
1173 938 1289 1004 collato
1311 938 1433 1021 gratias
1455 938 1542 1023 agit,
1574 937 1609 1003 id
1631 938 1717 1023 quad
1738 939 1782 1006 ad
1803 961 1857 1007 re-

226 1053 409 1121 missionem
443 1054 545 1122 debiti
577 1041 780 1123 referendum
814 1074 886 1122 esse
918 1055 1121 1143 videtum).
1169 1064 1339 1143 praeterea
1367 1064 1495 1144 tempus
1522 1058 1620 1141 illud,
1657 1079 1721 1143 quo
1750 1061 1857 1145 gratia

226 1175 493 1243 Nicomachorum
521 1176 608 1261 apud
636 1196 780 1243 summos
808 1175 933 1243 iudices
962 1177 1127 1243 minimum
1156 1178 1296 1245 valitura
1324 1197 1398 1245 esse
1427 1178 1613 1260 videbatur,
1644 1180 1857 1247 aesomnibus

227 1297 429 1362 observatum
451 1302 510 1377 cst,
536 1296 592 1380 qui
614 1296 719 1363 litium
741 1297 939 1383 privatamm
961 1317 1059 1364 ansas
1081 1298 1115 1364 in
1137 1318 1194 1365 eos
1216 1298 1337 1365 hahere
1360 1318 1397 1366 se
1419 1299 1596 1382 crederent,
1622 1299 1669 1366 ita
1690 1306 1726 1367 ut
1747 1320 1857 1368 socero

227 1417 459 1483 interveniendi
482 1417 667 1485 occasiones
690 1439 754 1484 uou
776 1417 1000 1503 deessent²⁰⁰t
1047 1419 1165 1501 quibus
1187 1419 1271 1485 curis
1293 1420 1428 1505 privatis
1449 1419 1600 1505 publicae
1622 1428 1839 1488 accesserunt.

310 1538 409 1604 Gildo
438 1558 546 1605 comes
576 1546 608 1606 et
636 1539 791 1623 magister
818 1539 984 1622 utriusque
1012 1539 1147 1606 militiae
1176 1561 1234 1625 per
1259 1540 1418 1623 Africam,
1453 1560 1648 1625 quamquam
1677 1542 1710 1607 in
1738 1560 1857 1627 magno

226 1659 307 1724 inter
328 1660 536 1726 Occidentem
567 1666 601 1726 et
623 1659 786 1726 Orientem
815 1658 900 1725 bello
929 1660 1033 1727 uentri
1063 1660 1149 1746 parti
1178 1665 1280 1727 totum
1302 1681 1338 1728 se
1360 1661 1545 1743 addixerat,
1579 1662 1726 1745 Eugeuio
1747 1669 1856 1729 44444444

226 1779 298 1865 plus
322 1779 405 1846 tavit
426 1780 600 1863 largasque
622 1780 731 1866 copias
746 1781 879 1846 Romam
902 1779 998 1864 misit,
1025 1780 1071 1846 iia
1093 1786 1129 1845 ut
1151 1782 1210 1846 sub
1227 1781 1376 1847 Flaviani
1399 1782 1532 1848 minoris
1551 1781 1752 1866 praefectura
1766 1782 1857 1849 nulla

224 1899 258 1964 in
285 1900 364 1966 urbe
393 1899 505 1985 inopia
535 1900 718 1966 sentiretur.
766 1898 825 1966 sed
854 1905 927 1984 post
947 1899 1120 1967 Theodosii
1149 1901 1316 1968 4444441444
1346 1903 1470 1971 classes
1499 1901 1694 1969 annonarias
1719 1902 1857 1972 retinere

227 2020 340 2106 coepit,
365 2021 402 2087 id
423 2020 509 2105 qnod
532 2022 609 2087 nrhs
629 2020 695 2086 iam
718 2020 828 2101 sensit,
856 2040 927 2086 cum
951 2020 1165 2105 Symmachus
1187 2021 1294 2088 hieme
1316 2043 1348 2088 a.
1367 2025 1465 2108 39445
1487 2022 1522 2089 in
1544 2043 1584 2089 ea
1606 2024 1737 2107 agebat.
1776 2045 1857 2109 qua-

224 2162 292 2207 rum
322 2140 550 2207 difficultatum
581 2142 709 2226 culpam
738 2146 771 2207 ct
798 2141 833 2207 in
864 2141 941 2208 urbe
972 2148 1005 2208 et
1034 2142 1067 2207 iu
1095 2143 1171 2210 aula
1192 2143 1226 2208 in
1248 2142 1430 2229 praefectos
1452 2143 1604 2211 collatam
1627 2164 1700 2211 esse
1722 2164 1794 2211 cum
1815 2167 1858 2217 ex

225 2262 360 2328 oratoris
388 2262 558 2346 vorbis²⁹¹i
593 2267 659 2327 tum
689 2282 730 2328 ex
752 2262 872 2328 crebris
895 2282 1005 2329 eornm
1027 2263 1257 2331 mutationibus
1279 2263 1483 2350 perspicitur.
1529 2285 1605 2330 nam
1627 2263 1767 2349 Basilio,
1801 2267 1857 2350 qni

224 2382 372 2467 llugeaio
401 2399 513 2448 meuse
543 2382 725 2467 Septembri
752 2404 783 2449 a.
810 2385 872 2447 394
903 2381 1067 2450 debellato
1098 2384 1321 2468 magistratum
1350 2389 1427 2451 ante
1453 2382 1622 2451 Octobrem
1652 2383 1766 2452 iniisse
1793 2407 1857 2454 nou

223 2509 339 2590 potest,
363 2502 447 2569 inter
469 2503 503 2568 d.
522 2503 650 2568 5111444.
669 2510 703 2569 44
717 2505 756 2566 21
774 2503 852 2588 Apr.
870 2524 901 2569 a.
921 2506 983 2568 395
1007 2504 1163 2571 successit
1183 2504 1504 2590 Andromachns²⁹²i,
1529 2503 1753 2573 Andromacho
1773 2507 1859 2574 inter

224 2625 255 2691 41.
282 2625 389 2692 6141.
415 2630 448 2690 44
472 2628 511 2688 14
535 2625 625 2711 Sept.
650 2624 938 2708 4144446444444),
972 2624 1026 2710 qni
1056 2624 1206 2691 honorem
1237 2625 1367 2709 quidem
1391 2645 1517 2692 summa
1539 2646 1612 2692 cum
1633 2628 1732 2694 laude
1754 2629 1858 2712 gessit

224 2755 254 2813 ct
276 2746 353 2832 plus
375 2765 472 2828 qnam
496 2745 577 2811 dnos
599 2764 700 2811 annos
723 2745 864 2828 retinnit,
893 2745 952 2812 scd
974 2744 1052 2811 lami
1075 2746 1206 2812 obviare
1222 2766 1284 2811 non
1299 2747 1413 2832 potuit.
1455 2768 1556 2831 quare
1571 2754 1725 2814 autumno
1740 2770 1772 2815 a.
1792 2752 1854 2815 395

223 2866 418 2952 Symmacho
440 2866 507 2931 ruri
528 2872 672 2932 morante
695 2872 826 2932 senatus
849 2866 985 2950 legatos,
1011 2866 1066 2950 qui
1087 2866 1129 2932 ab
1152 2866 1292 2933 Honorio
1315 2866 1474 2933 auxilium
1497 2874 1655 2952 peterent,
1681 2869 1855 2936 mittendos

222 2988 365 3072 censuit,
399 2994 432 3053 et
460 2993 628 3072 postquam
659 2986 700 3052 de
730 2985 887 3052 electione
916 3007 1025 3052 eornm
1054 3007 1208 3071 magnum
1229 2987 1264 3052 in
1287 2987 1376 3053 curia
1398 2995 1560 3054 conamen
1583 2989 1718 3071 exarsit,
1753 2996 1859 3055 orator

223 3115 344 3191 noster,
370 3107 461 3175 cuins
484 3106 616 3173 arbitrio
639 3114 775 3190 utraque
798 3125 874 3192 pars
897 3126 1028 3173 cansam
1051 3126 1142 3174 snam
1166 3107 1379 3190 commiserat,
1406 3129 1428 3174 a
1441 3109 1603 3194 praefecto
1618 3109 1707 3176 urbis
1722 3111 1856 3175 Romam

224 3235 393 3296 revocatus
415 3236 476 3297 est.
523 3228 578 3312 qui
601 3247 673 3293 cum
695 3227 804 3294 idibus
825 3228 1063 3295 Novembribus
1085 3251 1117 3295 a.
1137 3232 1198 3294 395
1221 3235 1435 3296 reverteretur
1443 3232 1509 3313 ²⁰⁴),
1535 3250 1608 3296 eam
1630 3229 1664 3296 in
1687 3231 1767 3297 urbe
1789 3230 1857 3297 irn-

310 3544 371 3607 264]
394 3542 453 3606 104,
475 3542 506 3593 16
531 3545 673 3593 Flauianus
695 3543 734 3589 444
758 3544 868 3589 inlustris
885 3567 921 3577 -
938 3543 1029 3591 4444444
1047 3545 1168 3592 4444444444
1184 3547 1264 3605 patris
1282 3548 1361 3593 44444444
1380 3550 1429 3605 444,
1457 3548 1583 3594 taxatione
1599 3547 1736 3607 pretiorum
1752 3550 1859 3608 praeder

224 3636 359 3694 44444444,
382 3644 459 3693 neque
475 3644 561 3680 44444444
579 3630 650 3679 exilis
668 3633 739 3678 444444
756 3632 824 3678 oneri
841 3632 965 3679 4444444444.
1003 3628 1047 3690 sae
1065 3632 1158 3693 4444444,
1185 3633 1207 3678 44
1225 3630 1284 3693 quid
1302 3633 1329 3679 tn
1346 3636 1369 3680 44
1387 3634 1440 3693 opis
1459 3636 1508 3694 esi,
1534 3635 1563 3679 ut
1581 3631 1697 3694 adflictae
1714 3632 1799 3682 domui
1814 3637 1858 3695 pia

224 3722 360 3780 ternporurm
382 3722 469 3780 parcat
489 3717 647 3775 humanitem
674 3717 787 3779 alioquin
810 3718 934 3776 4444444444
956 3730 1001 3776 per
1024 3716 1202 3778 induiaentiam
1226 3717 1291 3767 bona
1308 3718 1348 3766 444
1366 3719 1481 3768 audisne
1498 3719 1537 3767 444
1554 3722 1675 3779 pravitate
1693 3718 1787 3779 fencris
1804 3720 1857 3768 444-

224 3805 360 3853 44444444444.
399 3805 433 3852 44.
455 3801 512 3865 115,
536 3802 575 3853 16.

310 3889 372 3953 266)
394 3889 451 3951 456,
472 3888 504 3938 21
524 3890 556 3937 sd
573 3889 735 3937 Flavianum:
756 3891 783 3937 in
799 3891 902 3950 44444444
919 3894 1004 3939 autem
1020 3895 1119 3939 44444444
1136 3892 1309 3939 unanimitatis
1326 3896 1428 3952 4444444,
1449 3890 1513 3954 quad
1529 3896 1666 3954 praeceptio
1685 3896 1774 3942 iterata
1790 3909 1858 3943 cam·

223 3981 307 4039 444444,
328 3979 432 4026 consitio
451 3975 585 4026 trahendae
602 3976 732 4024 4414444444
748 3977 870 4025 utendum
888 3982 923 4024 est
941 3981 964 4024 44
980 3991 1049 4038 pars,
1069 3991 1131 4038 puae
1148 3977 1182 4024 ad
1199 3991 1348 4038 peturanum
1360 3983 1433 4028 tuum
1442 3981 1560 4042 pertinet,
1579 3979 1721 4029 subicienda
1734 3984 1852 4042 auctioni,

222 4070 249 4113 ut
266 4063 408 4113 huiumiodi
426 4064 520 4111 44444444
536 4061 634 4122 sactum
652 4064 745 4110 iuvenis
762 4067 889 4123 4444444444
907 4067 952 4112 aut
970 4064 1065 4124 expirat
1082 4064 1242 4112 444444444444.

310 4149 371 4213 289)
393 4149 451 4212 136,
472 4148 505 4198 30
522 4163 581 4197 narn
599 4148 663 4197 444444
681 4152 772 4212 etiam,
798 4149 864 4211 quad
882 4154 905 4197 44
921 4150 1035 4210 praesule
1051 4153 1168 4211 processit
1185 4149 1218 4197 44
1236 4150 1391 4199 commodum
1405 4153 1574 4212 maranorum
1592 4164 1716 4215 meorum,
1744 4154 1856 4214 quamuis

223 4240 331 4286 4444444444
349 4235 437 4284 datum
454 4238 495 4297 444,
515 4234 559 4283 4464
576 4240 661 4284 tamen
677 4235 785 4296 refertur
802 4240 938 4296 acceptum.
985 4280 988 4285 .

309 4322 368 4385 299)
390 4321 428 4370 IV
447 4319 494 4384 71,
514 4321 537 4368 V
556 4320 604 4384 523
624 4321 662 4368 VI
680 4320 706 4370 2.
726 4320 752 4370 6.
773 4319 797 4371 S.
819 4319 861 4371 22.
883 4320 930 4382 51;
951 4321 1000 4369 Vll
1020 4320 1062 4370 64.
1082 4320 1126 4370 65.

310 4406 370 4471 291)
393 4407 451 4470 152,
472 4406 503 4456 21
523 4409 554 4456 44
573 4408 720 4456 Flavianum
739 4408 874 4458 minorem:
899 4410 926 4455 444
944 4409 1014 4457 tenui
1029 4409 1127 4468 patriae
1144 4409 1212 4457 444444
1230 4410 1360 4469 superioris
1377 4407 1546 4470 prauidmtiae
1564 4408 1668 4458 laudern
1685 4408 1792 4468 refotam
1809 4423 1861 4458 non

223 4511 251 4543 ex
270 4511 310 4544 are
327 4495 499 4544 multitudinis
516 4496 558 4544 444
576 4509 604 4543 ec
621 4497 717 4543 ratione
735 4492 837 4543 humani
856 4496 949 4555 inpenr'i
966 4495 1120 4555 eoitipamus.
1158 4508 1255 4543 44444444
1272 4499 1307 4542 444
1324 4498 1390 4543 enim
1408 4508 1472 4542 44444
1489 4497 1655 4544 natinatores
1676 4494 1858 4559 4444444444444444,

223 4598 295 4631 eum
317 4581 500 4631 succedant
524 4584 701 4642 4444444444
725 4583 843 4644 copiis,
870 4580 1052 4629 dissimulatam
1075 4583 1181 4641 44444444
1205 4582 1344 4629 conlatione
1367 4583 1465 4629 sentire.
1503 4587 1526 4629 44
1547 4583 1630 4642 plebes
1654 4582 1752 4644 puidam
1774 4588 1859 4631 4444444

221 4683 358 4731 4444444444
376 4668 464 4716 studiis
483 4668 584 4716 44444444
603 4666 732 4716 inedium
750 4668 814 4715 tanti
831 4669 892 4715 44444
911 4668 976 4730 (4.4.
997 4668 1111 4716 Flaviani
1127 4667 1239 4729 minoris)
1259 4668 1361 4716 subacta
1378 4672 1481 4715 44444444
1496 4670 1626 4729 propalam
1642 4667 1786 4729 paenitendi
1804 4682 1858 4716 444-
1932 4692 1934 4696 ·

225 4758 365 4805 reeticnern.

310 4839 371 4903 292)
392 4839 453 4888 Ood.
474 4839 569 4888 Theoti.
590 4841 639 4889 v11
658 4838 702 4902 24,
722 4838 749 4901 l,
770 4839 821 4886 XV
841 4838 881 4902 14,
902 4839 927 4889 9.

311 4925 371 4989 293)
392 4927 452 4976 Ood.
474 4924 569 4975 214446.
590 4927 616 4974 ΙΙ
637 4924 676 4986 12,
697 4924 713 4974 6
733 4928 765 4986 -i-
784 4925 834 4972 VII
854 4923 896 4987 12,
916 4925 931 4975 3
951 4929 983 4987 -i-
1003 4927 1067 4974 9111
1084 4924 1109 4987 6,
1130 4926 1161 4989 73
1182 4925 1262 4988 412,
1285 4924 1324 4975 41.

311 5012 370 5074 294)
394 5011 452 5075 159,
471 5011 504 5061 29
526 5014 623 5073 patriae
644 5025 701 5061 4444
725 5016 823 5060 44444444
847 5014 910 5059 inter
927 5017 1006 5060 444444
1023 5011 1203 5072 smmentariae
1219 5013 1340 5072 periuriae
1356 5012 1424 5060 maia
1443 5013 1573 5072 brantomis
1590 5011 1699 5060 ambitus
1716 5013 1859 5073 nequiorem

225 5099 306 5160 facem
329 5100 447 5149 addidit.
485 5115 546 5148 nam
566 5101 690 5161 principio
710 5098 899 5146 Postumianum
925 5104 949 5147 44
967 5098 1102 5148 Pictonum
1125 5099 1220 5147 44444444
1238 5099 1311 5147 auiae
1328 5097 1491 5146 summatibus
1510 5100 1590 5146 44444444
1607 5098 1690 5147 elatio
1708 5098 1751 5145 444
1768 5112 1798 5146 ra
1815 5112 1858 5145 44-

225 5191 348 5249 prern'ene
367 5186 463 5249 44444444,
482 5191 510 5234 ut
529 5188 556 5233 in
573 5187 633 5246 ipsis
649 5186 708 5233 sciis
724 5186 799 5247 piena
817 5199 867 5232 esse
884 5186 973 5247 4444444
990 5184 1117 5235 diceretur.
1151 5188 1283 5235 interiectis
1300 5185 1393 5246 diebus,
1413 5199 1471 5234 eum
1488 5185 1608 5234 mandata
1626 5183 1719 5233 ordinis
1736 5188 1858 5233 4444444444

226 5275 383 5338 rependeret,
410 5275 549 5322 Paulinum
571 5273 622 5320 44444
645 5272 729 5321 studia
751 5273 849 5333 privata
874 5276 1014 5321 4444444444.
1053 5272 1110 5321 binc
1126 5277 1182 5320 orta
1199 5274 1299 5320 44444444
1316 5286 1393 5334 usque
1411 5272 1444 5319 44
1461 5271 1574 5332 nefarias
1592 5285 1690 5333 pupnas
1706 5284 1745 5319 me
1761 5269 1858 5318 46444444

226 5362 350 5419 namsia
386 5359 465 5422 pudet
483 5359 569 5420 444444,
591 5373 653 5421 puae
671 5362 699 5407 in
716 5373 740 5406 44
757 5362 885 5421 optimates
902 5363 1003 5409 44444444
1021 5362 1126 5409 erimina
1144 5363 1167 5408 44
1183 5358 1318 5408 maledieta
1332 5360 1487 5420 proiecertnt.
1520 5357 1563 5405 444
1579 5356 1731 5406 dirimendas
1748 5360 1857 5418 4444444444

227 5450 380 5508 4444444444
400 5460 453 5494 mea
476 5445 597 5494 dicuntur
620 5445 733 5495 detulisse
756 5445 856 5494 14444444.
897 5444 954 5507 116,
976 5444 991 5494 3
1014 5446 1045 5494 ad
1063 5445 1237 5494 Florentinum
1255 5444 1411 5508 preelectum
1429 5444 1498 5492 urbi:
1526 5447 1616 5503 444444,
1641 5447 1670 5489 ut
1688 5441 1732 5490 tibi
1748 5442 1857 5491 reditum

227 5547 309 5582 4444444
332 5532 377 5581 rub
403 5531 514 5595 quadam
537 5534 620 5579 euriae
644 5535 790 5580 incitatione
806 5534 916 5593 poscenti
933 5546 1013 5592 pauca
1031 5531 1198 5593 respondeant
1237 5530 1271 5578 44
1289 5530 1344 5578 idus
1362 5528 1522 5590 Nouembres,
1549 5528 1621 5577 mado
1638 5532 1738 5576 44444444
1756 5527 1858 5577 44444444

227 5618 359 5681 4444444444,
378 5632 503 5667 recurrere
521 5621 549 5667 in
566 5623 724 5680 conspertum
740 5624 849 5667 nestrum
864 5633 993 5680 paramus.
1026 5621 1048 5667 si
1063 5620 1179 5679 promissi
1197 5616 1248 5666 dies
1265 5631 1335 5666 serus
1353 5616 1459 5679 uidetur,
1479 5616 1626 5677 4444444444
1642 5618 1743 5663 senaim
1758 5628 1803 5676 per
1819 5629 1858 5663 me

225 5707 281 5754 44444
305 5703 416 5767 differri,
444 5718 506 5766 puae
529 5703 626 5754 dudum
649 5708 708 5754 44444
732 5705 879 5755 inlustribus
903 5706 996 5755 4444444
1019 5711 1042 5754 et
1062 5710 1184 5755 4444444444
1201 5704 1326 5754 mandatis
1344 5717 1421 5768 neque
1437 5717 1599 5764 perronanan
1615 5714 1692 5763 neque
1708 5704 1856 5762 petitionum

223 5793 323 5853 44444444
339 5791 506 5840 444444444444.
544 5790 612 5840 decet
630 5794 706 5852 ipitur
722 5798 787 5839 stare
804 5792 938 5855 dispositis,
957 5807 1002 5842 4444
1022 5793 1064 5854 sas
1081 5798 1116 5840 est
1134 5793 1242 5854 exempla
1261 5794 1389 5852 prasimae
1406 5790 1564 5838 dissensionis
1578 5802 1624 5850 per
1641 5801 1718 5837 nouos
1735 5793 1855 5837 4444444444

1613 5888 1646 5942 μ
