4716 6476
882 510 884 513 ’
921 517 1035 573 LIBER
1053 517 1147 576 VIIII.
1783 523 1845 586 243

221 712 253 773 te
281 707 484 792 impetratum
514 708 604 788 volo,
636 714 671 772 ut
698 706 812 773 litteris
842 715 875 774 et
901 709 1082 794 apparitore
1109 709 1236 777 decreto
1257 710 1368 777 iurare
1391 711 1534 795 digneris
1557 731 1665 777 curam
1688 732 1842 795 meorum,
1868 717 1906 778 Π

223 809 338 892 quibus
367 810 519 875 emendas
545 830 586 876 ex
607 810 766 895 Hispania
788 812 915 877 curules
938 812 1113 896 quadrigas
1136 814 1169 878 in
1191 821 1381 899 apparatum
1404 814 1582 899 praetoriae
1605 815 1777 880 functionis
1799 816 1849 880 in-

222 911 321 977 iunxi.
369 933 423 977 oro
446 919 624 997 practerea,
655 920 690 977 ut
712 934 863 995 equorum
888 916 1055 985 tractoriis,
1082 936 1162 999 quas
1184 917 1233 981 vir
1254 917 1397 982 inlustris
1419 917 1609 983 Theodorus
1629 917 1746 996 emisit,
1773 924 1890 983 con-2

223 1014 432 1080 firmationem
461 1036 520 1100 per
549 1016 720 1100 epistulam
750 1026 914 1101 praestes,
949 1040 990 1083 nc
1018 1027 1139 1084 mumto
1166 1020 1273 1086 iudice
1300 1020 1450 1086 beneficii
1479 1020 1636 1087 lentescat
1663 1022 1847 1087 auotoritas.

195 1118 419 1183 sexambirem
450 1136 547 1203 super
575 1118 626 1184 his
656 1119 754 1185 nimio
784 1129 914 1204 precatu
944 1120 1081 1204 gratiam
1109 1129 1214 1203 tuam,
1246 1122 1306 1188 sed
1328 1122 1415 1208 apud
1437 1123 1636 1189 verecundas
1658 1144 1755 1189 aures
1777 1133 1850 1190 tuas

225 1219 413 1305 simplicitas
436 1220 597 1287 efficacior
619 1230 684 1303 est,
711 1228 744 1287 et
765 1222 918 1288 libentius
941 1223 1043 1309 pudor
1065 1224 1187 1305 adnuit,
1215 1226 1393 1309 quodcum
1416 1226 1534 1292 fiducia
1555 1226 1746 1313 postulatur.
1792 1247 1850 1293 ve-

223 1323 278 1388 lim
300 1330 409 1390 tamm
431 1331 553 1406 teneas,
580 1345 665 1391 nunc
687 1326 817 1408 quidem
839 1326 873 1392 in
896 1327 1035 1412 petendo
1058 1348 1130 1394 csse
1153 1348 1204 1394 me
1225 1350 1370 1415 parcum,
1397 1330 1456 1396 sed
1479 1329 1546 1396 iore
1567 1330 1601 1395 in
1623 1329 1759 1414 agendis
1778 1337 1851 1416 post

222 1426 477 1511 impetrationem
500 1427 613 1511 gratiis
635 1427 809 1514 copiosum.

885 1775 994 1841 xxvi
1018 1776 1182 1861 luxuri).

906 1930 1164 1997 svnnnruuo.
1871 1937 1906 2001 F

312 2102 410 2167 Iuvat
432 2102 572 2167 animum
596 2121 720 2179 mcum,
751 2101 836 2184 qnod
859 2121 956 2187 saepe
979 2102 1057 2166 mihi
1080 2102 1158 2168 vitio
1180 2104 1276 2169 cortis
1299 2103 1460 2169 scribendi
1482 2104 1525 2168 ad
1546 2110 1578 2169 te
1600 2102 1852 2185 neglegentiam.

227 2204 346 2269 amoris
373 2204 458 2269 enim
488 2204 535 2269 tui
566 2204 694 2287 signum
722 2211 773 2270 est
802 2205 943 2270 vicissim
974 2205 1177 2286 desiderare,
1208 2227 1292 2289 quae
1315 2214 1472 2292 praestas.
1518 2213 1680 2272 ettamen
1703 2205 1855 2272 dissimu-

225 2307 313 2372 landi
343 2356 1646 2374 ..............................................
1682 2307 1854 2375 destinatio

223 2417 278 2475 tua
300 2417 441 2477 voverat.
490 2409 689 2477 contristavit
710 2429 761 2475 me
784 2409 887 2477 fateor
909 2431 969 2476 nec
991 2411 1049 2477 tihi
1071 2411 1265 2478 couveniens
1287 2432 1347 2478 nec
1370 2412 1448 2477 mihi
1470 2419 1600 2498 sperata
1621 2411 1752 2477 iactatio
1772 2410 1854 2476 irriti

180 2535 207 2576 ra
224 2512 381 2579 beneficii.
433 2513 579 2598 nequid
607 2513 706 2596 igitur
732 2513 874 2596 ingenua
903 2514 1097 2580 verecundia
1127 2525 1180 2579 tuo
1210 2515 1314 2580 simile
1343 2514 1549 2596 rescriberet,
1582 2514 1682 2580 malui
1710 2534 1854 2598 premere

224 2623 344 2681 mutarn
377 2617 536 2696 dolorem,
573 2637 647 2682 nam
680 2617 762 2682 inter
795 2617 947 2683 absentes
981 2619 1107 2684 alterna
1139 2618 1349 2704 epistularum
1383 2618 1560 2685 decertatio
1590 2620 1779 2703 plerumque
1811 2616 1854 2684 ad

224 2718 297 2783 odia
319 2719 473 2803 procedit.
521 2740 606 2785 nuuc
635 2720 730 2785 redeo
759 2720 792 2784 in
822 2741 915 2785 usum
944 2721 1101 2805 simplicis
1130 2721 1195 2787 stili
1218 2728 1329 2805 gratus
1351 2722 1455 2805 magis
1478 2722 1636 2787 voluntati
1658 2728 1734 2788 tuae
1756 2742 1853 2804 quarn

224 2841 296 2888 reus
318 2821 423 2901 casui;
457 2828 489 2888 te
512 2842 584 2905 oro,
617 2829 653 2888 ut
673 2823 738 2888 iam
762 2823 893 2888 desinas
915 2823 1090 2889 amicitiam
1113 2844 1237 2905 meam,
1273 2844 1356 2908 quae
1378 2824 1458 2890 nihil
1481 2825 1539 2890 tihi
1561 2824 1712 2891 indixerit
1733 2824 1849 2906 oneris,

226 2923 412 2991 damnosam
435 2931 559 3009 putare.

773 3272 900 3337 xxvn
921 3273 1033 3356 (xxv)
1068 3294 1100 3337 a.
1120 3276 1303 3339 aso-ror.

901 3426 1179 3493 unuxsuooo.

319 3598 490 3665 Silentium
513 3598 597 3664 circa
619 3607 651 3664 te
673 3618 779 3665 meum
802 3599 890 3665 nullo
912 3598 982 3664 iure
1004 3599 1161 3684 culpabis,
1189 3600 1328 3666 situum
1351 3601 1486 3683 cogites.
1530 3606 1562 3666 et
1584 3600 1720 3667 fortasse
1741 3600 1857 3667 iustius

231 3701 289 3768 tihi
318 3701 414 3767 huius
443 3703 489 3768 rei
518 3702 689 3769 subeunda
717 3709 767 3767 est
796 3701 1006 3784 verecundia,
1039 3702 1094 3785 qui
1119 3703 1250 3768 obrem
1275 3753 1427 3769 ......
1452 3704 1586 3771 Romam
1609 3722 1709 3787 saepe
1731 3703 1856 3770 litteras

232 3805 363 3871 mittens
385 3805 546 3871 amicitiae
569 3806 653 3871 circa
675 3825 734 3871 nos
756 3804 866 3871 munia
886 3806 1085 3891 praeteristi;
1119 3825 1208 3871 meos
1230 3814 1337 3872 autem
1361 3806 1432 3872 sola
1454 3806 1592 3873 ieramm
1615 3807 1735 3892 emptio
1753 3806 1859 3890 Aqui-

179 3928 208 3970 ss
228 3907 324 3974 leiam
355 3908 498 3994 conpulit
526 3909 711 3994 praeterire.
758 3928 818 3974 nec
846 3914 968 3973 mutum
1000 3908 1215 3974 successionis
1244 3916 1384 3975 meretur
1405 3909 1500 3975 unius
1523 3908 1701 3974 occasionis
1723 3908 1851 3989 oblivio,

225 4018 378 4093 quantum
409 4012 619 4078 laudabibtas
648 4019 704 4078 tua
731 4012 815 4076 inter
843 4010 998 4077 adsiduos
1029 4018 1225 4077 commeatus
1253 4019 1380 4077 tuorum
1411 4033 1451 4077 ex
1481 4018 1664 4096 contemptu
1694 4011 1756 4077 mei
1779 4032 1855 4079 con-

225 4114 322 4179 traxit
342 4113 498 4180 invidiae.
537 4114 596 4180 sed
617 4120 656 4179 sii
678 4114 775 4180 venia
796 4114 922 4197 utrique
944 4122 1099 4193 nostrum,
1126 4134 1319 4196 quamquam
1341 4114 1464 4199 inparis
1486 4115 1723 4198 neglegentiae.
1767 4122 1872 4200 post-¹

226 4217 287 4282 hac
308 4223 341 4282 ct
362 4217 433 4302 ipse
455 4217 608 4283 omissum
631 4238 747 4283 munus
769 4217 915 4282 instaura
937 4224 970 4282 et
991 4217 1084 4282 nobis
1106 4217 1302 4283 rescribendi
1326 4237 1384 4301 per
1405 4217 1535 4282 eosdem
1558 4218 1683 4302 copiam
1704 4224 1850 4302 praesta;

226 4320 369 4386 difficilis
398 4327 448 4386 est
479 4320 562 4386 cuim
590 4320 669 4386 mihi
691 4320 765 4385 hinc
788 4319 991 4405 pergentium
1014 4320 1190 4402 inquisitio.
1238 4320 1342 4385 denuo
1365 4319 1430 4384 stili
1454 4320 1594 4385 cessabit
1615 4320 1765 4401 officinm,
1792 4320 1855 4386 nisi

179 4446 213 4487 ao
226 4422 402 4488 familiares
425 4427 472 4487 tut
492 4430 600 4489 nostra
622 4424 664 4489 ad
686 4431 718 4489 te
742 4422 875 4491 redituri
899 4422 1109 4507 susceperint.
1156 4423 1241 4489 vale.

310 4736 326 4785 2
345 4737 449 4785 mendas
468 4736 501 4785 Π
602 4735 677 4785 3010
695 4741 824 4798 praeterea
841 4761 876 4769 -
893 4736 909 4784 4
928 4733 1075 4802 auctoritas]
1095 4734 1125 4795 Ρ,
1144 4751 1192 4784 om.
1209 4735 1261 4798 (Π)

313 4822 344 4871 10
363 4818 509 4889 Aureliano]
528 4821 594 4885 (Π),
626 4822 790 4880 Symmachus
808 4822 943 4870 Aureliano
962 4821 1082 4884 hypata,
1114 4822 1279 4881 Symmachus
1298 4822 1429 4870 Valeriano
1448 4818 1506 4883 (Γ),
1535 4835 1583 4870 orn.
1605 4823 1628 4869 Ρ
1748 4820 1775 4869 11
1797 4835 1855 4869 uor-

224 4905 272 4976 tis]
291 4910 411 4970 hypatos,
441 4909 503 4957 duxi
527 4908 597 4956 lortts
618 4906 662 4967 Pl,
692 4908 755 4955 duxi
779 4911 852 4957 sortis
872 4907 909 4956 F¹
1049 4908 1081 4958 13
1102 4914 1157 4969 post
1180 4908 1356 4956 dissimulandi
1383 4910 1491 4968 apetiam
1514 4921 1622 4955 oocoom
1643 4910 1720 4956 triam
1741 4921 1856 4956 varmum

225 4998 252 5044 io
271 4993 332 5057 ΓΠ,
350 4995 528 5043 dissimulandi
545 4994 713 5043 destinatione
732 4995 755 5040 Ρ
877 4991 1152 5061 transponerem,
1174 5008 1221 5043 om.
1244 4995 1265 5040 Ρ
1385 5008 1425 5041 me
1445 4989 1536 5060 lateus]
1554 4991 1584 5055 I',
1605 4994 1665 5054 quia
1684 4994 1706 5040 Ρ
1816 4998 1856 5041 est

223 5087 278 5142 post
295 5082 450 5130 conueniens
468 5084 541 5129 mser.
563 5081 586 5127 Ρ
712 5080 842 5141 desperata
861 5079 898 5127 Ρι
1030 5078 1061 5128 15
1080 5075 1136 5146 tua]
1154 5095 1206 5143 epo,
1227 5094 1275 5129 om,
1293 5080 1314 5125 Ρ
1446 5078 1477 5126 16
1495 5075 1608 5145 mutum]
1626 5092 1679 5140 epo,
1700 5084 1817 5127 mutuum
1835 5077 1859 5123 Ρ

228 5167 257 5217 17
276 5167 331 5217 still
348 5168 471 5229 simplicis
490 5164 527 5214 Ρ1
633 5164 663 5215 18
682 5163 817 5233 indixerit]
836 5164 914 5227 HN,
934 5166 1064 5214 induxerit
1082 5167 1105 5213 Ρ
1112 5165 1119 5200 ¹
1227 5163 1258 5213 19
1278 5166 1334 5213 uale
1352 5164 1411 5214 odd.
1427 5165 1450 5211 Ρ
1482 5176 1529 5231 „a

312 5252 342 5303 21
362 5267 410 5301 om,
432 5254 455 5299 Ρ
602 5250 634 5301 23
653 5265 705 5300 rem
724 5266 816 5301 romam
836 5252 893 5314 ΡΠ,
917 5253 1019 5313 supple:
1040 5252 1185 5302 iamillarcm
1204 5253 1242 5300 osi
1260 5252 1340 5300 simile
1358 5229 1423 5313 qs'a'id’
1568 5248 1601 5298 24
1622 5251 1707 5297 munia
1725 5251 1789 5297 circa
1809 5246 1852 5311 Fr,

226 5353 272 5390 nos
289 5339 349 5388 add.
369 5340 392 5387 F
398 5338 406 5374 ¹
420 5342 481 5390 Qm.
605 5337 637 5387 25
656 5335 838 5404 suscensionis]
856 5339 971 5401 hypatos,
992 5339 1158 5388 successionis
1177 5337 1246 5402 (Γ1Ρ
1374 5336 1406 5386 27
1426 5333 1472 5404 stt]
1489 5337 1604 5399 lppsius,
1623 5349 1671 5385 orn.
1687 5332 1710 5381 Ρ
1828 5336 1855 5383 in

226 5432 309 5489 partes
329 5423 364 5474 1³²
502 5425 676 5486 neglegentiae
697 5420 860 5491 posthac]l’,
887 5426 1057 5486 rregligcntlae
1081 5439 1168 5473 sumus
1193 5425 1296 5487 posthac
1318 5422 1364 5483 ΡΙ,
1391 5423 1562 5485 negligentiae
1585 5423 1666 5469 simus
1689 5421 1792 5483 posthac
1817 5417 1856 5467 1⁸²

226 5512 260 5563 29
276 5508 350 5579 hinc]
368 5509 397 5573 Γ,
418 5528 465 5561 om.
481 5513 504 5559 Ρ
624 5507 772 5577 inquisitio]
791 5513 819 5571 F,
840 5512 1020 5574 conquisisse*
1039 5508 1066 5559 Γ
1185 5512 1236 5558 nisi
1254 5510 1292 5557 toi
1310 5509 1446 5577 familiares
1465 5512 1549 5556 nostra
1567 5508 1597 5556 sd
1614 5513 1640 5554 te
1659 5506 1766 5555 redituri
1784 5520 1855 5555 acoe-

226 5600 310 5661 perint
326 5598 466 5661 Scioppius,
486 5598 535 5647 uisi
554 5598 591 5645 rei
609 5597 707 5645 familia
724 5602 808 5646 nostru
826 5597 857 5644 ad
876 5602 901 5645 te
919 5597 1016 5646 reditus
1034 5599 1158 5659 acceperit
1176 5595 1205 5658 Γ,
1226 5597 1275 5644 nisi
1294 5596 1323 5644 ad
1342 5601 1368 5644 te
1386 5596 1493 5643 redituri
1511 5593 1670 5655 susceperint
1688 5592 1711 5638 Ρ
