4722 6470
455 470 594 537 CXVIII
982 471 1247 530 CHRONOLOGIA
1266 471 1554 529 sustulerimus.

457 715 531 762 cum
559 695 593 761 in
621 716 739 761 annum
764 700 826 762 394
856 697 1014 781 1661181),
1050 698 1109 764 sed
1130 697 1313 764 Theodosio
1342 696 1375 761 in
1399 696 1582 763 Occidentis
1610 697 1779 782 imperium
1809 698 1956 765 restituto
1986 700 2094 764 honor

457 822 493 882 ut
522 836 543 881 a
569 822 705 901 tyranno
734 815 830 882 datus
859 817 998 883 abolitus
1024 825 1090 899 est,
1123 837 1222 902 quare
1251 818 1285 884 in
1313 817 1433 884 maiore
1456 817 1605 883 Flaviani
1632 817 1839 904 inscriptione
1867 819 2021 901 omIssas,
2056 819 2093 884 in

459 943 663 1002 monumento
686 942 810 1002 tautum
832 937 916 1004 iuter
937 938 1078 1023 parietes
1102 938 1271 1023 progeneri
1294 939 1398 1023 posito
1420 942 1759 1025 commemoraturus).

544 1057 711 1139 Eugenius
739 1056 811 1142 ipse
840 1057 968 1141 quidem
998 1058 1192 1124 christianus
1222 1065 1306 1140 erat,
1342 1059 1400 1125 sed
1430 1059 1572 1125 consiliis
1594 1059 1800 1144 Arhogastis,
1838 1061 1889 1126 cui
1918 1060 2091 1145 imperium

458 1176 578 1257 debuit,
605 1177 777 1242 obsecutus
799 1177 946 1244 omnibus
968 1178 1137 1261 gentilium
1161 1178 1331 1245 desideriis
1354 1179 1521 1246 satisfecit.
1568 1201 1643 1246 nam
1666 1181 1823 1246 Flaviano
1846 1187 1976 1266 petente
1998 1201 2090 1246 aram

458 1297 617 1363 Victoriae
638 1297 673 1362 in
699 1303 813 1363 senatu
842 1298 930 1363 urbis
953 1299 1072 1363 Rornae
1102 1298 1299 1364 aGratiano
1330 1300 1490 1366 sublatam
1519 1300 1751 1366 restituendam
1780 1300 1904 1366 curavit
1934 1307 1967 1367 et
1996 1319 2092 1366 sacra
2181 1341 2187 1351 ·

458 1417 589 1505 publica
611 1418 792 1503 sumptibus
815 1417 954 1503 publicis
976 1417 1082 1483 denuo
1105 1418 1317 1501 iustruxitissll
1344 1420 1554 1502 omnibusque
1578 1420 1782 1487 sacrificandi
1804 1426 1994 1508 potestatem
2012 1420 2091 1487 iecit

458 1559 562 1622 neque
585 1538 687 1605 ullum
709 1537 908 1604 vaticinandi
929 1557 1033 1621 genus
1054 1538 1291 1624 prohibuitlssil.
1338 1547 1374 1606 nt
1396 1540 1500 1606 omnis
1521 1541 1621 1625 igitur
1642 1541 1811 1625 gentilium
1834 1541 1943 1624 factio,
1968 1540 2016 1606 ita
2038 1542 2090 1606 vel

460 1659 633 1745 praecipue
648 1658 825 1724 Flavianus
848 1664 949 1723 totum
972 1677 1007 1723 se
1029 1658 1176 1744 partibus
1200 1659 1270 1725 eius
1291 1659 1416 1727 addixit
1437 1661 1592 1745 brevique
1614 1661 1672 1727 illo
1694 1660 1857 1745 potentiae
1879 1668 2024 1747 ternpore
2047 1660 2091 1726 ad

461 1779 686 1845 celebrandam
709 1778 974 1862 dilatandamque
996 1778 1185 1862 religionem
1207 1780 1383 1864 antiquam,
1409 1788 1562 1864 quantum
1586 1782 1698 1867 potuit,
1724 1799 1803 1848 usus
1819 1790 1878 1848 est.
1926 1781 2087 1864 aedificia,

460 1921 544 1984 quae
566 1901 756 1985 templorum
779 1899 882 1965 solum
905 1898 939 1963 in
961 1899 1040 1965 urbe
1063 1909 1316 1986 occupaverant,
1351 1900 1509 1967 diruenda
1537 1902 1735 1987 curavit⁵⁸⁶),
1768 1910 1802 1969 et
1830 1922 1901 1968 cum
1931 1921 2090 1968 summum

461 2020 705 2105 magistratuum
728 2018 939 2086 creandorum
955 2019 1119 2085 arbitrium
1135 2039 1236 2106 penes
1251 2042 1324 2088 cunr
1341 2029 1438 2104 esset,
1465 2021 1655 2088 christianos
1670 2043 1734 2087 non
1750 2022 1853 2089 solum
1868 2022 2085 2106 conviviis⁵⁸⁷l

462 2148 495 2208 et
517 2141 702 2207 muneribus
724 2140 784 2207 sed
806 2140 904 2233 etiam
927 2158 986 2224 spe
1008 2139 1163 2205 honorum
1185 2147 1218 2207 et
1239 2140 1550 2208 administrationum
1573 2140 1617 2207 ad
1646 2142 1833 2209 mutandam
1863 2142 1960 2209 fidem
1986 2143 2090 2228 pelle-

462 2262 582 2346 111188).
629 2282 700 2327 cum
723 2261 845 2327 beilum
868 2266 978 2326 uonna
999 2260 1216 2326 Theodosium
1239 2268 1420 2347 pararetur,
1448 2261 1547 2327 variis
1569 2262 1768 2329 vaticinandi
1790 2263 1929 2345 artibus,
1955 2283 2088 2345 quarum

462 2382 598 2449 scientia
619 2402 697 2468 prae
719 2381 835 2448 ceteris
856 2382 1030 2446 instructus
1054 2381 1371 2465 extenuabuntur),
1398 2389 1517 2449 certam
1540 2382 1693 2449 victoriae
1713 2403 1802 2469 spem
1819 2403 1891 2450 sese
1906 2389 2090 2450 assecutum

463 2522 535 2568 esse
558 2503 692 2587 putabat
712 2508 746 2568 et
765 2501 927 2567 interitum
951 2500 1118 2584 religionis
1140 2501 1335 2568 christianae
1357 2503 1568 2588 praevidens,
1594 2523 1689 2586 quem
1712 2524 1840 2570 carmen
1863 2504 1997 2588 aliquod
2018 2523 2093 2589 pro-

463 2621 624 2707 pheticum
647 2623 680 2688 in
703 2623 763 2689 hoc
784 2641 904 2687 aunum
926 2621 1129 2707 praedixisse
1158 2619 1400 2707 ferebantur),
1434 2621 1587 2689 ministris
1610 2623 1680 2689 eius
1703 2624 1933 2710 superbissime
1954 2623 2093 2690 insulta-

549 2935 608 2998 582)
629 2935 671 2999 67,
693 2936 735 2986 15.
755 2934 804 2998 21,
824 2935 855 2983 de
873 2935 955 2997 Rosci,
976 2936 1054 2983 lusor.
1076 2933 1164 2982 chriti.
1185 2934 1240 2984 urb.
1261 2935 1332 2986 Rom.
1353 2933 1481 2984 lis-21.
1504 2934 1579 2985 1145.
1603 2935 1679 2986 1166.
1717 2936 1799 2985 Oarm.
1820 2937 1898 2986 Parte.
1919 2934 1960 2986 26.
1984 2935 2044 2987 112.

549 3021 609 3081 583)
629 3023 667 3071 De
685 3022 768 3084 Bessi,
788 3022 881 3070 Annul.
902 3019 958 3068 detl‘
978 3021 1042 3069 Inst.
1064 3022 1129 3069 rtet
1145 3035 1173 3081 ρ.
1193 3021 1254 3070 300.

550 3107 609 3171 584)
628 3109 728 3158 Paulis.
750 3108 796 3156 vit.
817 3108 902 3156 Amba
924 3105 957 3155 26
980 3106 1023 3154 ubl
1045 3108 1165 3167 imperare
1188 3109 1278 3170 coepti,
1304 3121 1357 3157 ηοη
1379 3109 1458 3156 multo
1478 3113 1533 3169 port
1554 3109 1693 3170 petentibus
1713 3109 1834 3156 Flauiano
1853 3113 1912 3157 tune
1928 3108 2054 3169 praefecto
2071 3114 2094 3158 et

463 3196 598 3256 Arbopuste
620 3197 707 3243 comite
731 3209 802 3243 erum
823 3193 943 3242 Victoriae
966 3197 989 3241 et
1006 3198 1120 3253 sumptus
1137 3195 1361 3256 coadunantem,
1387 3193 1451 3256 quod
1475 3194 1663 3244 Valentinianus
1681 3199 1801 3256 σιιριιιωσ
1818 3198 1949 3243 manniae
1966 3194 2049 3243 adbuc
2067 3199 2094 3245 tn

463 3282 600 3333 turturibus
618 3282 692 3329 annis
709 3283 857 3328 constitutus
872 3280 1010 3340 pruritibus
1028 3277 1201 3339 ἀοηορουσσοι,
1220 3278 1310 3327 obtltur
1328 3279 1386 3342 fidet
1404 3294 1466 3328 suec
1483 3282 1610 3329 concutit.
1648 3283 1679 3331 ct.
1701 3281 1814 3329 Ambros.
1836 3294 1876 3343 cp.
1898 3280 1939 3341 57,
1962 3281 1986 3331 6.

552 3368 612 3429 585)
633 3368 716 3416 Ruiln.
737 3367 797 3416 bist.
819 3366 879 3414 eccl.
900 3364 974 3415 1133
992 3370 1019 3414 ut
1035 3368 1137 3427 peperci,
1159 3368 1201 3427 qut
1219 3380 1310 3414 errores
1328 3380 1385 3415 auos
1402 3369 1473 3415 nouis
1490 3381 1585 3427 ιοιηρση
1601 3368 1724 3416 erroribus
1741 3369 1865 3429 untrnent,
1886 3369 2004 3416 innovare
2021 3372 2096 3418 wert-

462 3458 519 3521 ficta
537 3460 560 3504 et
577 3454 683 3502 Romam
699 3453 806 3514 funestis
823 3454 930 3501 uictimis
947 3456 1084 3513 mentera,
1105 3453 1226 3512 incptcere
1243 3457 1298 3500 cate
1313 3453 1437 3513 pecudium
1455 3457 1479 3500 et
1496 3468 1525 3502 ex
1542 3453 1661 3515 librarum
1676 3455 1841 3513 pruuctenttu
1858 3466 1970 3501 securum
1982 3454 2095 3515 Εηρσηίο

463 3543 592 3589 victorium
608 3541 738 3601 nuntiare,
759 3540 949 3600 mustulentus
967 3538 1023 3587 buce
1040 3541 1127 3598 ugente
1145 3542 1168 3586 et
1184 3552 1242 3586 eum
1259 3541 1329 3587 omni
1346 3540 1499 3586 anbnoeItute
1518 3539 1638 3586 Πουίσησ
1656 3543 1715 3586 ωηο
1731 3537 1867 3600 praesecto,
1886 3540 1958 3587 σιιωσ
1976 3539 2095 3589 adsertio·

464 3628 536 3676 ntbuc
553 3653 588 3662 —
605 3641 698 3688 ηισρησ
715 3628 780 3674 enlm
797 3630 850 3673 erat
868 3626 919 3672 eius
938 3626 965 3672 tn
982 3626 1105 3685 supientia
1121 3626 1298 3685 ρσοσποροίὲοο
1316 3649 1351 3660 -
1368 3624 1509 3684 Eugenium
1526 3627 1640 3673 victorem
1658 3622 1713 3683 fore
1729 3637 1776 3684 pro
1793 3628 1858 3672 certo
1867 3631 2092 3687 praeeumpserunl.

552 3711 610 3775 586)
632 3714 713 3763 Cum.
733 3712 811 3760 Puris.
831 3709 863 3760 38
881 3724 933 3758 non
951 3712 1002 3771 ipse
1019 3713 1069 3772 est,
1095 3712 1190 3758 cultum
1204 3713 1302 3771 petrice
1320 3712 1362 3773 qul
1376 3709 1486 3772 prodidit
1504 3712 1564 3758 otim
1581 3714 1743 3773 unttqrrusque
1760 3709 1862 3773 ἀοηιιιι,
1889 3715 1970 3760 tuma
1987 3726 2016 3760 ue
2033 3716 2095 3760 tecle

462 3804 573 3863 priorum
591 3800 739 3862 ratumena,
758 3799 815 3847 urbi
832 3799 905 3848 uellet
922 3811 978 3846 eum
996 3795 1088 3857 tnserre
1105 3799 1215 3846 ruinam.

552 3886 611 3948 581)
632 3885 712 3936 (larm.
733 3885 810 3933 Paris.
832 3883 873 3933 ti.

553 3971 613 4035 588)
633 3971 714 4021 Germ.
733 3972 813 4019 Paris.
835 3968 867 4019 18
891 3969 1043 4019 christicolas
1067 3970 1158 4017 multus
1175 3971 1253 4019 voluit
1271 3972 1306 4018 sle
1322 3968 1423 4029 perdere
1441 3968 1555 4030 ἀσωσησ,
1582 3972 1624 4031 qut
1641 3970 1733 4017 uellem
1751 3971 1803 4018 sine
1821 3970 1873 4030 tege
1889 3971 1968 4031 mort,
1993 3967 2096 4017 donarer

465 4060 566 4108 bonores
583 4058 716 4119 oblitusque
733 4060 772 4106 sut
789 4061 884 4117 cuperet
902 4069 962 4118 quos
979 4054 1107 4104 daemonis
1124 4060 1188 4114 arte,
1214 4054 1358 4103 mresertlue
1375 4057 1479 4116 cupiens
1497 4054 1654 4116 quorundum
1671 4054 1787 4115 (renum
1803 4060 1896 4103 mentes
1913 4060 1959 4103 eut
1976 4056 2038 4102 oller
2055 4053 2097 4115 sc·

465 4160 517 4194 cere
538 4160 620 4207 parvo
641 4144 749 4194 mercede
768 4143 889 4206 profectos
912 4146 1050 4204 miltercorrc
1071 4143 1175 4203 inferlm
1196 4143 1297 4190 miserus
1321 4141 1365 4190 sub
1393 4141 1498 4189 Tartara
1521 4155 1619 4190 urum:
1644 4142 1736 4189 soluere
1761 4143 1805 4203 qui
1828 4141 1907 4189 coluit
1927 4143 1971 4202 plu
1995 4138 2095 4199 saedere

466 4234 538 4296 leges,
559 4231 712 4279 Leucadium
730 4230 790 4291 tecit
807 4229 902 4290 Γιιηάοι
920 4234 1016 4277 cureret
1035 4229 1168 4291 Afrorum,
1185 4228 1286 4290 perdere
1307 4226 1475 4286 Marcianum,
1495 4227 1540 4275 sibi
1555 4229 1687 4288 ρισοοηω)
1704 4232 1733 4275 ut
1750 4232 1818 4277 esset.

553 4317 612 4379 589)
633 4318 716 4367 Rntln.
737 4317 754 4364 l.
774 4315 792 4366 l.
831 4314 1050 4365 Souom.V1122
1076 4303 1139 4384 ᾤετο
1162 4311 1191 4365 δὲ
1213 4316 1260 4365 τοῦ
1283 4311 1482 4385 ἐπιχειρήματος
1504 4310 1627 4383 ἀσρσλως
1650 4310 1802 4381 κρατήσειν,
1828 4309 1989 4383 ὑπαγόμενος
2012 4308 2096 4381 λόχοις

467 4402 611 4473 ἀνθρώπων
635 4399 728 4453 ellium
744 4399 774 4452 τδ
793 4396 888 4468 μέλλον
906 4396 1117 4472 ὑπισχνουμένων
1137 4397 1252 4471 σφαγίοις
1268 4399 1318 4452 τισὶ
1335 4399 1379 4452 aul
1396 4397 1599 4469 ὴπστσσιιοπίαις
1616 4397 1661 4452 aul
1677 4396 1823 4469 καταλήψει
1841 4396 1970 4467 ἀστέρων·
2002 4394 2097 4450 ἐσπού-

468 4488 544 4550 δαζον
562 4486 591 4540 δὲ
608 4486 666 4557 περὶ
683 4489 762 4538 ταῦτα
779 4484 853 4538 ἄλλοι
870 4502 897 4537 τε
916 4483 1010 4538 πολλοὶ
1026 4492 1077 4537 τῶν
1096 4484 1122 4537 ἐν
1140 4483 1208 4537 πόλει
1222 4479 1363 4554 Ῥωμαίων
1381 4484 1425 4537 uui
1443 4481 1588 4553 Φληβιονδς
1608 4482 1621 4537 ό
1640 4482 1697 4536 τότε
1714 4481 1844 4555 ὕπαρχος,
1872 4481 1937 4554 ἀνὴρ
1961 4480 2098 4554 ἐλλόγιμος

468 4575 512 4629 uui
534 4573 640 4646 περὶτὰ
657 4570 776 4625 πολιτικὰ
794 4569 911 4643 ἐχέφρων
930 4570 995 4623 εἶναι
1013 4570 1109 4635 δοκῶν,
1138 4569 1242 4639 προσέτι
1260 4570 1350 4623 δὲκαὶ
1367 4570 1399 4623 τὰ
1417 4567 1545 4640 μέλλοντα
1563 4568 1683 4639 ἀκριβοῦν
1701 4567 1867 4640 λογιζόμενος
1885 4567 2013 4641 ἐπιστήμῃ
2032 4585 2098 4620 παν-

467 4662 583 4733 τοδαπῆς
606 4657 733 4731 μαντείας.
770 4657 849 4730 ταύτῃ
873 4655 921 4729 reip
945 4656 1055 4727 μάλιστα
1077 4657 1120 4710 τὸν
1145 4654 1264 4729 Εόχόνιον
1289 4655 1372 4709 ἔπεισε
1397 4656 1433 4715 εἰς
1456 4654 1571 4725 πόλεμον
1599 4650 1851 4724 παρασκευάσασθαι,
1883 4652 2007 4723 μοιρίδιον
2033 4652 2098 4705 εἶναι

469 4747 539 4820 αδτῖρ
561 4748 609 4818 τὴν
633 4743 761 4816 βασιλείαν
784 4743 975 4817 ἰσχυριζόμενος
999 4743 1043 4797 uui
1065 4742 1138 4815 νίκην
1162 4742 1203 4795 ἐπὶ
1228 4744 1262 4817 τῇ
1284 4743 1356 4816 μάχῃ
1380 4739 1557 4812 συμβήσεσθαι
1575 4742 1618 4795 uni
1637 4740 1782 4810 μεταβολὴν
1799 4746 1847 4810 τῆς
1863 4747 2014 4812 χριστιανῶν
2033 4737 2098 4809 δρη-

470 4836 565 4895 natiue.
603 4839 629 4884 iu
648 4834 764 4883 Macrobii
788 4834 957 4883 saturnalibus
981 4838 1065 4896 partes
1083 4832 1222 4894 theologiae
1240 4833 1400 4892 Vergilianas
1418 4830 1582 4891 explicandae
1601 4830 1625 4877 ei
1643 4830 1808 4888 incumbunt,
1836 4843 1894 4877 uam
1912 4828 1955 4890 qui
1973 4828 2011 4876 111
2033 4825 2098 4877 1-6

469 4929 574 4989 loquens
597 4922 742 4985 inducitur,
767 4920 853 4969 nullus
877 4921 942 4969 alius
966 4924 1019 4981 est,
1046 4933 1120 4981 quem
1138 4920 1275 4968 blasianus
1297 4922 1389 4967 noster.
1426 4917 1554 4979 praedicat
1571 4916 1639 4964 enirn
1657 4916 1669 4963 1
1688 4913 1735 4979 ut,
1759 4914 1790 4964 l'l
1809 4914 1942 4963 seleutiam
1960 4919 2050 4975 poetae
2067 4913 2098 4962 dc

470 5018 525 5064 lure
543 5010 670 5071 augurali,
691 5008 733 5057 cui
752 5009 790 5056 rel
808 5008 903 5056 amicus
920 5008 976 5056 eius
994 5006 1145 5055 Eustatblus
1166 5009 1207 5066 (ci.
1229 5008 1241 5054 l
1260 5005 1284 5068 6,
1305 5004 1321 5053 t
1339 5005 1479 5052 Flauianus
1496 5008 1518 5050 et
1538 5002 1692 5064 Bustotbtus,
1711 5016 1760 5063 pur
1778 5002 1871 5061 lurtum
1888 4998 2020 5060 umtcittee)
2041 5000 2098 5047 lau-

470 5102 515 5150 des
533 5096 641 5159 Vergilii
658 5094 801 5158 philosophi
820 5095 926 5156 subicit;
957 5092 1132 5141 Praetextatus
1149 5098 1248 5154 autem,
1269 5092 1313 5153 qni
1331 5096 1407 5138 totam
1426 5090 1623 5152 disputationem
1643 5088 1799 5147 moderetur,
1820 5101 1877 5135 eum
1896 5086 2015 5148 loquendi
2032 5085 2099 5133 ordi·

471 5199 531 5235 nem
549 5184 657 5245 inducit,
677 5187 706 5230 ut
724 5180 871 5229 Eustatbiue
889 5181 999 5243 primum
1017 5181 1048 5228 ds
1066 5177 1236 5241 philosophie,
1257 5184 1310 5224 tum
1328 5176 1465 5224 Flauianus
1483 5175 1515 5223 de
1533 5174 1657 5234 theologie
1675 5174 1743 5222 ulcu
1765 5174 1784 5235 (1
1803 5172 1846 5233 21,
1866 5170 1896 5220 21
1912 5177 1938 5219 et
1950 5170 2003 5233 tt).
2041 5186 2098 5220 curn

471 5274 549 5334 igitur
567 5271 637 5319 illins
655 5268 731 5316 oratio
750 5280 839 5327 magna
856 5267 952 5328 lacuna,
974 5280 1039 5328 quae
1058 5268 1132 5313 tinem
1151 5264 1209 5312 libri
1228 5262 1331 5313 secundi
1349 5262 1505 5325 initiumque
1524 5261 1595 5309 tertii
1613 5260 1708 5323 bausit,
1728 5260 1896 5320 concluditur,
1915 5258 1984 5307 huno
2001 5258 2029 5306 in
2047 5264 2096 5306 ter·

471 5360 506 5408 tio
524 5359 586 5406 libro
603 5356 732 5419 disputare
750 5358 827 5417 patet.
865 5354 898 5404 ci.
919 5353 945 5400 Π
964 5351 989 5413 2,
1010 5351 1036 5400 4.

558 5442 618 5503 too)
638 5441 776 5501 Angustia.
797 5439 828 5487 (ie
847 5440 895 5486 clv.
915 5438 957 5486 del
975 5436 1065 5486 XVIII
1078 5436 1110 5485 53
1129 5438 1329 5496 excogitaverunt
1345 5436 1426 5482 nescio
1445 5446 1605 5495 quassares
1626 5432 1732 5480 Graecos
1750 5435 1875 5492 tunquam
1892 5431 2032 5478 consulenti
2048 5431 2102 5478 eut-

472 5533 532 5581 dum
549 5530 632 5577 diuino
651 5528 752 5576 oraculo
770 5525 869 5587 effusa,
889 5524 933 5573 ubt
952 5522 1076 5571 Olrtstum
1094 5522 1191 5585 quidun
1209 5522 1239 5569 ab
1259 5521 1332 5569 batur
1351 5526 1478 5582 ιοοιριιοιη
1495 5519 1618 5579 cauliculi
1636 5519 1738 5565 crimine
1755 5516 1853 5577 faciunt
1871 5518 2032 5575 innocentem,
2053 5514 2101 5563 Pe-

473 5623 538 5666 trum
562 5620 646 5663 autern
667 5613 795 5675 maleficiis
817 5613 914 5659 rescisse
938 5608 1106 5668 subiungant,
1134 5611 1162 5654 ut
1186 5607 1304 5654 coieruur
1324 5605 1412 5654 Cbrtstt
1437 5618 1527 5653 nornen
1546 5618 1591 5664 per
1608 5608 1724 5652 trecentos
1742 5605 1870 5662 sexaginta
1886 5604 1993 5664 quinum
2010 5615 2098 5663 onnes,

473 5703 560 5751 deinde
572 5701 690 5761 completo
703 5702 835 5746 memorato
847 5710 949 5746 ηυηιωο
962 5708 1085 5744 annorum
1097 5696 1149 5742 sine
1161 5707 1230 5741 moro
1242 5698 1346 5742 sumeret
1357 5693 1439 5755 (inem.
1472 5693 1494 5739 si
1513 5706 1527 5738 a
1544 5691 1676 5739 musulatu
1693 5688 1801 5738 duorum
1814 5687 1975 5736 Geminorum
1996 5686 2029 5750 (a.
2044 5685 2097 5749 29),

474 5801 523 5857 quo
536 5787 652 5837 Christus
671 5799 760 5855 passus
778 5790 827 5846 est,
847 5796 925 5832 annos
944 5781 994 5833 365
1013 5782 1236 5841 numeraverimus,
1258 5780 1434 5854 perveniemus
1447 5778 1477 5825 ed
1490 5778 1585 5835 bellum
1597 5777 1666 5825 inter
1678 5776 1824 5835 Eugenium
1836 5781 1863 5823 et
1875 5773 2044 5832 Theodosium
2056 5784 2100 5846 gc·
