4736 6478
480 494 520 553 94
1085 488 1282 545 SYIIIIACHI
1300 484 1511 545 EPISTVLAE

397 679 461 742 PF
478 681 657 746 auxentius
680 700 883 746 accessurum
908 680 969 744 sibi
991 678 1117 761 aliquid
1139 679 1264 762 gratiae
1288 699 1328 744 ex
1351 678 1432 744 meis
1455 677 1571 743 littcrIs
1593 674 1761 740 iudicaret.
1808 692 1903 755 quem
1926 673 1986 739 tibi
2011 692 2111 757 prop-

479 791 569 850 terea
590 783 814 848 commendare
836 803 900 849 non
923 782 1041 862 debeo,
1077 782 1153 866 quia
1174 782 1223 847 illi
1250 781 1350 868 [apud
1371 788 1404 848 te
1427 780 1549 867 potius,
1576 780 1682 862 quam]
1709 776 1797 863 apud
1819 776 1902 842 alios
1924 776 2016 843 testis
2039 794 2113 841 esse

480 888 651 952 consuesti.

1087 1126 1257 1192 LXXVIII
1289 1132 1364 1192 ante
1380 1148 1411 1192 a.
1432 1128 1506 1191 386.

1049 1263 1310 1331 SYMMAuflvs
1332 1256 1560 1330 Puououos
2137 1278 2150 1315 ὁ

570 1438 764 1502 Haerentem
787 1458 838 1502 mo
861 1436 976 1502 litteris
1000 1435 1156 1520 inpulisti,
1185 1441 1219 1501 ut
1241 1434 1428 1515 amicitiam,
1454 1433 1692 1517 quamdudum
1708 1432 1826 1498 tacitus
1841 1432 2002 1517 optabam,
2031 1452 2116 1497 nuno

483 1547 672 1626 provocatus
695 1541 885 1606 excolerem.
926 1540 1103 1624 amplector
1126 1539 1252 1604 futurae
1275 1538 1440 1603 internos
1463 1535 1693 1602 familiaritatis
1716 1535 1880 1619 auspicem
1903 1535 2122 1627 voluntatem,

485 1651 517 1710 ct
539 1643 685 1728 quamvis
707 1650 901 1726 praeventus
924 1650 997 1708 voto
1019 1649 1073 1708 tuo
1096 1642 1215 1723 enitar,
1249 1648 1284 1707 ut
1315 1647 1441 1726 potero,
1475 1661 1515 1707 ne
1538 1641 1649 1706 vincar
1670 1639 1795 1704 officiis.
1843 1638 1904 1704 has
1927 1638 2013 1703 enim
2036 1637 2115 1701 milri

486 1755 595 1832 partes
618 1746 713 1812 video
735 1753 934 1826 reservatae,
961 1754 996 1811 ut
1018 1745 1151 1828 religio,
1177 1766 1261 1829 quae
1283 1752 1316 1810 te
1339 1744 1484 1810 hortante
1508 1743 1646 1829 sumpsit
1668 1742 1851 1826 exordium,
1877 1763 1928 1807 me
1951 1740 2117 1807 adnitente
2360 1738 2361 1829 l

488 1858 594 1917 sumat
617 1858 836 1934 augmentum.
2137 1861 2166 1901 ro

1085 2088 1270 2153 LXXVIIII
1300 2094 1374 2154 ante
1390 2108 1422 2153 a.
1441 2090 1515 2152 386.

1135 2227 1195 2291 AD
1217 2225 1465 2291 PROMO'PVM.

575 2401 688 2465 Primis
710 2399 838 2483 quidem
863 2398 978 2464 litteris
999 2398 1063 2464 tuis
1085 2397 1339 2463 vicissitudinem
1364 2418 1437 2463 mox
1459 2398 1603 2482 rependi.
1644 2397 1703 2463 sed
1725 2397 1802 2481 quia
1824 2415 1927 2461 novae
1946 2394 2119 2459 familiari-

488 2505 564 2570 tatis
593 2504 777 2588 auspicibus
807 2503 882 2587 plus
911 2501 1046 2567 debetur
1074 2500 1190 2581 officii,
1223 2501 1370 2566 excolere
1400 2499 1575 2566 amicitiam
1602 2500 1755 2567 litterario
1777 2518 1910 2565 munere
1932 2516 2113 2582 persevero,

490 2615 524 2674 ut
545 2606 723 2692 perspicias
745 2607 828 2672 bene
851 2627 923 2671 cum
947 2605 987 2670 iis
1008 2603 1135 2670 misceri
1157 2603 1272 2670 ioedus
1294 2603 1488 2684 animorum,
1523 2603 1577 2688 qui
1607 2604 1848 2669 cumulatIorem
1874 2600 2012 2685 gratiam
2040 2600 2119 2665 reli·
2141 2620 2169 2659 ro

489 2711 594 2795 giouis
617 2709 738 2777 referre
760 2715 926 2775 ueremni.

1116 2946 1242 3012 LXXX
1271 2954 1345 3012 ante
1360 2968 1391 3013 a.
1410 2951 1486 3012 392.

1135 3084 1195 3149 AD
1218 3084 1466 3152 PROMO'IVM.

575 3259 670 3324 Beari
692 3278 744 3323 me
766 3257 875 3322 multis
904 3256 996 3323 bouis
1025 3256 1148 3339 iudice,
1182 3258 1329 3352 quotiens
1358 3258 1515 3323 sermonis
1546 3258 1591 3323 tui
1622 3256 1864 3323 honoriticentia
1891 3262 1925 3321 et
1946 3253 2119 3339 splendore

488 3363 646 3442 delector3
681 3360 780 3444 idque
802 3368 837 3426 ut
859 3381 1000 3438 mercar,
1031 3360 1128 3425 etiam
1155 3361 1226 3444 ipsc
1249 3382 1312 3426 non
1335 3361 1449 3427 desero
1473 3359 1677 3443 diligentiam
1700 3358 1875 3443 frequentis
1897 3357 2006 3423 oflicii.
2055 3363 2119 3424 stet
2138 3379 2168 3420 ro

489 3465 588 3548 igitur
609 3465 693 3531 inter
714 3484 783 3548 uos,
809 3471 844 3530 ut
865 3463 1043 3529 auimomm
1067 3463 1133 3528 lida
1155 3464 1334 3545 sinceritas,
1360 3464 1407 3529 ita
1427 3464 1523 3529 huius
1544 3464 1686 3529 muneris
1708 3462 1814 3528 amica
1836 3461 1979 3528 certatio.

1067 3844 1071 3850 ,
1124 3756 1194 3831 An
1226 3757 1475 3833 svmmvm

1152 3910 1292 3975 LXXXI
1325 3932 1357 3975 a.
1377 3914 1450 3976 382.

574 4084 809 4149 suscensebam
840 4082 968 4149 silentio
997 4089 1069 4159 tuo;
1104 4082 1162 4147 sed
1190 4088 1358 4166 postquam
1382 4081 1461 4147 mihi
1484 4082 1637 4148 iudicium
1662 4083 1702 4148 de
1725 4083 1833 4147 fratris
1856 4083 1973 4148 honore
1997 4081 2113 4161 fecisti,

488 4188 565 4253 vicit
587 4186 795 4252 offensionem
818 4185 977 4270 voluptas,
1005 4193 1038 4251 et
1058 4185 1092 4251 in
1115 4205 1186 4251 eam
1209 4184 1428 4251 condicionem
1451 4206 1504 4252 res
1522 4186 1628 4257 rediit.
1654 4193 1689 4252 ut
1703 4187 1733 4252 ei
1749 4207 1845 4269 agam
1861 4188 1993 4269 gratias,
2020 4206 2116 4268 quem
2137 4207 2169 4248 aa

488 4292 540 4376 pie
564 4291 733 4373 obiurgare
755 4289 945 4355 meditabar.
985 4295 1019 4355 tu
1041 4309 1117 4354 vero
1140 4290 1200 4354 sub
1222 4290 1285 4354 hac
1299 4289 1458 4373 pactione,
1484 4288 1559 4354 dum
1580 4291 1680 4363 voles,
1707 4289 1816 4373 retice,
1842 4290 1937 4356 modo
1953 4297 1988 4354 ut
2003 4296 2118 4374 postea

487 4393 582 4460 bonis
604 4393 752 4477 epistulis
774 4392 914 4458 redimas
937 4392 1003 4458 stili
1024 4392 1072 4457 tui
1095 4392 1206 4457 ferias.
1253 4392 1440 4457 onuutium
1463 4400 1537 4458 voto
1567 4399 1623 4458 tuo
1652 4393 1806 4459 similem!
1855 4393 1978 4460 nullum
2010 4393 2118 4459 decuit

448 4498 572 4563 ihaec
594 4497 733 4563 scribere
755 4495 818 4561 nisi
841 4516 930 4575 eum,
966 4515 1059 4579 quem
1083 4503 1209 4562 constat
1231 4503 1370 4582 optasse.
1418 4515 1458 4561 ne
1481 4502 1589 4561 tamen
1612 4503 1739 4581 praeter
1760 4494 1932 4579 gaudium,
1966 4496 2052 4580 quod
2075 4496 2117 4562 de

488 4620 638 4685 processu
661 4599 770 4665 fratris
792 4598 946 4683 adquiro,
980 4599 1077 4664 etiam
1099 4598 1253 4666 iudicium
1276 4606 1365 4665 tuum
1388 4598 1562 4664 admodum
1586 4599 1784 4665 decolorem!
1832 4600 1921 4665 solus
1950 4599 2035 4666 enim
2057 4600 2116 4666 tibi

488 4703 578 4769 visus
602 4723 673 4769 sum
696 4701 854 4787 reparatis
876 4701 1027 4768 rimutum
1050 4702 1202 4788 praemiis
1224 4721 1320 4787 posse
1343 4700 1496 4785 gaudere.
1545 4702 1605 4768 sed
1626 4703 1712 4786 quod
1734 4703 1784 4768 ais
1807 4704 1948 4769 exclusis
1972 4704 2117 4788 inprobis
2137 4724 2168 4765 ao

488 4826 578 4892 spem
601 4806 694 4871 bonis
717 4805 888 4883 redditam,
914 4825 978 4870 non
1000 4813 1037 4872 ut
1058 4805 1223 4871 insolitum
1245 4806 1298 4871 vel
1320 4805 1504 4871 inchoatum
1527 4826 1639 4872 recens
1661 4808 1815 4890 gratulor.
1862 4827 1938 4872 uam
1960 4809 2116 4874 sollemne

490 4900 539 4975 est
561 4909 593 4973 d.
620 4929 651 4973 u.
677 4908 859 4974 Theodosio
881 4907 915 4973 in
938 4927 1013 4974 suos
1036 4929 1186 4974 exercerc
1208 4929 1376 4975 censuram
1399 4930 1586 4995 morumque
1608 4929 1705 4994 agere
1735 4909 1888 4976 dilectum
1918 4918 1951 4976 et
1972 4910 2118 4995 singulos

450 5019 527 5079 {tut
554 5032 652 5077 novos
684 5032 811 5097 semper
839 5012 1021 5096 expendere
1050 5032 1111 5078 nee
1139 5012 1362 5078 consuetudini
1391 5013 1573 5079 condonare
1602 5012 1767 5079 iudicium.
1820 5014 1895 5080 iude
1925 5021 1992 5097 est,
2031 5015 2118 5097 quod

575 5274 591 5323 2
609 5274 675 5336 apud
693 5300 727 5310 -
745 5287 821 5335 quam
838 5274 910 5321 uncis
928 5274 1019 5322 inclusi

576 5361 659 5409 bom.
680 5361 703 5407 P
803 5358 936 5408 tiortante
956 5359 1050 5408 Pim.

578 5447 609 5497 ta
626 5460 676 5496 orn.
696 5447 719 5493 P
822 5446 853 5496 15
872 5446 911 5494 his
930 5445 974 5493 PF
1073 5446 1186 5507 reilgioni
1208 5448 1307 5495 Iuratae

579 5534 610 5584 is
628 5549 678 5583 om.
698 5533 722 5580 P

578 5618 611 5669 22
632 5619 666 5681 .q“.
685 5618 740 5667 aui.
760 5619 894 5677 symmachi
913 5619 1044 5681 explicari
1063 5623 1176 5681 promotu
1193 5620 1236 5667 ino
1254 5619 1285 5667 sd
1302 5621 1411 5668 rufinum
1430 5620 1459 5683 P,
1478 5634 1527 5668 cm.
1543 5622 1566 5668 P
1666 5621 1699 5670 24
1717 5624 1893 5671 suscensebam
1914 5625 1969 5685 (use
1983 5625 2083 5683 iuras.)
2099 5624 2123 5670 P

492 5708 525 5758 25
544 5706 711 5756 conditionem
731 5703 777 5753 Pl
791 5720 824 5753 m.
946 5705 1011 5754 redit
1028 5705 1052 5752 P
1171 5704 1205 5755 26
1223 5707 1270 5754 sub
1287 5721 1316 5755 ae
1332 5707 1356 5754 P
1368 5712 1380 5755 l
1394 5722 1428 5756 m.
1545 5708 1669 5769 petitIone
1688 5707 1734 5756 Pr
1846 5710 1906 5759 rium
1924 5710 1994 5759 uoica
2012 5707 2123 5759 om.1'P

493 5794 524 5845 27
544 5794 650 5842 redimar
668 5792 738 5839 bonis
756 5791 913 5854 eplstolisP
1014 5788 1047 5842 ii
1064 5791 1164 5839 domiuo
1182 5791 1350 5843 theodosIoP
1450 5792 1482 5842 33
1501 5789 1541 5863 ut]
1560 5795 1627 5843 etP
