4716 6476
943 505 1057 559 LIBER
1074 505 1153 561 Vlll.

1026 867 1068 932 X.

885 1022 945 1088 AD
971 1023 1206 1089 rusNAEVM.
1890 1029 1958 1088 Vll

321 1198 521 1281 Expectasse
549 1202 581 1260 te
611 1195 746 1260 arbitror
775 1195 900 1260 litteras
929 1214 1034 1274 meas,
1069 1201 1103 1260 ui
1130 1194 1164 1259 in
1191 1202 1301 1260 mutua
1322 1194 1429 1260 cilicia
1451 1206 1640 1280 provocatus
1662 1216 1858 1282 erumperes,

239 1320 327 1365 sume
350 1300 450 1382 igitur
473 1318 663 1379 sermonem,
689 1298 781 1363 onius
803 1298 948 1381 sequaris
970 1298 1164 1383 exemplum.
1205 1318 1259 1363 ero
1281 1299 1414 1383 posthac
1428 1299 1463 1363 in
1478 1300 1645 1366 scribendo
1662 1300 1857 1385 diligentior,

205 1404 264 1469 ssi
286 1403 407 1486 coeptis
429 1401 546 1467 nostris
568 1400 755 1466 vicissitudo
778 1402 979 1486 respoudeat.

1016 1764 1075 1828 xl.

912 1944 1187 1979 *sessuras
1889 1925 1953 1987 VF

321 2092 470 2158 Adiectio
498 2091 531 2155 in
562 2100 593 2156 te
623 2090 723 2155 animi
752 2090 817 2156 mei
837 2111 901 2156 non
924 2089 1037 2155 litteris
1060 2088 1262 2155 aestimanda
1285 2098 1344 2156 est.
1393 2091 1505 2175 religio
1528 2092 1612 2157 enim
1635 2092 1700 2158 iide
1722 2095 1859 2177 pectoris

237 2195 431 2261 continetur:
467 2194 499 2258 in
522 2195 693 2260 verborum
716 2192 830 2258 officiis
853 2195 931 2258 latet
953 2193 1142 2278 plerumque
1165 2193 1338 2258 simulatio.
1385 2215 1483 2277 quare
1507 2194 1535 2259 si
1557 2194 1615 2260 tibi
1637 2195 1670 2259 in
1693 2196 1860 2262 scribendo

194 2320 221 2361 ro
240 2298 339 2362 rarior
361 2297 488 2379 videor,
522 2297 603 2363 nihil
626 2297 779 2363 aestimes
800 2296 900 2361 amori
923 2316 995 2361 esse
1019 2297 1216 2380 decerptum.
1263 2305 1295 2361 et
1317 2317 1415 2382 saepe
1438 2299 1563 2380 evenit,
1590 2306 1625 2363 ut
1645 2298 1791 2364 homines
1813 2301 1860 2365 tui

235 2421 293 2466 nec
314 2400 521 2486 profectionis
544 2420 622 2465 snae
643 2399 796 2465 indicium
819 2399 896 2464 milri
919 2399 1041 2465 iaciant
1063 2406 1094 2464 et
1117 2407 1244 2464 mutuas
1266 2401 1403 2483 paginas
1424 2420 1487 2464 nun
1509 2409 1689 2485 reposcant.
1737 2401 1795 2468 sed
1818 2402 1859 2468 de

237 2505 298 2569 huc
320 2504 407 2585 loqui
430 2503 552 2586 largius
573 2522 636 2568 non
659 2509 792 2588 oportet,
818 2503 895 2586 quia
918 2503 1036 2567 suiiicit
1055 2503 1059 2584 Ι
1079 2502 1200 2567 amanti
1222 2502 1328 2567 brevis
1351 2509 1384 2568 et
1397 2503 1547 2568 restricta
1563 2505 1721 2589 purgatio.
1761 2506 1803 2570 ad
1818 2526 1858 2571 ea
1880 2512 1982 2574 PVF

235 2615 380 2690 transeo,
415 2627 498 2689 quae
528 2607 653 2691 utrique
681 2607 789 2672 votiva
817 2614 901 2671 sunt.
950 2606 1107 2671 hilaratus
1137 2624 1207 2670 sum
1238 2606 1385 2670 sanitatis
1414 2613 1489 2672 tuac
1516 2609 1627 2673 nuntio
1649 2618 1682 2672 et
1704 2608 1855 2693 rependo,

235 2731 296 2794 quo
318 2710 475 2793 gaudeas.
522 2731 596 2774 nam
620 2711 682 2775 mei
705 2730 830 2793 qnoque
854 2712 858 2793 Ι
883 2710 1024 2794 corporis
1047 2709 1138 2792 vigor
1161 2716 1232 2792 post
1254 2709 1411 2774 iuiirmam
1434 2711 1651 2777 valetudinem
1675 2712 1780 2796 coepit
1800 2711 1861 2776 ad-
1892 2716 1952 2779 VF

191 2833 378 2898 resurgere.

1006 3175 1080 3239 XII.

894 3331 953 3395 ΑΙ)
979 3330 1192 3397 PACATVM.
1888 3338 1956 3398 Vll

322 3504 363 3568 Et
390 3503 423 3567 in
454 3501 638 3569 deferendis
666 3510 699 3568 et
726 3502 761 3568 in
789 3502 1005 3587 rependendis
1032 3502 1091 3567 tibi
1120 3502 1237 3567 litteris
1259 3503 1405 3568 desidem
1428 3523 1479 3568 me
1501 3503 1637 3568 arbitror
1658 3524 1720 3568 uon
1742 3504 1857 3570 videri.

238 3626 334 3689 quare
368 3606 428 3672 etsi
458 3606 590 3671 memini
612 3606 653 3671 ad
677 3612 708 3671 te
731 3605 846 3671 diebus
869 3605 1023 3690 proximis
1046 3606 1151 3670 cilicia
1173 3612 1281 3671 nostra
1303 3624 1469 3687 manasse,
1501 3606 1611 3671 curavi
1633 3613 1741 3671 umen
1762 3607 1859 3671 etiam

192 3727 220 3768 no
240 3708 377 3775 indebito
405 3709 514 3775 fenore
544 3708 699 3774 sermonis
727 3708 864 3773 absolvi.
912 3708 969 3773 sed
1000 3707 1027 3772 si
1058 3728 1209 3790 umquam
1238 3708 1329 3773 brevi
1358 3708 1528 3774 intervallo
1558 3729 1636 3773 usus
1666 3708 1727 3774 iste
1750 3728 1858 3773 cessa-

236 3811 328 3895 verit,
353 3813 450 3878 velim
473 3812 596 3895 cogites
618 3811 829 3877 amicitiarum
853 3832 917 3876 non
940 3810 1057 3894 frigere
1080 3819 1272 3895 respectum.
1313 3812 1426 3895 religio
1448 3812 1532 3877 eninr
1555 3811 1659 3895 magis
1681 3810 1744 3876 iide
1759 3811 1858 3877 animi

237 3914 397 3980 metienda
420 3922 470 3982 est
490 3936 586 3999 quum
609 3914 820 3981 ostentatione
844 3915 1023 3979 verborum.

320 4261 393 4310 2Ad
411 4263 528 4310 lrenenm
551 4262 611 4324 (II),
632 4275 680 4311 om.
702 4262 721 4307 V
795 4265 870 4323 periit
887 4264 957 4323 epist.
979 4264 1006 4311 iu
1024 4263 1047 4310 P
1063 4266 1168 4322 exceptis
1185 4263 1274 4310 titteris
1292 4263 1344 4309 iris:
1364 4261 1379 4309 3
1398 4276 1430 4309 ex
1524 4263 1548 4309 in
1568 4276 1583 4310 n
1678 4260 1692 4309 i
1712 4275 1783 4308 sume

233 4347 327 4408 emplur
347 4383 354 4397 .
373 4383 402 4397 ..
423 4349 473 4396 tior
489 4350 510 4396 si
530 4362 588 4411 coep
607 4385 613 4400 .
630 4385 660 4398 ..
767 4348 913 4410 inaquosis
934 4348 983 4411 (Π)
1259 4374 1267 4385 ·

319 4432 333 4480 'l
352 4447 436 4480 curus
454 4447 548 4481 uacuus
566 4436 593 4481 iu
611 4434 640 4496 P,
670 4439 727 4482 oute
749 4434 799 4482 VII
817 4436 866 4484 105
885 4433 947 4481 irone
964 4434 1097 4494 epistulam
1115 4434 1170 4483 coli.
1193 4433 1225 4480 F¹
1383 4432 1398 4482 8
1416 4439 1547 4494 supersunt
1566 4437 1592 4481 iu
1610 4433 1633 4481 P
1649 4435 1767 4494 epieiutne
1785 4432 1857 4480 verbo

233 4518 305 4567 loeo:
330 4519 437 4568 adiectio
459 4521 486 4567 in
511 4526 537 4567 te
558 4555 563 4566 .
581 4557 608 4569 ..
631 4521 719 4568 matida
742 4525 782 4568 est
805 4520 869 4579 relig
972 4519 1105 4568 iltinetur
1129 4521 1156 4568 in
1180 4521 1315 4568 uerborum
1340 4521 1367 4568 oi
1390 4555 1418 4569 ..
1437 4556 1442 4566 .
1463 4520 1591 4568 simulatio
1615 4533 1692 4581 quere
1717 4521 1739 4568 si
1764 4522 1783 4567 ti

235 4604 265 4653 ic
283 4606 371 4653 uideor
394 4607 459 4654 nihii
481 4609 586 4654 uestime
680 4615 705 4654 et
729 4621 804 4668 saepe
830 4608 918 4654 euenit
942 4612 971 4654 ut
989 4606 1045 4653 hom
1065 4641 1071 4653 .
1089 4642 1116 4655 ..
1142 4605 1167 4654 li
1190 4608 1308 4655 iectionis
1326 4611 1385 4654 tuse
1402 4606 1499 4654 indicis
1517 4620 1541 4653 m
1635 4612 1736 4655 mutuas
1754 4606 1858 4667 paginas

234 4694 249 4739 fr
268 4704 368 4754 reposca
388 4727 394 4739 .
412 4728 440 4742 ..
464 4691 494 4741 12
513 4693 580 4754 loqui
598 4693 691 4754 largius
710 4696 727 4741 ἢ
745 4696 842 4755 oportet
860 4693 918 4753 quia
937 4728 943 4741 .
959 4726 989 4740 ..
1010 4692 1107 4739 uniauti
1125 4706 1202 4755 usque
1221 4691 1254 4738 nd
1274 4691 1305 4741 14
1323 4705 1422 4754 quoque
1573 4692 1589 4741 8
1607 4698 1646 4741 est
1664 4691 1803 4740 estimanda
1823 4688 1859 4737 F³

233 4776 248 4825 9
267 4780 342 4825 rarior
360 4779 387 4825 iu
405 4780 537 4826 scribendo
556 4775 617 4825 Fas
732 4778 762 4827 10
782 4779 867 4826 uidear
888 4776 931 4838 (Γ)
1040 4778 1142 4825 estimes
1160 4780 1235 4825 amori
1254 4792 1310 4826 esse
1327 4778 1351 4837 V,
1372 4777 1457 4825 endem
1475 4777 1553 4838 fuisse
1571 4781 1598 4827 iu
1610 4778 1639 4838 P,
1659 4781 1740 4839 spatio
1757 4792 1858 4839 europu-

231 4868 280 4911 taio
299 4862 416 4926 efficitur,
444 4865 520 4912 emori
540 4866 672 4913 existimes
691 4864 737 4927 Pl,
763 4865 840 4913 umori
859 4865 961 4912 estimes
980 4860 1041 4910 pas
1194 4860 1321 4930 homines]
1338 4866 1456 4913 absentes
1475 4860 1513 4910 ΡΒ
1670 4864 1697 4914 11
1719 4862 1792 4931 suae]
1811 4861 1855 4925 Fi,

230 4946 410 4997 ruaePVs‘ti
513 4951 577 4999 milri
594 4951 716 4999 indicium
735 4952 828 4999 iaciant
841 4949 885 5011 1³¹,
905 4950 1027 4998 indicium
1046 4951 1139 4998 iaciant
1158 4949 1218 4997 milri
1232 4946 1276 5010 si,
1297 4949 1361 4998 milri
1378 4964 1429 4999 om.
1444 4948 1481 4996 Fi
1587 4949 1617 5000 12
1636 4947 1706 5016 quie]
1724 4951 1827 5012 qnodV

230 5036 325 5083 autenti
346 5033 391 5082 Pi
405 5050 439 5084 m.
558 5033 684 5103 restricte]
705 5036 731 5086 0.
747 5037 776 5085 F.
797 5035 833 5084 W.
849 5035 963 5095 Mueller,
983 5035 1104 5084 destricte
1125 5035 1152 5098 P,
1174 5036 1286 5084 districtu
1308 5036 1350 5083 Vs
1469 5034 1578 5103 purglssi
1596 5037 1619 5083 P
1747 5035 1777 5085 13
1796 5043 1856 5085 sunt

228 5123 301 5181 periit
320 5121 388 5169 inP
490 5124 581 5172 nuntio
599 5137 648 5172 um.
669 5121 705 5170 ΡΙ
812 5122 842 5172 14
861 5123 971 5170 intimam
991 5118 1030 5168 si
1136 5121 1166 5170 15
1185 5123 1243 5170 usis
1260 5121 1320 5173 odd.
1341 5120 1400 5169 Fid

318 5206 349 5256 17
373 5212 504 5268 supersunt
526 5207 598 5257 iuius
621 5208 740 5270 epistulae
762 5205 1858 5259 inPiuee:19...520...dsi...lateii...citierr'r...ioeni

230 5295 308 5354 magis
329 5292 434 5342 ...22
453 5298 613 5355 quiostsnte
718 5292 747 5341 i'i
768 5295 807 5342 lid
820 5300 949 5356 paccatum
968 5292 992 5351 V,
1009 5293 1110 5341 Peoceto
1124 5291 1172 5355 (Hi
1281 5294 1311 5344 is
1330 5294 1357 5342 in
1369 5295 1511 5343 deserendis
1524 5298 1550 5341 et
1562 5294 1588 5339 in
1601 5288 1780 5359 rependendis]
1793 5293 1854 5355 (Π),

230 5379 497 5427 ludearssseasssss
516 5384 542 5428 et
559 5381 585 5427 in
604 5380 748 5442 repetendIs
771 5380 792 5425 V
909 5375 1025 5444 arbitror]
1050 5379 1136 5441 Vill),
1156 5377 1218 5438 sort.
1238 5379 1336 5428 adnitor
1451 5394 1501 5429 nou
1519 5376 1612 5445 uideri]
1636 5379 1677 5439 (11
1681 5380 1699 5439 i,
1720 5380 1816 5427 censeri
1840 5379 1860 5425 V

230 5462 262 5512 tc
281 5460 469 5531 indeoitoleoo,
483 5467 567 5514 debito
583 5466 658 5527 Vill)
749 5467 849 5514 foenore
864 5464 929 5527 (Hp,
943 5464 1070 5512 honoreV
1156 5463 1186 5512 21
1208 5462 1309 5531 frigere]
1324 5465 1387 5528 (Π),
1405 5466 1556 5526 irengereV
1634 5461 1713 5531 enim]
1729 5464 1756 5525 Ρ,
1771 5465 1859 5512 om.V

231 5550 262 5599 22
282 5551 418 5600 metuenda
437 5551 470 5599 Ii

254 5958 262 5969 .
307 5912 332 5960 Q.
347 5914 464 5951 Avusnrvs
479 5912 625 5951 Srrrrrrcrrvs.
