4686 6472
983 474 1033 528 DE
1052 472 1247 529 sinuatur
1266 469 1557 529 RELATIONIBVS.

1242 942 1292 1017 Π.

868 1123 940 1221 DE
974 1122 1266 1222 SYMMACHI
1305 1122 1719 1221 susurronibus

541 1354 691 1434 Primum,
718 1352 804 1436 quod
826 1360 900 1438 post
921 1354 1080 1420 orationes
1102 1353 1137 1418 in
1159 1354 1264 1420 lucem
1287 1353 1418 1439 prodiit,
1446 1353 1631 1438 Symmachi
1655 1353 1843 1439 opusculum
1865 1374 1928 1419 non
1951 1356 1993 1420 ab
2015 1355 2086 1440 ipso

455 1474 594 1541 librariis
617 1474 862 1541 describendum
885 1481 918 1540 et
940 1473 1143 1540 vendendum
1166 1473 1319 1540 nuditum
1341 1482 1400 1555 est,
1428 1475 1486 1540 sed
1509 1475 1551 1540 ab
1574 1475 1787 1555 adversariis3
1815 1475 1926 1559 loquor
1943 1476 1985 1541 de
2000 1476 2083 1541 rela-

454 1595 540 1661 tione
568 1595 678 1677 tertia,
710 1616 775 1678 qua
804 1594 845 1660 de
874 1615 932 1661 ara
960 1595 1120 1660 Victoriae
1151 1595 1394 1680 sumptibusque
1423 1594 1690 1661 caerimoniarum
1722 1594 1931 1661 restituendis
1958 1617 1989 1660 a.
2022 1599 2082 1659 384

456 1715 640 1800 praefectus
662 1715 733 1781 urbi
755 1715 798 1780 ad
813 1715 1076 1782 Valentinianum
1092 1715 1272 1799 Augustum
1294 1716 1426 1781 rettulit.
1475 1718 1566 1782 cuius
1589 1717 1773 1799 eloquentia
1787 1736 1858 1781 cum
1874 1715 1972 1781 etiam
1989 1715 2083 1782 bodie

455 1836 553 1902 corda
580 1836 745 1902 hominum
774 1841 906 1920 tangat,
940 1843 1016 1902 tuno
1044 1835 1302 1925 adversariorum
1332 1857 1457 1921 quoque
1479 1837 1724 1903 admirationem
1747 1835 1944 1919 excitavit²⁵l
1979 1857 2083 1919 neque

455 1957 571 2022 ellectu
600 1957 740 2022 caritura
770 1956 955 2035 videbatur,
989 1956 1148 2040 siquidem
1178 1978 1289 2024 omnes
1319 1957 1497 2024 consistorii
1526 1959 1659 2024 comites
1682 1978 1723 2022 ne
1747 1956 1929 2022 christianis
1952 1956 2081 2038 quidem

454 2077 600 2161 exceptis
624 2079 814 2159 suadebant,
842 2084 877 2142 ut
898 2077 981 2143 tanti
1002 2077 1063 2143 viri
1085 2077 1166 2144 ratio
1188 2079 1404 2162 haberetur²⁷)
1431 2078 1664 2163 petitionesque
1686 2078 1757 2144 eius
1772 2077 2079 2161 concederenturlil.

454 2219 519 2280 qua
540 2218 575 2263 re
598 2206 761 2282 comperta
775 2198 962 2263 Ambrosius
986 2198 1159 2284 episcopus
1181 2199 1289 2264 statim
1313 2200 1356 2265 ad
1370 2199 1635 2265 Valentinianum
1651 2198 1779 2284 scripsit
1798 2200 1861 2283 (ep.
1880 2197 1895 2260 1
1916 2201 1962 2282 17)
1990 2198 2085 2263 fidei-

454 2339 516 2402 que
539 2339 611 2385 eum
634 2319 811 2384 admonens
834 2318 1016 2403 exemplum
1032 2319 1197 2385 relationis
1212 2319 1368 2405 poposcit,
1393 2326 1429 2384 ut
1443 2320 1550 2385 verbis
1565 2320 1636 2384 eius
1652 2317 1789 2402 coguitis
1804 2318 1932 2403 plenius
1949 2337 2084 2402 respon-

454 2438 531 2504 dere
554 2445 663 2524 posset
671 2441 723 2523 29).
770 2439 951 2522 quodcum
974 2439 1170 2524 accepisset,
1198 2440 1370 2525 epistulam
1393 2440 1528 2506 alteram
1551 2439 1770 2505 refutatorium
1793 2438 1836 2503 ad
1858 2438 2082 2522 imperatorem

459 2563 483 2637 [I
503 2563 551 2642 18)
571 2560 691 2626 maiore
713 2581 786 2626 cum
808 2580 884 2625 cura
906 2560 1092 2645 composuit,
1119 2581 1182 2626 nou
1197 2560 1231 2625 iu
1246 2579 1339 2625 usum
1355 2562 1495 2645 aliquem
1511 2598 1554 2607 —
1568 2580 1644 2625 nam
1660 2559 1837 2645 periculum
1852 2557 1916 2623 iam
1933 2577 2082 2624 aversum

455 2682 568 2763 oratii)
587 2680 706 2745 —sed
728 2687 764 2745 ut
786 2680 888 2746 doctis
912 2681 1089 2747 rationibus
1111 2680 1172 2745 viri
1195 2681 1314 2765 pagani
1338 2681 1582 2747 christianorum
1606 2679 1745 2746 rationes
1768 2685 1954 2764 opponeret.
1995 2679 2083 2745 refu-

454 2801 532 2865 tatio
559 2800 658 2884 igitur
684 2821 746 2866 nou
776 2808 841 2868 tam
872 2801 1006 2866 auribus
1027 2801 1166 2884 Augusti
1196 2822 1293 2884 quam
1322 2802 1462 2868 omnium
1492 2801 1657 2866 homiuum
1686 2800 1897 2866 litteratorum
1921 2798 2083 2865 destinata

454 2929 531 3002 erat,
559 2920 730 3005 dereliqui
753 2942 880 3005 quoque
902 2921 976 2987 libri
998 2922 1195 3006 apologetici
1218 2922 1472 3003 christianorum,
1500 2922 1671 3004 statimque
1694 2941 1766 2986 eam
1790 2920 1988 3003 divulgatam
2009 2940 2080 2985 esse

455 3043 507 3107 vel
531 3048 572 3107 e'x
594 3063 632 3107 eo
655 3049 799 3126 apparet,
825 3040 911 3126 quod
934 3041 1162 3126 Symmachum
1184 3041 1265 3108 nibil
1288 3042 1482 3127 respondere
1504 3061 1619 3108 ausum
1642 3061 1724 3123 esse,
1752 3041 1906 3106 Paulinus
1922 3041 2083 3106 Ambrosii

453 3162 631 3247 discipulus
653 3162 868 3247 gloriatur³¹).
916 3162 1073 3244 quomodo
1095 3162 1180 3229 enim
1203 3160 1398 3246 respondere
1420 3162 1590 3247 potuisset,
1619 3161 1647 3226 si
1670 3161 1814 3248 episcopi
1836 3162 2025 3245 opusculum
2048 3163 2082 3226 iu

453 3283 578 3348 somniis
600 3283 822 3368 imperialibus
847 3282 1017 3348 latuisset‘l
1039 3282 1161 3348 editum
1183 3289 1290 3348 autem
1315 3290 1447 3348 estnon
1471 3283 1585 3366 solnm,
1612 3283 1671 3348 sed
1694 3284 1895 3349 coniunctum
1919 3302 1992 3348 oum
2012 3282 2083 3366 epi-

451 3405 538 3468 stula
561 3404 725 3488 superiore
748 3411 780 3469 et
802 3424 874 3469 cum
898 3403 1054 3469 relatione
1077 3403 1161 3489 ipsa,
1189 3411 1416 3486 contraquam
1440 3404 1590 3487 scriptum
1614 3410 1700 3485 erat,
1728 3412 1764 3469 ut
1785 3404 1911 3469 codices
1934 3403 2004 3468 eius
2028 3422 2084 3467 su-

453 3525 602 3608 perstites
624 3530 791 3590 testantur.

541 3645 748 3710 Praefectura
778 3645 866 3710 urbis
896 3643 1044 3730 deposita
1066 3645 1280 3729 Symmachus
1311 3645 1381 3730 ipse
1412 3643 1583 3709 relationes
1607 3664 1737 3726 omnes,
1770 3665 1853 3729 quas
1875 3644 2082 3728 magistratus

453 3772 594 3850 tempore
617 3767 660 3831 ad
681 3766 892 3851 imperatores
914 3766 1055 3846 miserat,
1083 3766 1264 3831 monobiblo
1287 3765 1504 3849 composuisse
1528 3765 1664 3847 videtur,
1691 3785 1796 3848 neque
1812 3765 1927 3847 omisit,
1954 3772 1990 3830 ut
2005 3785 2081 3829 con-

454 3892 642 3951 sentaneum
665 3894 723 3966 est,
752 3885 1047 3970 eloquentissimam
1071 3891 1104 3952 et
1125 3885 1351 3969 gravissimam
1375 3885 1415 3951 de
1438 3906 1495 3949 ara
1512 3886 1685 3951 Victoriae.
1734 3907 1830 3968 quarn
1853 3884 2026 3950 editionem
2048 3892 2084 3949 ut

452 4013 595 4091 pararet,
629 4014 714 4072 certe
743 4028 805 4072 uon
835 4005 953 4072 scrinia
981 4026 1073 4071 sacra
1102 4011 1322 4090 perscrutatus
1345 4013 1412 4085 est,
1445 4005 1503 4071 sed
1527 4007 1693 4090 exempla,
1729 4027 1811 4090 quae
1834 4006 1924 4090 apud
1947 4026 1982 4070 se
2006 4006 2083 4071 reti-

455 4201 514 4208 .-

536 4318 578 4381 26)
600 4321 715 4369 umbros.
735 4323 811 4384 epist.
831 4319 928 4382 118‚2
946 4321 1075 4368 relationis
1093 4318 1224 4367 ubernent
1238 4319 1385 4381 amandes,
1405 4319 1447 4367 trae
1464 4334 1543 4366 auum
1558 4324 1653 4381 peteras,
1673 4324 1703 4367 ut
1720 4333 1772 4367 non
1789 4318 1917 4367 uerborum
1935 4320 2083 4378 eleyontiam

450 4405 491 4452 sed
508 4409 559 4455 aba
576 4421 658 4455 rerum
675 4407 835 4468 spectandum
849 4413 929 4468 putes.
966 4420 1043 4455 aurea
1061 4409 1136 4467 enim,
1157 4409 1219 4454 sieut
1237 4408 1359 4466 scriptura
1377 4405 1464 4453 diuina
1482 4406 1558 4463 docet,
1579 4410 1613 4453 est
1631 4407 1719 4464 linqua
1737 4408 1889 4465 sapientium
1906 4406 2081 4465 litteratorum,

451 4506 512 4552 quae
527 4494 662 4552 phaleratis
679 4494 763 4541 dotato
782 4493 933 4542 senucnibus
951 4498 974 4540 et
993 4492 1099 4554 qwdam
1117 4491 1269 4552 splendentis
1286 4494 1376 4553 eloquii
1393 4494 1459 4539 arelat
1477 4493 1566 4539 coloris
1581 4493 1683 4552 pretiosi
1700 4506 1799 4539 corusco
1815 4493 1938 4539 resultans
1949 4493 2014 4550 eupit
2026 4494 2083 4538 ani-

450 4593 546 4626 morum
569 4580 653 4625 oculos
676 4583 754 4640 specie
778 4578 888 4638 formosa
910 4583 1012 4640 uisuque
1027 4582 1179 4639 perstringit.
1217 4578 1293 4627 Prud.
1314 4580 1342 4626 in
1360 4579 1453 4637 symm.
1475 4580 1487 4625 l
1506 4577 1556 4627 648
1576 4580 1684 4626 inlaesres
1700 4584 1800 4625 maneat
1819 4580 1891 4637 liber,
1918 4578 2084 4637 excellensque

450 4667 567 4713 erotumen
584 4666 691 4714 obtineat
707 4672 809 4727 partum
826 4666 925 4714 dicendi
943 4665 1051 4725 fulmine
1069 4665 1173 4725 sinuum.
1212 4667 1244 4713 of.
1266 4665 1350 4714 adnot.
1371 4666 1396 4714 4.

537 4752 579 4814 ti)
601 4754 713 4802 Ambros.
735 4755 810 4815 epist.
832 4754 843 4799 1
863 4752 904 4811 17,
925 4753 941 4800 6
964 4751 1125 4813 deserendum
1147 4754 1241 4800 meritis
1264 4754 1385 4799 clarorum
1407 4754 1516 4799 oisonem
1538 4757 1560 4798 et
1582 4767 1626 4813 epo
1648 4752 1751 4813 madeo,
1778 4752 1819 4799 sed
1843 4752 1914 4798 deum
1938 4755 2030 4797 eertum
2048 4755 2083 4797 est

450 4838 564 4885 munibus
580 4838 784 4898 praefocandum.

537 4924 581 4987 28)
601 4926 717 4974 umbros.
739 4927 771 4975 da
788 4928 849 4976 obit.
871 4926 974 4974 Valent.
997 4923 1028 4973 19
1049 4939 1106 4972 eum
1123 4926 1250 4985 uniuersi,
1270 4926 1312 4986 qai
1330 4926 1357 4972 in
1374 4927 1516 4973 consistorio
1535 4924 1654 4987 aderant,
1675 4924 1803 4972 christiani
1820 4927 1913 4984 puriter
1930 4928 2004 4985 atque
2021 4936 2083 4981 pen-

451 5012 521 5071 tiles,
546 5011 653 5059 diemnt
675 5026 725 5060 esse
746 5012 883 5073 reddendo,
912 5014 978 5059 sotus
998 5013 1062 5072 [scil.
1083 5012 1286 5072 Valentinianus)
1307 5011 1374 5058 arelat
1392 5011 1484 5058 Daniel
1509 5014 1613 5059 excitato
1638 5014 1663 5058 in
1685 5026 1709 5058 se
1728 5011 1767 5058 dei
1784 5013 1873 5071 spiritu
1892 5010 2011 5070 orpuebat
2027 5022 2084 5068 per·

450 5097 524 5159 fidiae
542 5100 703 5161 christianos,
723 5101 854 5161 pestilibus
871 5098 995 5148 obviabat.
1033 5100 1110 5160 epist.
1132 5099 1141 5145 l
1165 5097 1206 5159 17,
1227 5097 1242 5145 8
1260 5097 1346 5160 quiebi
1364 5099 1442 5159 aliqui
1459 5100 1559 5146 nomine
1577 5098 1705 5145 ebristioni
1723 5098 1771 5143 tale
1789 5097 1886 5157 aliquid
1904 5094 2085 5143 decernendum

449 5190 547 5243 putant,
568 5192 673 5233 mentem
691 5191 760 5234 tuam
778 5186 900 5234 sauma
917 5185 987 5234 nuda
1004 5200 1056 5233 non
1074 5188 1184 5246 eupiunt.
1223 5186 1256 5233 cf.
1278 5183 1319 5233 10.

536 5271 578 5332 29)
601 5273 713 5321 Ambrae.
735 5273 811 5335 epist.
833 5274 844 5319 l
866 5271 905 5329 17,
930 5271 960 5319 13
979 5273 1051 5320 detur
1067 5272 1127 5320 mibi
1145 5273 1283 5331 exemptum
1301 5274 1390 5319 missae
1407 5272 1547 5330 relationis,
1573 5275 1601 5316 ut
1619 5284 1663 5329 epo
1679 5271 1778 5330 plenium
1795 5269 1964 5329 respondeum.
2005 5268 2044 5325 18,
2069 5268 2077 5316 1

448 5360 547 5417 poposci
565 5363 649 5407 tumen
666 5360 803 5418 eeerrrptunu
821 5358 882 5405 mibi
899 5360 1026 5405 relationis
1044 5360 1108 5406 dari.
1147 5372 1178 5406 ex
1198 5359 1237 5405 his
1256 5358 1375 5418 epistulis
1393 5357 1479 5404 hausit
1496 5357 1595 5404 Panliu.
1619 5359 1664 5405 vit.
1687 5358 1799 5407 umbros.
1821 5356 1864 5406 26.

536 5446 576 5505 31))
599 5446 716 5494 Ambrae.
737 5447 812 5508 uplst.
833 5447 844 5492 l
866 5444 905 5503 18,
929 5445 939 5494 1
961 5459 1016 5492 cum
1034 5471 1068 5480 —
1086 5450 1121 5505 tu,
1143 5448 1282 5505 imperator,
1302 5445 1357 5491 tie'et
1376 5443 1457 5490 adbuc
1475 5446 1502 5490 in
1519 5446 1622 5491 minoris
1639 5445 1694 5491 aeui
1713 5446 1826 5491 tirocinio
1843 5441 1987 5505 florentibus
2005 5454 2084 5489 noum

449 5533 532 5591 annis,
551 5528 608 5594 {idei
627 5536 708 5580 tamen
725 5533 814 5578 uirtute
831 5536 970 5591 ueteranus,
991 5532 1115 5579 obarmata
1132 5533 1262 5591 penttlium
1274 5545 1326 5578 non
1336 5532 1451 5591 probares
1463 5536 1489 5578 et
1502 5544 1527 5591 q.
1542 5544 1563 5577 s.
1601 5528 1617 5578 2
1637 5533 1719 5591 itaque
1737 5543 1788 5576 non
1805 5528 1863 5590 fidei
1881 5534 1936 5576 tuae
1954 5527 2084 5588 umbipuus

450 5618 492 5663 sed
509 5618 628 5677 providus
645 5620 767 5666 nomionis
785 5623 808 5664 et
826 5620 861 5677 pii
879 5623 958 5665 certus
976 5620 1096 5665 examinis
1114 5617 1156 5665 loe
1174 5632 1285 5666 sermone
1303 5618 1429 5664 relationis
1447 5616 1583 5664 adsertioni
1600 5615 1741 5675 respondeo.
1780 5616 1810 5665 ol.
1833 5617 1909 5675 epist.
1929 5614 1941 5660 I
1961 5612 2003 5669 57,
2023 5612 2047 5662 3.

536 5703 578 5763 31)
599 5704 697 5752 Paullo.
719 5706 763 5753 rit.
783 5705 900 5751 Ambros.
922 5702 954 5751 26
979 5718 1028 5764 qua
1051 5705 1171 5751 relatione
1193 5710 1292 5764 acemta
1313 5704 1540 5764 praeclarissimum
1563 5703 1675 5750 libellum
1693 5704 1847 5763 conseripsit,
1873 5704 2006 5749 utcontra
2023 5699 2086 5746 nibil

448 5805 567 5852 umquam
585 5790 685 5838 uudaet
704 5789 866 5853 Symmachus
883 5793 922 5838 nir
939 5791 1153 5852 eloquentissimus
1170 5791 1323 5852 respondere.
