4722 6470
504 502 612 570 CXIV
1035 497 1302 555 mosomum
1319 495 1608 554 simoniana,

508 724 678 793 Calabriae
701 722 903 791 Constantini
924 723 1035 808 magni
1055 722 1254 808 temporibus
1276 722 1489 807 praeinitffl),
1516 728 1584 786 tum
1607 719 1750 787 Siciliam
1772 720 1952 786 consularis
1974 720 2060 787 rexit
2071 722 2144 803 ⁵⁴⁷),

506 846 623 930 quibus
645 843 729 911 curis
751 845 919 910 absolutus
941 864 1000 929 per
1020 863 1122 909 annos
1144 844 1212 911 iere
1234 842 1349 927 viginti
1371 842 1406 907 in
1427 842 1492 908 otio
1514 839 1659 923 delituit,
1689 840 1827 906 formose
1849 841 1928 925 quia
1949 840 2000 906 vir
2021 860 2148 926 super-

505 964 627 1032 stitioni
657 964 826 1049 gentilium
856 962 1004 1029 addictus
1031 963 1217 1049 imperatori
1245 963 1418 1030 christiano
1440 961 1627 1029 musantia
1656 982 1770 1047 parum
1799 962 2005 1046 probabatur.
2054 961 2149 1026 inter

506 1084 652 1152 homines
673 1090 781 1151 autem
805 1104 932 1151 suarum
957 1084 1095 1169 partium
1119 1104 1240 1167 magua
1261 1083 1450 1150 auctoritate
1473 1082 1638 1148 fruebatur
1646 1081 1711 1164 ⁵¹⁸),
1738 1082 1793 1165 qni
1815 1102 1887 1147 cum
1902 1082 2028 1148 Iuliano
2047 1102 2146 1148 snm-

507 1226 579 1272 mae
603 1224 707 1272 rerum
730 1203 830 1289 potito
852 1224 952 1270 novas
974 1204 1060 1270 viras
1083 1205 1169 1271 nacti
1191 1210 1316 1284 essent,
1349 1204 1477 1286 legatus
1499 1201 1542 1269 ad
1564 1202 1791 1287 imperatorem
1812 1201 1931 1268 missus
1959 1211 1993 1268 et
2010 1224 2046 1268 u.
2075 1204 2144 1267 363

508 1324 647 1391 vicarius
670 1324 897 1411 Hispaniarum
921 1324 1026 1391 iactus
1054 1331 1105 1392 est
1114 1328 1180 1408 Μ1).
1227 1324 1294 1389 alia
1321 1343 1447 1407 quoqne
1475 1322 1595 1407 legatio
1626 1322 1696 1389 eius
1725 1343 1746 1388 a
1783 1325 1846 1387 370
1869 1328 1926 1388 aut
1947 1326 2007 1387 371
2041 1322 2145 1389 simul

505 1466 579 1513 cum
608 1444 714 1512 Vettio
744 1445 863 1528 Agorio
891 1445 1096 1511 Praetextato
1126 1450 1277 1528 suscepta
1305 1449 1569 1511 commemoratur
1577 1446 1647 1526 ὁ6)),
1685 1449 1757 1527 post
1786 1463 1882 1526 quam
1911 1443 2036 1509 nullam
2067 1443 2144 1509 eius

506 1565 700 1633 mentionem
723 1564 843 1632 inveni.
891 1584 997 1631 sorore
1023 1564 1093 1630 eius
1115 1562 1253 1629 Avianio
1275 1563 1469 1647 Symmacho
1497 1569 1599 1648 nupta
1627 1583 1743 1629 nomen
1764 1563 1922 1629 Anicium'
1942 1563 1976 1627 in
2005 1569 2143 1647 gentem

506 1686 671 1753 Aureliam
695 1685 885 1752 hunslatum
909 1703 981 1752 esse
1005 1684 1129 1750 videtur
1152 1688 1194 1767 (n.
1219 1705 1252 1768 p.
1270 1683 1376 1767 LlIl);
1404 1682 1616 1767 Symmachus
1639 1683 1724 1749 euim
1747 1689 1854 1749 orator
1876 1683 2011 1750 Venusti
2033 1683 2142 1749 lilium

505 1805 699 1873 Flavianum
729 1825 855 1892 semper
884 1804 1014 1871 fratrem
1044 1810 1209 1889 nuncupat
1236 1809 1269 1870 ct
1295 1803 1367 1888 ipse
1397 1822 1525 1887 quoque
1552 1824 1619 1871 rem
1642 1802 1782 1888 Apulam
1812 1802 2000 1889 possidebat
2010 1806 2061 1887 ⁶⁶¹)
2098 1824 2142 1870 ex

506 1925 620 1994 matris
643 1925 781 1994 fortasse
803 1924 878 1992 dote
899 1925 1085 2010 proiectam.

593 2046 770 2113 Flavianus
792 2052 887 2112 natus
910 2051 960 2112 ast
982 2044 1066 2111 circa
1088 2066 1119 2110 a.
1138 2046 1200 2109 334
1209 2044 1276 2128 ⁶⁶²).
1316 2042 1526 2109 inhonorum
1549 2062 1644 2109 cursu
1666 2041 1783 2109 iisdem
1805 2044 1992 2127 obstaculis,
2018 2044 2141 2127 quihus

508 2172 610 2252 pater,
636 2166 782 2233 tardatus
805 2184 878 2232 esse
901 2164 1043 2244 videtum
1070 2164 1195 2230 nullum
1217 2163 1302 2232 enim
1326 2162 1552 2247 magistratum
1573 2170 1648 2230 ante
1670 2183 1791 2228 annum
1806 2163 1922 2230 aetads
1936 2163 2139 2249 trigesimum

506 2286 619 2370 gessit.
666 2285 724 2353 sed
746 2292 914 2372 postquam
930 2285 1091 2350 Venustus
1116 2282 1254 2350 ricarius
1275 2283 1379 2349 iactus
1395 2291 1454 2365 est,
1480 2284 1661 2350 avunculus
1676 2290 1709 2350 et
1725 2283 1933 2350 consobrinus
1947 2284 2138 2369 Symmachi

507 2407 589 2474 alter
610 2407 793 2493 praelectus
815 2404 904 2472 urbis
926 2405 1009 2471 alter
1031 2411 1187 2470 corrector
1209 2403 1372 2470 Lucaniae
1395 2410 1427 2469 et
1449 2403 1653 2488 Brittiorum,
1679 2410 1712 2469 et
1732 2404 1938 2471 Praetextato
1960 2424 2138 2489 proconsu-

505 2527 605 2594 latum
629 2527 747 2614 adepto
769 2544 880 2593 omnes
902 2525 971 2591 iere
993 2525 1133 2610 partium
1155 2524 1325 2609 gentilium
1348 2522 1511 2609 principes
1533 2524 1580 2589 rei
1601 2524 1753 2610 publicae
1768 2524 1997 2607 gubernaculis
2012 2526 2137 2592 minati

504 2650 650 2733 annulli),
676 2648 745 2734 ipse
767 2665 893 2731 quoque
910 2645 1052 2711 Siciliam
1068 2643 1227 2711 consulari
1242 2645 1312 2710 iure
1329 2644 1504 2729 regendam
1520 2645 1646 2730 accepit
1665 2647 1707 2728 (a.
1727 2647 1799 2729 364)
1812 2646 1879 2727 ⁶⁵⁴).
1919 2646 2062 2713 fascibus
2077 2647 2138 2714 de-

505 2767 619 2853 positis
642 2768 748 2835 denuo
770 2787 871 2834 annos
894 2765 1063 2832 duodecim
1086 2764 1216 2849 quievit,
1247 2764 1349 2831 donec
1371 2763 1598 2832 Valentiniano
1620 2772 1744 2831 mortuo
1766 2766 1928 2832 Ausonius
1951 2767 2138 2853 Symmachi

505 2889 627 2956 amicus
649 2908 806 2955 summam
837 2888 871 2953 in
900 2887 977 2953 aula
1004 2891 1197 2971 potestatem
1227 2890 1341 2950 nactus
1371 2892 1430 2950 est.
1479 2884 1635 2971 Hesperio
1657 2884 1793 2951 Ausonii
1821 2885 1888 2953 filio
1916 2907 1973 2972 pro
2002 2888 2136 2954 consule

505 3009 634 3075 Africae
644 3012 694 3095 ὓ11)
728 3008 762 3074 in
792 3008 907 3074 eadem
937 3004 1078 3072 dioecesi
1107 3004 1260 3071 maumam
1293 3004 1528 3089 praefecturam
1562 3005 1664 3089 gessit
1701 3008 1740 3090 (a.
1774 3009 1969 3092 376-377),
2005 3028 2068 3091 quo
2101 3008 2135 3073 in

504 3129 695 3213 magistratu
726 3127 801 3194 odio
830 3126 994 3211 religionis
1020 3124 1214 3192 christianae
1237 3124 1415 3191 haereticos
1436 3126 1482 3191 ita
1504 3125 1601 3205 invit,
1635 3132 1670 3192 ut
1691 3126 1948 3193 constitutionem
1972 3127 2131 3210 Gratiani,

503 3271 587 3335 quae
609 3250 700 3333 leges
723 3253 834 3315 contra
848 3247 1035 3314 Donatistae
1058 3248 1142 3312 latas
1158 3244 1265 3311 denuo
1280 3244 1467 3328 inculcaret,
1493 3246 1709 3312 necessariam
1725 3246 1876 3313 redderet
1885 3251 1950 3331 ⁶⁶⁰),
1978 3254 2010 3314 et
2025 3248 2133 3333 publi-

508 3442 589 3451 ⁸-—

505 3575 555 3611 csse
571 3560 738 3623 praesectum,
768 3559 934 3609 Octavianum
950 3558 1122 3620 proconsulem
1140 3558 1256 3619 Africae,
1288 3557 1425 3607 Venusto
1446 3560 1602 3607 oleariam
1619 3561 1770 3609 conmisit
1789 3559 1987 3623 Hispaniae,
2013 3558 2133 3624 Batinum

506 3647 627 3697 Aradum
646 3649 757 3697 comitem
778 3646 885 3696 Oriastis
902 3671 938 3682 -
953 3646 1074 3707 provenit.

591 3732 650 3797 547)
672 3732 731 3793 123,
753 3731 781 3783 11
807 3733 857 3795 nsit
880 3733 956 3783 mutet
979 3732 1030 3780 elus
1056 3730 1118 3786 lucil.
1139 3730 1253 3779 Flaviani
1273 3730 1383 3792 minoris)
1411 3744 1468 3777 mem
1491 3735 1649 3790 procuratore
1673 3735 1716 3779 tuo
1739 3731 1824 3795 tinctis
1848 3734 1876 3779 in
1899 3730 1987 3779 Sicilia
2013 3732 2130 3792 quaestio,

505 3834 581 3882 quom
603 3819 747 3881 disceptatio
770 3831 836 3877 non,
861 3821 890 3866 ut
907 3817 1006 3879 scribis,
1038 3816 1153 3879 Vcnustt,
1179 3815 1220 3863 sed
1238 3816 1340 3863 atterius
1358 3817 1457 3863 sectoris
1475 3815 1587 3865 absolsit.
1625 3816 1778 3880 Euslguins,
1804 3817 1833 3864 ed
1853 3830 1927 3878 quem
1945 3817 2007 3865 haec
2025 3817 2134 3878 epistula

504 3905 595 3967 scriptu
618 3911 670 3965 cst,
698 3904 755 3953 ideo
776 3902 807 3951 de
830 3903 931 3964 praedio
949 3902 1076 3952 Siciliensi
1102 3901 1173 3950 litam
1198 3903 1305 3950 movisse
1327 3901 1442 3961 videtur,
1467 3901 1532 3963 quud
1557 3914 1610 3949 rem
1628 3910 1702 3951 autea
1720 3918 1734 3950 a
1752 3903 1861 3950 luminae
1878 3903 2029 3963 possessoris
2049 3914 2132 3950 socero

504 3992 588 4040 studio
605 3992 738 4040 allinitatis
756 4003 832 4053 prore
850 3989 986 4038 iudicatam
1004 4002 1060 4037 casa
1078 3988 1188 4049 diceret3
1208 3987 1233 4035 id
1253 3988 1319 4050 quod
1337 3987 1501 4048 Symmachus
1519 3989 1604 4036 vorbis
1623 4002 1700 4050 snpra
1718 3988 1825 4037 uniatis
1843 3989 1949 4038 retollit.

591 4074 650 4137 548)
672 4077 778 4127 Macrob.
798 4076 815 4126 l.
835 4076 855 4126 l.
875 4072 1006 4123 mirandus
1024 4076 1063 4123 cis
1084 4073 1213 4123 Venustus.
1250 4073 1337 4123 Amm.
1357 4074 1374 4123 l.
1396 4074 1413 4123 Ι.
1434 4073 1498 4121 ctare
1516 4078 1591 4122 notus
1608 4078 1631 4122 et
1648 4077 1741 4125 meritis
1757 4074 1892 4136 probabitis
1909 4078 1975 4123 sitae
1992 4080 2131 4136 conperisse.

592 4161 652 4223 549)
672 4165 756 4213 Amm.
776 4163 794 4213 l.
814 4162 832 4215 l.
854 4164 886 4214 cl.
906 4160 1020 4210 XXVlll
1042 4159 1066 4223 1,
1086 4158 1117 4209 24
1136 4174 1165 4208 eu
1182 4162 1274 4210 oleario
1296 4159 1426 4209 Venustus.

592 4247 651 4309 550)
672 4250 757 4299 Amm.
778 4247 894 4297 xxvm
914 4245 937 4309 l,
957 4245 1000 4297 24.

592 4332 650 4397 651)
675 4333 731 4395 156,
751 4334 784 4384 38
807 4337 890 4384 statim
916 4335 978 4383 iussi
1001 4346 1031 4382 cc
1053 4348 1080 4382 se
1102 4338 1185 4382 nostra
1203 4333 1288 4393 Apulo
1309 4332 1344 4381 ad
1364 4332 1528 4393 Campaniam
1552 4331 1678 4392 tmcnmto
1702 4331 1803 4392 deferri.
1839 4333 1905 4395 apud
1923 4334 2044 4383 rimrinm
2062 4335 2133 4383 urbis

436 4414 439 4419 ’
506 4420 667 4480 Symmachus
686 4435 708 4470 a.
729 4419 778 4469 331
797 4426 930 4484 patronum
948 4419 1086 4482 Apulorum
1104 4421 1157 4478 agit
1175 4419 1212 4467 lx
1231 4418 1274 4481 29,
1294 4432 1385 4478 genero
1404 4420 1500 4468 sedicet
1518 4423 1544 4467 at
1561 4432 1588 4466 re
1607 4418 1639 4466 sd
1657 4431 1698 4466 eos
1716 4420 1855 4480 pertinens.

592 4505 650 4566 552)
674 4506 778 4556 German
803 4506 895 4556 codicis
917 4506 1024 4554 Parlalni
1049 4503 1116 4554 8084
1140 4505 1180 4554 cd.
1200 4506 1339 4554 Mommsen
1364 4506 1390 4552 in
1409 4505 1496 4554 llcrm.
1516 4505 1553 4552 IV
1571 4518 1597 4565 p.
1619 4504 1685 4566 3503
1712 4505 1800 4565 Riese,
1826 4504 1919 4554 anthol.
1940 4507 1984 4556 lat.
2005 4506 2060 4569 Ip.
2084 4506 2130 4568 ls;

505 4592 632 4641 Iieshraua
655 4598 743 4656 poetae
761 4592 832 4641 launi
850 4594 960 4642 minores
977 4593 1017 4641 Ill
1034 4606 1060 4653 p.
1081 4589 1131 4641 286
1150 4607 1174 4642 r.
1195 4590 1228 4642 67
1245 4594 1375 4652 soccpinta
1392 4604 1465 4639 muca
1482 4589 1802 4653 amnemamnem.
1839 4597 1953 4641 mortuus
1972 4598 2012 4640 ert
2028 4608 2051 4643 a.
2071 4592 2132 4656 334,

506 4692 529 4727 r.
550 4678 624 4729 lnirs.

593 4761 651 4825 663)
673 4778 696 4813 r.
718 4778 744 4827 p.
763 4763 848 4813 xm.
868 4762 960 4814 XLVI.
981 4762 1137 4813 LXXXVII.

595 4847 653 4909 651)
674 4849 823 4898 Flauianum
844 4849 961 4899 honoram
979 4849 1089 4911 aliquam
1107 4851 1231 4912 gessisse,
1255 4865 1304 4913 quo
1321 4855 1433 4914 tempore
1453 4848 1615 4911 Symmachus
1634 4850 1869 4912 msiorprseiectus
1887 4852 1959 4913 urbi,
1982 4852 2064 4901 minor
2080 4866 2135 4901 cor-

507 4940 586 4985 rector
603 4935 732 4985 Lucanica
750 4941 776 4983 at
793 4935 944 4987 Brittiorum
961 4942 1041 4999 snut,
1063 4949 1095 4983 er
1113 4938 1223 4999 epistula
1240 4939 1265 4985 ll
1283 4936 1316 4986 ll
1334 4938 1453 4987 alholtnr.
1491 4937 1536 4999 qui
1554 4936 1631 4985 honor
1650 4938 1768 4998 temporis
1786 4938 1881 4986 munna
1898 4938 2054 4987 considerata
2072 4941 2134 4988 uul-

508 5022 548 5071 lus
573 5021 637 5070 alius
661 5034 717 5071 cass
734 5024 817 5085 potuit
835 5036 909 5085 quam
927 5022 1092 5072 consulariter
1110 5020 1210 5073 Siclliae
1228 5024 1255 5073 in
1273 5024 1386 5085 duabus,
1412 5037 1474 5086 quas
1492 5037 1569 5086 supra
1586 5024 1775 5087 proposuimus,
1803 5025 2011 5087 inscriptionibus
2028 5040 2137 5075 comme-

506 5113 608 5158 morata.
645 5108 804 5158 celsitudinit
826 5109 918 5158 titulus
941 5109 1067 5158 consulari
1091 5123 1105 5157 s
1124 5106 1271 5169 Symmacho
1289 5110 1398 5159 imbutus
1416 5123 1466 5159 uon
1484 5114 1536 5158 tam
1554 5110 1743 5172 magistratum,
1768 5124 1843 5172 quern
1861 5112 1939 5160 cleros
1956 5111 2070 5162 Flaviani
2088 5128 2134 5162 ua-

506 5194 570 5243 talsa
588 5198 700 5256 spectare
720 5193 835 5257 ridetur3
855 5208 913 5243 nam
931 5208 987 5243 cum
1006 5195 1158 5257 dignitatum
1178 5196 1235 5245 ordo
1253 5210 1320 5245 anuo
1337 5196 1439 5246 demum
1451 5195 1502 5246 ssi
1520 5196 1727 5244 aValcutiuieno
1745 5198 1898 5246 constitutus
1916 5203 1993 5259 osset,
2013 5201 2134 5249 rocsbula

507 5281 629 5341 inlustris,
649 5282 797 5343 spectabitis,
816 5280 942 5345 marmio,
962 5282 1147 5343 mapniticentin
1165 5288 1239 5331 sutas
1257 5282 1368 5331 noudum
1386 5284 1413 5330 iu
1431 5297 1507 5330 nsum
1525 5287 1623 5329 certum
1641 5285 1668 5331 ot
1685 5282 1831 5330 soliemnem
1849 5284 1970 5333 abierant.

593 5366 652 5429 555)
672 5368 758 5420 Amm.
778 5366 891 5417 xxvru
910 5367 937 5429 6,
956 5366 989 5417 28
1007 5368 1123 5431 ausaque
1140 5382 1214 5430 suuper
1230 5368 1342 5430 nefanda
1360 5367 1450 5429 fraude
1463 5366 1585 5417 Oroanna
1602 5370 1747 5429 imperatore
1759 5368 1872 5430 fidendum
1889 5396 1924 5405 -
1946 5370 2134 5419 Valentinianus

506 5454 572 5501 mim
593 5452 685 5501 obierat
702 5480 737 5491 -
753 5455 787 5503 ad
813 5454 957 5516 Hesperiam
978 5456 1151 5515 pmronsulem
1174 5460 1197 5502 et
1221 5456 1374 5503 Flauianum
1396 5457 1520 5503 vicariurn
1542 5454 1661 5503 cadumi
1683 5460 1742 5504 suat
1765 5458 1842 5503 missi.
1881 5455 2022 5518 Hesperius
2039 5471 2062 5506 a.
2082 5456 2133 5506 316

506 5540 640 5599 proconsul
657 5540 758 5591 Africae
775 5546 837 5591 crat
875 5556 900 5591 ν.
920 5556 946 5604 p.
967 5539 1046 5591 GVH.
1084 5541 1119 5589 ol.
1139 5540 1184 5604 62,
1205 5541 1236 5591 16
1254 5539 1321 5604 quod
1338 5554 1396 5589 eum
1411 5544 1499 5602 putria
1516 5541 1607 5601 Africa
1625 5556 1689 5592 non
1706 5545 1810 5592 minus
1828 5542 1889 5590 tilii
1907 5557 1983 5605 quarn
1999 5545 2059 5592 auiti
2075 5559 2134 5593 cara

505 5625 668 5676 mutiat.

594 5710 654 5772 556)
674 5713 785 5773 August
805 5714 880 5775 epist.
901 5710 943 5775 S'i,
964 5712 980 5763 8
1003 5728 1047 5761 uos
1067 5713 1132 5776 (scil.
1151 5711 1308 5774 Doutlstaa)
1330 5714 1451 5761 Fusciano
1475 5713 1598 5775 quondan«
1621 5718 1714 5764 uterino
1735 5718 1815 5776 puetis
1832 5719 1925 5763 vestm
1942 5715 2048 5777 mat,
2076 5720 2134 5778 quta

506 5794 599 5856 upum
617 5800 725 5845 amiens
741 5804 863 5859 mnus,
882 5812 941 5861 quos
958 5801 1093 5859 innuerat,
1113 5798 1244 5861 occidebat,
1262 5812 1315 5849 non
1332 5802 1549 5850 communicastis?
1579 5801 1617 5849 Dc
1637 5801 1718 5863 Rosci,
1741 5802 1873 5850 taurianae
1890 5800 2059 5850 uilliconum
2071 5803 2133 5852 aa·
