4746 6472
505 495 546 557 ti
968 493 970 496 ’
1105 489 1303 548 SYuuAcffl
1321 488 1533 547 EPISTVLAE

417 682 481 743 VF
497 688 605 747 notum
629 687 696 763 est,
726 679 812 745 idam
835 679 895 745 tibi
919 679 1065 744 adsertor
1087 679 1248 764 expediet.
1296 685 1419 745 statuas
1443 679 1539 745 etiarn
1563 678 1731 763 recepistis
1752 679 1868 745 iisdem
1891 698 1996 764 paene
2019 679 2132 764 populi

497 782 797 863 adclamationibus,
823 782 940 864 quibus
963 782 1157 848 amiseratis.
1205 782 1316 883 ridpsi
1338 788 1370 849 et
1392 782 1482 849 libet.
1530 788 1565 848 ut
1578 781 1699 864 rideas,
1726 781 1846 848 afuisti.
1893 782 1988 867 plura
2002 781 2127 865 desino,

497 906 539 952 ne
562 886 617 969 qni
640 885 773 952 strictim
797 885 932 951 meliora
954 884 1096 967 detexui,
1122 886 1241 950 amaris
1263 885 1375 951 videar
1396 884 1558 951 inmorari.
1605 885 1693 950 vale.

998 1244 1188 1310 XXXXVII
1209 1245 1372 1328 (XXXXl)
1409 1252 1483 1311 ante
1499 1265 1529 1309 a.
1549 1246 1626 1310 385.
1741 1292 1755 1315 a

912 1383 1175 1450 SYMMAOHVS
1197 1382 1360 1449 AGORIO
1383 1382 1710 1448 ΡΒΑΕΤΕΧΤΑΤΟ.
2148 1409 2162 1445 s

587 1556 714 1621 Silentii
736 1555 836 1620 nostri
858 1554 939 1619 ratio
961 1554 1092 1620 diversa
1114 1562 1180 1634 ast,
1214 1554 1272 1620 sed
1301 1573 1384 1620 unus
1406 1555 1552 1621 effectus.
1599 1575 1651 1620 ma
1673 1554 1797 1640 inpedit
1819 1556 2012 1642 pontificalis
2033 1554 2130 1620 officii

501 1680 593 1741 cura,
634 1667 666 1726 te
695 1658 809 1724 Baiani
838 1657 893 1723 otii
923 1657 1143 1741 neglegentia.
1197 1677 1301 1741 neque
1330 1657 1415 1723 anim
1445 1657 1551 1723 minus
1581 1657 1720 1733 residem
1750 1656 1828 1723 facit
1857 1658 2003 1725 remissio
2030 1657 2129 1723 animi

500 1783 596 1846 quam
619 1761 797 1846 occupatio.
844 1779 905 1825 nec
928 1759 1052 1841 mirum,
1080 1759 1107 1824 si
1129 1766 1162 1826 te
1183 1760 1242 1825 illa
1264 1779 1319 1825 ora
1334 1767 1433 1825 totum
1450 1760 1512 1825 sibi
1527 1759 1681 1842 vindicat,
1708 1780 1779 1825 cunr
1794 1759 1900 1845 ipsum
1915 1760 2130 1826 Hannibalem

500 1865 583 1931 fides
605 1871 692 1931 certa
715 1864 771 1946 sit,
797 1863 883 1929 bello
905 1862 1058 1928 invictum
1081 1883 1195 1929 manus
1217 1862 1348 1929 dedisse
1371 1862 1579 1948 Campaniae.
1626 1883 1690 1928 non
1711 1863 1801 1929 illius
1823 1863 1906 1929 caeli
1929 1869 1986 1929 aut
2007 1863 2068 1928 acb
2088 1863 2131 1929 il-

501 1968 661 2034 lecebram
684 1966 811 2034 retinax
833 1966 1032 2032 advenarum
1056 1966 1135 2032 lotos
1157 1967 1253 2031 arbor
1273 1965 1460 2049 aequaverit
1480 1972 1514 2032 et
1535 1966 1639 2032 suada
1654 1965 1766 2032 Circae
1788 1967 1905 2051 pocula
1925 1972 1958 2033 et
1971 1966 2129 2032 tricinium
2151 1992 2179 2031 ro

459 2071 479 2131 2
502 2070 748 2137 semivolucrum
776 2070 969 2155 puellarum.
1017 2089 1121 2152 neque
1149 2088 1211 2152 ego
1240 2076 1272 2134 te
1302 2068 1439 2154 pingues
1466 2068 1565 2134 ferias
1592 2088 1691 2152 agere
1720 2069 1878 2135 contendo
1905 2075 1962 2134 aut
1982 2069 2130 2135 virtutem

500 2182 577 2259 puto
607 2173 759 2258 friguisse
789 2172 926 2238 deliciis.
974 2171 1033 2236 sed
1054 2171 1131 2237 dum
1158 2171 1218 2237 tibi
1245 2173 1342 2255 legis,
1375 2171 1434 2238 tibi
1461 2171 1574 2237 scribis
1606 2177 1639 2237 et
1667 2172 1859 2237 urbanarum
1889 2192 1995 2237 rerum
2023 2171 2131 2237 fessus

501 2277 664 2360 ingentem
687 2276 829 2342 animum
852 2274 1025 2341 solitudine
1047 2274 1170 2354 domas,
1196 2274 1409 2340 amicitiarum
1432 2274 1543 2339 munia
1557 2275 1666 2340 nullus
1682 2274 1861 2358 exequeris.
1909 2275 1988 2356 quin
2007 2273 2131 2359 adripis

500 2380 609 2446 stilum
639 2386 829 2463 nostraeque
854 2378 888 2443 in
917 2385 949 2444 te
978 2376 1153 2443 adfectioni
1182 2377 1334 2443 bonorem
1365 2384 1509 2443 mutuum
1535 2376 1639 2442 facist
1684 2376 1746 2441 nisi
1775 2376 1880 2442 mavis
1908 2376 2130 2443 auctoritatem

501 2482 661 2567 pontificis
690 2481 845 2566 experiri:
878 2482 980 2547 multa
1008 2480 1100 2547 nubis
1129 2481 1163 2545 in
1192 2480 1328 2564 collegio
1359 2479 1569 2547 deliberanda
1599 2488 1690 2557 sunt;
1724 2479 1796 2562 quis
1826 2479 1885 2546 tibi
1907 2479 1967 2545 bas
1988 2480 2131 2547 indutias
2150 2505 2179 2545 rs

501 2587 622 2671 publici
644 2585 785 2652 muneris
808 2584 919 2651 dediti
941 2584 1061 2649 senties
1082 2583 1134 2650 ius
1156 2584 1342 2664 sacerdotis,
1368 2583 1432 2649 nisi
1453 2583 1628 2668 inpleveris
1649 2583 1700 2648 ius
1722 2581 1829 2648 amici.
1876 2584 1961 2649 vale.

982 2942 1189 3008 XXXXVIII
1209 2943 1389 3027 (xxxxii)
1426 2951 1501 3010 ante
1516 2965 1549 3010 a.
1568 2947 1641 3009 385.

914 3079 1174 3146 SYMMACHVS
1197 3080 1358 3146 AGORlO
1385 3081 1712 3146 ΡΒΑΕΤΕΧΤΑΤΟ.

586 3254 640 3319 Dii
670 3253 763 3335 boni,
796 3273 891 3336 quam
922 3251 1002 3317 nibil
1033 3251 1155 3317 bomini
1183 3257 1286 3317 tutum
1314 3258 1409 3336 atque
1440 3254 1639 3338 exploratum
1663 3256 1727 3320 esti
1763 3260 1849 3320 certe
1876 3254 2008 3320 levandi
2029 3254 2128 3320 animi

501 3377 600 3424 causa
622 3357 721 3423 Baias
751 3356 994 3422 concesseratis.
1041 3355 1113 3439 quis
1140 3355 1252 3421 oculus
1280 3354 1452 3421 fascinavit
1480 3355 1673 3422 destinatam
1696 3356 1858 3439 quietemi
1885 3357 2023 3423 Paulina
2051 3377 2127 3440 ergo
2147 3378 2176 3421 ao

500 3481 577 3527 cura
600 3459 776 3526 communis
799 3466 977 3524 extremum
1001 3458 1114 3524 salutis
1136 3465 1334 3537 accesserat;
1367 3479 1409 3525 an
1430 3465 1538 3525 vester
1558 3480 1615 3544 pro
1643 3459 1703 3524 illa
1726 3467 1834 3533 tantus
1862 3467 1911 3527 est
1938 3466 2061 3543 metus,
2093 3466 2129 3526 ut

500 3585 595 3631 omne
618 3564 689 3630 eiua
711 3563 947 3629 incommodum
969 3561 1106 3646 periculi
1128 3561 1231 3626 instar
1250 3561 1426 3628 habeatur?
1447 3562 1606 3644 quidquid
1628 3562 1740 3628 borum
1763 3570 1822 3642 cst,
1853 3570 2000 3648 spectare
2022 3562 2128 3628 animo

500 3668 593 3747 licet,
626 3685 707 3749 quas
736 3683 907 3731 aerumnas
936 3665 1078 3744 dierum,
1111 3683 1193 3748 quas
1222 3664 1362 3730 noctium
1392 3665 1521 3749 vigilias
1551 3665 1719 3732 duxeritis.
1767 3665 1814 3731 sic
1843 3667 1910 3731 nati
1932 3684 2062 3749 sumus,
2095 3671 2129 3731 ut

500 3770 630 3856 saepius
659 3769 799 3835 adversa
827 3768 1009 3852 fungamur.
1056 3767 1184 3851 fugiunt
1206 3768 1387 3852 voluptates
1409 3775 1442 3834 et
1463 3769 1568 3835 bonae
1591 3768 1744 3852 cuiusque
1766 3769 1812 3834 rei
1833 3776 1898 3835 tam
1921 3768 2030 3835 brevis
2052 3786 2129 3835 usus

499 3893 596 3956 quam
618 3874 701 3938 levis
724 3891 838 3937 sensus
861 3876 921 3936 est.
968 3890 1078 3936 verum
1101 3870 1182 3936 baec
1204 3870 1465 3956 pbilosophorum
1481 3870 1752 3955 disputationibus
1766 3872 1999 3954 relinquantur.
2045 3890 2129 3936 nunc
2146 3892 2176 3934 aa

499 3976 645 4042 habitum
667 3975 833 4040 laetiorem
855 3973 1016 4039 mentibus
1046 3973 1259 4054 suadeamus,
1292 3974 1421 4056 quando
1443 3974 1599 4039 Paulinae
1629 3981 1757 4041 nostrae
1779 3974 1996 4040 valetudinem
2019 3992 2128 4040 mraus

500 4078 619 4145 locavit
638 4078 673 4143 in
696 4077 800 4143 solido
821 4097 886 4162 pax
908 4076 1050 4142 deorum.
1097 4077 1181 4142 vale.

588 4441 669 4490 itibi
687 4441 795 4489 idemF
902 4440 1014 4488 adsertor
1031 4441 1119 4488 omi*
1228 4434 1317 4505 etlam]
1335 4439 1445 4486 enimi*
1545 4452 1627 4501 paene
1644 4440 1765 4488 isdemi'
1876 4439 2097 4491 iamieeretisi'

500 4525 622 4595 rideret]
641 4527 700 4588 111⁶,
729 4526 782 4575 radi
800 4526 844 4574 sed
867 4527 894 4587 V,
922 4527 1011 4574 risidat
1029 4524 1061 4587 Φ,
1091 4526 1143 4574 ride
1163 4526 1186 4573 F
1245 4541 1250 4551 ·
1319 4520 1412 4591 rideas]
1432 4523 1539 4585 Hibe,
1567 4525 1661 4574 ricem
1684 4526 1705 4574 i'
1841 4527 1937 4575 affuisti
1955 4525 2016 4591 ΗΓ,
2043 4526 2130 4578 em.P

501 4611 640 4680 bneqni]
660 4614 724 4675 (11),
745 4625 828 4675 neque
852 4612 901 4675 VF,
920 4625 1035 4673 nequae
1054 4610 1079 4660 Φ
1181 4606 1284 4677 amaris]
1301 4624 1352 4673 epo,
1376 4612 1467 4660 amoris
1491 4610 1564 4669 idid,
1585 4613 1613 4660 in
1631 4613 1771 4661 minoribus
1793 4612 1846 4675 (Π)
1953 4609 2051 4680 rddear]
2070 4612 2125 4674 dd,

499 4701 596 4752 om.V

587 4785 669 4834 bom.
689 4785 732 4833 Vs
835 4785 972 4846 tiimpulit
985 4783 1008 4830 F
1110 4782 1292 4833 ireaidareF
1389 4779 1569 4850 Soratctum]
1582 4783 1721 4847 Scioppius,
1742 4786 1874 4833 oratorium
1892 4784 1919 4848 V,
1939 4790 2060 4833 oratorem
2073 4786 2096 4833 F

500 4873 642 4921 annibalem
660 4872 702 4919 Vs*
803 4870 990 4920 iliiiecebraF
1092 4868 1124 4919 10
1142 4871 1307 4918 retentum?
1389 4865 1597 4935 maenarumss',
1617 4871 1781 4921 aduentamm
1796 4869 1894 4932 Hiil')
1983 4870 2123 4931 latosHV,

500 4959 570 5008 lucca
583 4959 606 5005 F
707 4958 778 5005 arbor
794 4969 842 5004 om.
859 4957 881 5002 F
982 4955 1131 5004 euaserat?
1231 4956 1356 5004 suadiaV
1457 4954 1599 5024 tricinium]
1616 4956 1723 5005 Ledeue
1739 4957 1862 5019 Latinior,
1885 4956 2023 5005 triclinium
2041 4954 2127 5005 trib

502 5044 533 5094 12
552 5039 683 5110 friguisse]
701 5044 739 5103 11,
759 5043 858 5104 frigisse
881 5041 907 5101 V,
927 5041 1032 5101 begere
1052 5042 1073 5088 Ρ
1175 5042 1221 5090 tibi
1240 5043 1307 5103 leges
1326 5043 1414 5091 scribis
1434 5039 1480 5090 FP
1578 5048 1604 5092 et
1622 5056 1671 5092 cm.
1685 5043 1708 5090 F
1835 5041 1865 5091 13
1884 5042 2054 5091 sollicitudine
2073 5043 2096 5090 F

501 5132 597 5180 nullius
619 5130 662 5178 Vs

588 5213 620 5265 18
637 5227 686 5264 om.
708 5213 757 5261 VM
859 5212 892 5261 20
911 5213 1032 5261 oculosV
1135 5211 1168 5262 Ὦ
1186 5215 1293 5275 spectari
1307 5212 1388 5273 Mill)
1497 5211 1529 5263 24
1549 5214 1756 5275 quambreuisi'
1858 5212 1890 5264 26
1908 5215 2024 5277 quoniam
2042 5214 2091 5275 ill)

502 5309 602 5351 uestrae
624 5301 677 5361 (11)
