4746 6472
817 518 826 549 «,
904 562 907 569 7
955 498 1070 554 omns
1087 499 1125 554 1.·
1233 534 1235 539 «
1811 497 1853 560 29

224 674 295 750 tuas
317 684 496 751 communis
519 684 643 769 patriae
665 685 765 769 copiis
794 692 827 753 et
848 686 997 753 satietate
1019 687 1186 753 sentimus.
1233 687 1365 752 mutasti
1393 685 1494 769 Igitur
1515 685 1674 765 officium,
1706 704 1770 750 non
1791 703 1850 750 ne-
1871 683 1979 746 PVF

224 786 319 871 gasti.
365 786 529 869 antiquior
551 787 637 854 enim
659 785 717 852 tibi
739 786 815 871 fuit,
845 795 882 855 ut
904 807 976 855 esse
1005 789 1132 870 debuit,
1156 789 1256 880 *salus
1286 789 1404 854 civium
1433 809 1529 872 quarn
1559 787 1720 854 salutatio.
1766 805 1852 853 nunc

224 908 301 955 sane
315 894 361 980 et
379 888 603 956 desideramus
625 895 659 956 et
680 890 885 975 exposcimus
912 892 1037 958 litteras
1064 899 1138 957 tuas
1167 891 1301 975 largiter
1323 898 1478 975 congesta
1506 891 1599 975 fruge
1629 890 1664 955 in
1685 890 1852 975 proximae

223 989 337 1057 hiemis
358 991 565 1077 inpendium
591 1012 785 1077 quamquam
801 993 868 1059 scio
891 995 1028 1060 necdum
1048 994 1108 1060 tibi
1129 994 1214 1061 banc
1235 999 1361 1079 partem
1375 993 1471 1059 nimis
1487 1000 1587 1059 tutam
1603 993 1717 1059 videri.
1757 1012 1852 1058 uum·

190 1113 318 1186 ⁸uquam
341 1094 427 1160 enirn
450 1114 583 1161 securus
606 1102 657 1161 est
683 1116 773 1162 amor
801 1097 942 1182 patriae,
975 1105 1008 1164 et
1029 1097 1176 1181 quamvis
1204 1117 1323 1180 magna
1345 1097 1489 1163 remedia
1511 1096 1691 1181 conquirat,
1725 1115 1853 1181 semper

223 1197 303 1262 illud
325 1205 419 1282 putat
439 1197 619 1282 imminere,
644 1199 730 1284 quod
751 1200 867 1266 timuit.
915 1186 999 1267 vale.

465 1631 535 1707 AD
562 1628 824 1734 OELSINVM
850 1631 1109 1729 TITIANVM
1135 1631 1432 1708 GERMANVM
1459 1630 1611 1708 SVVM.
1873 1646 1987 1709 PVM

807 1817 899 1883 nxn
920 1817 1010 1903 (nvn
1048 1824 1125 1886 anu
1142 1840 1172 1885 a.
1193 1822 1267 1886 aar.

595 1954 854 2021 srunausvs
876 1954 1058 2022 ususrno
1084 1958 1284 2023 urrunnu
1306 1956 1475 2022 nanum.

179 2144 208 2185 τι
308 2129 419 2193 Bonae
439 2126 510 2211 spei
532 2127 659 2211 plenus,
685 2132 853 2209 postquam
875 2124 956 2191 mibi
977 2127 1259 2193 adventus-vestri
1282 2127 1403 2194 fecistis
1426 2127 1592 2209 indicium,
1620 2128 1727 2194 calcar
1748 2127 1853 2211 quod·
1904 2130 1911 2135 ’

227 2230 299 2296 dam
323 2229 485 2315 suppingo
507 2228 763 2314 properantibus,
789 2233 822 2295 et
843 2228 877 2292 in
900 2248 975 2293 eam
994 2248 1061 2295 rem
1085 2237 1173 2297 tuum
1196 2250 1312 2296 munus
1333 2230 1468 2315 inploro,
1496 2238 1531 2296 ut
1553 2239 1721 2315 parentum
1744 2230 1854 2297 studia

227 2332 367 2399 bortatur
394 2332 572 2398 adeeleres.
621 2331 718 2396 stabit
739 2332 827 2416 apud
849 2350 901 2397 me
923 2333 1078 2399 memoria
1099 2332 1247 2425 beneficii
1270 2334 1317 2400 tui
1339 2353 1399 2399 nec
1420 2353 1571 2416 nmquam
1593 2333 1693 2415 tacita
1714 2333 1791 2417 erit,
1825 2333 1853 2398 si

227 2435 360 2502 fratrum
382 2435 535 2519 delegata
556 2434 729 2501 curaveris.
776 2435 861 2501 vale.
1542 2448 1545 2456 ’

792 2776 900 2844 LXIII
919 2778 1027 2864 (LVII)
1063 2785 1139 2846 ante
1153 2799 1184 2846 a.
1204 2781 1278 2845 381.

182 2936 209 2976 a
606 2915 867 2981 summumve
891 2915 1072 2982 usnemu
1095 2916 1273 3017 munuc
1295 2917 1467 2982 uarum.
1575 2880 1582 2895 ’

310 3089 456 3172 Longum
478 3072 649 3171 loquantur
677 3106 733 3171 pro
754 3086 927 3170 incognitis
949 3094 1006 3153 aut
1028 3087 1145 3154 alienis
1167 3090 1268 3154 verba
1288 3088 1421 3169 lactnri;
1456 3088 1535 3154 mibi
1565 3089 1647 3156 haec
1669 3084 1773 3173 ¹opera
1795 3086 1853 3154 de-

226 3191 360 3257 sinenda
382 3198 441 3271 est,
468 3211 539 3255 cum
562 3190 685 3255 litteras
708 3197 833 3256 nostras
854 3190 988 3257 Saturus
1011 3190 1111 3258 frater
1132 3192 1307 3258 communis
1329 3191 1478 3276 accipiat,
1503 3211 1585 3274 quas
1606 3212 1669 3256 non
1692 3211 1854 3257 commen-

227 3293 348 3360 dationi
370 3293 441 3360 eius
462 3293 619 3379 praestiti,
653 3291 712 3359 sed
733 3300 841 3360 nostro
863 3294 949 3361 cirea
970 3315 1029 3361 vos
1051 3315 1160 3362 amore
1183 3295 1310 3362 functus
1333 3294 1437 3361 emisi.

823 3638 949 3704 uxrnr
968 3638 1092 3720 (nunu
1126 3659 1157 3704 a.
1176 3639 1251 3703 aso.

184 3792 212 3834 a
608 3774 869 3841 srunrosvs
891 3775 1073 3842 cnnsmo
1095 3775 1275 3841 nrumuo
1297 3775 1466 3841 aarum.

312 3940 537 4015 Commendari
558 3967 580 4014 a
600 3966 652 4012 me
667 3946 852 4032 episcopum
874 3947 955 4014 forte
977 3947 1113 4013 mireris.
1153 3966 1252 4013 eausa
1272 3947 1360 4014 istud
1381 3947 1462 4013 mibi
1483 3968 1547 4014 non
1569 3954 1657 4014 secta
1678 3950 1848 4034 persuasit.

228 4071 301 4118 nam
316 4052 466 4118 Clemens
487 4050 563 4117 boni
584 4050 647 4116 viri
669 4050 797 4115 functus
819 4048 960 4115 officium
983 4050 1187 4130 Caesaream,
1213 4069 1297 4132 quae
1318 4050 1368 4115 1111
1386 4051 1565 4135 patrissat,
1591 4051 1761 4118 conciliata
1782 4072 1853 4117 ma-

228 4155 382 4221 ximorum
403 4153 582 4240 principum
605 4171 686 4237 pace
709 4158 831 4218 tutatus
854 4157 913 4218 est.
952 4151 1051 4219 fando
1073 4171 1256 4237 acceperas,
1282 4153 1457 4220 rebellione
1478 4152 1648 4219 barbarica
1669 4160 1747 4236 quot
1767 4153 1849 4233 auri,

229 4264 302 4341 quot
323 4256 466 4342 argenti,
498 4255 616 4341 privati
637 4261 666 4321 et
687 4254 825 4341 publici,
859 4255 943 4321 sacri
969 4262 1002 4322 et
1021 4255 1149 4341 profani
1171 4255 1389 4325 Mauretaniae
1417 4255 1478 4321 fnit
1505 4255 1684 4340 direptione
1712 4256 1851 4322 bostium

185 4374 213 4417 ιι
229 4360 432 4427 lancinatum.
471 4358 580 4424 evenit
601 4378 641 4423 ea
661 4364 864 4442 tempestate,
890 4364 926 4424 ut
947 4357 1043 4423 etiam
1065 4356 1134 4423 fisci
1156 4357 1336 4443 depositum
1358 4358 1439 4425 belli
1460 4358 1530 4424 iure
1551 4365 1727 4443 raperetur.
1762 4359 1847 4441 qnod
1871 4361 1890 4421 2

230 4461 482 4529 asummatibus
504 4461 654 4541 civitatis,
687 4480 767 4542 qnos
790 4461 932 4543 reliquos
954 4459 1033 4544 fuga
1055 4460 1186 4541 fecerat,
1219 4460 1270 4527 ius
1292 4460 1409 4526 aerarii
1430 4461 1631 4546 reposcebat.
1678 4462 1797 4527 misera
1818 4467 1851 4527 et

229 4566 343 4632 acerba
359 4564 516 4647 condicio,
540 4563 605 4630 nisi
627 4563 781 4641 iustitium
796 4571 973 4649 temporum
990 4563 1166 4630 Clementis
1181 4583 1258 4629 cura
1272 4563 1434 4647 movisset,
1460 4583 1555 4645 quem
1578 4584 1638 4647 ego
1659 4583 1724 4628 non
1743 4563 1850 4628 minus

229 4668 333 4734 famae
355 4667 478 4735 saeculi
492 4687 588 4750 qnam
603 4666 721 4733 civium
744 4666 909 4732 securitati
922 4666 1060 4732 dixerim
1075 4666 1306 4733 commodasse.
1345 4666 1424 4749 quid
1438 4667 1524 4733 enim
1546 4672 1673 4751 praeter
1694 4665 1849 4731 invidiam

229 4772 360 4838 referret
373 4770 544 4853 aerarium,
570 4769 598 4835 si
620 4788 698 4854 opes
719 4769 761 4834 ab
782 4768 870 4853 inopi
885 4769 975 4835 ouria
995 4775 1223 4855 poscerentur?
1258 4769 1360 4835 babes
1378 4768 1521 4835 ordinem
1545 4770 1603 4835 rei.
1643 4769 1728 4852 quod
1751 4775 1852 4835 restat

185 4890 213 4930 ³⁰
230 4875 358 4958 enitere,
383 4880 420 4939 nt
439 4873 506 4940 voti
526 4871 574 4939 tui
594 4871 770 4956 adspiratio
791 4872 867 4938 vela
888 4870 988 4939 faciat
1007 4872 1198 4957 impetratis.

312 5186 460 5247 sproxrme
479 5184 525 5249 Pl
540 5198 574 5233 m.
762 5244 764 5248 .

256 5304 258 5309 .
311 5267 451 5333 'lexpllel't
468 5271 497 5319 sd
516 5272 620 5333 probum
637 5271 729 5334 lnolpit
746 5273 777 5321 ad
796 5272 920 5320 celsinum
937 5272 1058 5320 titiamm
1076 5272 1177 5319 lustrem
1198 5270 1232 5334 P,
1259 5271 1293 5334 cs.
1311 5285 1338 5332 p.
1355 5273 1390 5321 32
1407 5287 1432 5322 a.
1453 5271 1487 5320 Pb
1505 5271 1589 5332 explic
1606 5271 1637 5319 ad
1655 5270 1775 5319 titianum
1793 5284 1848 5331 ger·

230 5370 328 5406 manum
346 5371 423 5405 suum
441 5356 471 5421 P,
490 5371 539 5406 oca
558 5356 608 5405 VM
710 5357 726 5406 9
744 5369 883 5417 symmacus
900 5358 995 5406 celsino
1012 5358 1084 5406 tratri
1104 5356 1134 5419 P,
1153 5370 1202 5409 cm.
1222 5356 1269 5405 VM
1374 5356 1406 5406 12
1424 5357 1545 5405 ιάιοΙοῆι
1563 5356 1609 5405 ΡΙ
1623 5371 1658 5405 ιιι.

314 5442 411 5492 lbom.
432 5441 481 5490 Vl!
582 5456 723 5501 symmacus
741 5443 764 5490 P
866 5441 897 5492 16
915 5442 1068 5506 mugnmP
1171 5442 1202 5494 18
1220 5445 1321 5508 prestltl
1339 5443 1433 5491 le.

310 5526 479 5578 20011111
588 5526 619 5577 21
639 5524 797 5596 episcopum]
819 5528 874 5591 VM,
897 5526 966 5592 eplm
987 5532 1013 5590 (ι’.
1033 5543 1055 5579 s.
1074 5529 1219 5593 eplstnlam)
1240 5530 1263 5577 P
1374 5527 1406 5578 22
1425 5527 1571 5578 demeusP
1685 5526 1851 5576 2311119210-

229 5625 283 5661 nem
300 5613 497 5663 berbadcsml'
615 5615 679 5676 quod
697 5616 751 5664 auri
770 5616 835 5677 quod
855 5612 948 5677 Pur)
1074 5613 1107 5664 24
1124 5621 1151 5671 et
1168 5610 1276 5680 publici]
1293 5628 1344 5676 eqo,
1365 5619 1410 5662 aut
1426 5615 1520 5676 publtcl
1539 5612 1614 5661 Pru
1732 5615 1850 5662 maurita-

229 5698 376 5748 ulrePVM
478 5695 1087 5765 sonaci]V1'M,ucerPrm.,ude11³am.
1194 5696 1511 5766 lblus]uisP1m.l'
1612 5698 1818 5749 ulammaus

229 5786 332 5834 conditio
350 5783 427 5831 Pru
529 5785 660 5833 slsmsutls
679 5785 724 5833 Pl
739 5800 773 5834 m.
801 5786 891 5833 vam.
910 5783 974 5849 (m)
1081 5785 1204 5833 mouisset
1220 5791 1246 5833 et
1263 5786 1310 5834 Pl'
