4746 6472
779 878 901 946 LVIlIl
920 879 1045 961 (LVIII)
1078 885 1154 944 ante
1169 899 1200 943 a.
1220 881 1293 943 394.

689 1015 948 1083 SYMMACHVS
971 1015 1189 1081 FLAVIANO
1211 1015 1381 1080 FRATRI.
1874 1017 1908 1079 P

171 1251 177 1259 .
309 1189 535 1256 Suburbanum
558 1189 743 1274 praedium,
776 1189 862 1272 quod
884 1188 956 1254 viae
978 1188 1105 1274 Appiae
1128 1188 1272 1271 adiacet,
1303 1186 1501 1271 incolebam,
1533 1208 1605 1253 cum
1627 1187 1706 1253 mibi
1729 1188 1853 1254 litteras

226 1299 296 1357 tuas
319 1292 354 1356 iu
376 1292 436 1357 boo
458 1293 577 1358 missus
600 1291 757 1358 exhibuit.
803 1291 885 1357 nosti
915 1312 1004 1374 rura,
1039 1311 1122 1375 quae
1152 1291 1327 1375 loquimur,
1360 1290 1415 1356 ubi
1446 1310 1581 1374 magnas
1610 1291 1710 1357 aedes
1735 1291 1770 1356 in
1793 1312 1852 1356 an-

197 1394 327 1477 egustis
352 1393 471 1460 finibus
493 1394 669 1460 conlocavi.
716 1394 768 1460 hic
790 1394 885 1460 dulce
907 1394 1006 1460 otium
1029 1432 1072 1441 -
1094 1395 1122 1461 si
1144 1394 1221 1479 quid
1243 1395 1363 1476 absque
1385 1400 1417 1459 te
1440 1393 1532 1459 dulce
1553 1401 1604 1459 est
1623 1431 1667 1440 —
1688 1394 1853 1479 paulisper

226 1497 402 1580 exegimus.
448 1517 533 1563 nunc
556 1497 696 1563 Vestalis
718 1496 794 1563 testi
814 1496 920 1581 gratia
942 1496 1071 1563 domum
1093 1504 1204 1580 repeto
1227 1496 1378 1577 incertus,
1405 1517 1595 1563 maneamne
1618 1517 1690 1562 cum
1713 1497 1848 1580 civibus,

225 1622 264 1664 an
295 1619 404 1665 rursus
432 1600 467 1666 in
496 1600 602 1666 vicina
631 1599 815 1666 concedam.
862 1607 897 1666 tu
927 1599 1005 1684 quid
1034 1620 1132 1684 agere
1162 1599 1319 1666 decernas
1340 1637 1385 1648 —
1406 1620 1481 1665 nam
1510 1606 1596 1666 certe
1621 1600 1706 1666 iusto
1728 1599 1891 1666 diutiust

225 1701 332 1768 aluisti
355 1742 409 1787 -‚
436 1704 539 1770 debeo
562 1722 765 1786 cognoscere.
810 1710 903 1768 vocat
924 1703 1008 1768 euim
1031 1710 1063 1769 te
1085 1704 1118 1767 in
1141 1702 1262 1769 curiam
1284 1710 1425 1770 nostram
1449 1703 1511 1769 diis
1533 1704 1717 1770 auctoribus
1739 1724 1853 1788 quam-

226 1808 358 1889 primum
390 1806 555 1872 candidati
584 1806 648 1872 mei
674 1805 873 1890 designatio,
907 1806 959 1871 cui
982 1827 1080 1890 supra
1101 1827 1212 1873 omncs
1235 1813 1421 1872 ornamento
1444 1807 1526 1887 eris,
1559 1807 1614 1891 qui
1635 1827 1695 1872 nos
1717 1808 1770 1872 vel
1793 1806 1852 1871 ad-

181 1909 355 1975 arduitatis
377 1910 429 1975 vel
452 1909 613 1976 amicitiae
637 1908 752 1975 officiis
774 1915 1015 1992 prosequentur.

800 2184 859 2249 LX
881 2183 1021 2265 [LVIIIIJ
1057 2191 1132 2249 aute
1147 2205 1177 2248 a.
1198 2188 1271 2249 395.

688 2320 948 2386 SYMMACHVS
970 2320 1189 2387 FLAVIANO
1211 2321 1380 2385 FRATRI.

308 2494 409 2559 Vacui
437 2492 525 2579 apud
548 2493 718 2577 Neapolim
749 2493 810 2558 soli
839 2492 924 2576 quod
955 2492 1033 2558 mibi
1063 2512 1105 2558 ex
1135 2501 1189 2558 tuo
1217 2492 1362 2575 adiacet,
1397 2501 1432 2558 ut
1460 2492 1560 2559 aedes
1586 2513 1687 2560 novas
1709 2494 1847 2577 molirer,

227 2603 425 2682 optaveram,
459 2603 494 2661 tu
522 2615 647 2661 mecum
677 2616 776 2681 opera
804 2597 984 2662 Lucullana
1012 2596 1157 2681 partiris,
1192 2602 1292 2662 etue
1322 2597 1518 2662 verecundia
1545 2597 1664 2664 refutet
1693 2597 1847 2679 oblatum,

183 2720 209 2760 m
226 2719 323 2782 negas
345 2702 394 2764 tui
414 2697 493 2763 iuris
516 2698 633 2779 videri,
668 2698 754 2783 quod
776 2718 836 2782 ego
859 2718 966 2764 meum
988 2698 1091 2764 fateor
1112 2719 1175 2764 non
1197 2697 1308 2764 fusse.
1356 2705 1484 2783 patere,
1519 2706 1554 2766 ut
1576 2701 1690 2766 saltem
1713 2701 1850 2784 gratiam

226 2801 282 2867 tibi
303 2801 452 2868 debeam.
491 2820 596 2884 neque
619 2801 704 2866 enim
727 2800 778 2866 las
801 2807 850 2867 est
871 2802 958 2867 mala
979 2800 1043 2867 fide
1066 2821 1116 2867 me
1139 2820 1339 2886 recuperare,
1365 2802 1450 2886 quod
1464 2822 1595 2888 possum
1611 2803 1696 2869 bona
1710 2822 1847 2869 sumere.

226 2905 325 2971 adicis
347 2911 515 2991 praeterea
537 2904 714 2988 lenocinia,
741 2904 857 2988 quibus
879 2905 1024 2971 morbum
1047 2904 1247 2971 fabricatoris
1270 2905 1398 2972 inritas:
1433 2905 1594 2988 geminam
1616 2906 1771 2992 porticum
1795 2911 1891 2971 so-2

225 3007 289 3073 lido
319 3015 352 3073 et
380 3008 562 3093 incorrupto
592 3027 688 3093 opere
716 3014 880 3073 curvatam
910 3008 1020 3074 multis
1048 3007 1083 3073 in
1113 3008 1347 3092 longitudinem
1371 3008 1520 3093 passibus
1542 3008 1712 3095 explicari;
1746 3008 1852 3074 vicina

225 3130 304 3193 esse,
324 3130 408 3194 quae
422 3117 581 3195 construo,
600 3117 633 3175 et
647 3131 745 3196 parvo
761 3109 994 3176 aedificationis
1010 3111 1148 3195 negotio,
1175 3110 1261 3194 quod
1274 3111 1457 3195 intervenit,
1483 3131 1578 3197 posse
1593 3112 1729 3179 misceri.
1773 3112 1852 3196 quid

181 3234 207 3277 ro
225 3213 352 3280 laboras
374 3212 547 3279 adversum
570 3213 796 3298 verecundiam
819 3220 946 3280 meam?
983 3235 1043 3298 ego
1067 3235 1194 3299 quoque
1216 3214 1319 3298 facio,
1351 3214 1437 3297 quod
1460 3234 1608 3282 recusas:
1641 3223 1753 3299 gratus
1780 3236 1850 3281 sum

225 3316 346 3382 muneri
368 3324 431 3381 tuo.
480 3316 539 3385 sed
568 3336 680 3382 vereor
709 3338 750 3383 ue
780 3317 951 3383 accedente
980 3323 1127 3402 sumpta,
1161 3317 1237 3383 dum
1267 3324 1377 3384 vetera
1406 3319 1497 3383 noris
1527 3319 1658 3384 nitimur
1679 3319 1846 3399 aemulari,

224 3420 409 3502 intellegam
434 3419 609 3485 maturate
631 3419 716 3484 velle
739 3420 923 3502 concedere,
951 3440 1046 3503 quam
1069 3441 1121 3485 me
1144 3439 1240 3506 posse
1263 3441 1423 3505 reparare.

820 3694 897 3760 LXI
917 3694 994 3780 (LX)
1030 3703 1104 3761 ante
1121 3716 1152 3761 a.
1173 3699 1248 3761 395.

687 3831 948 3897 SYMMAchS
971 3832 1189 3899 FLAVIANO
1212 3833 1381 3898 FRATRI.

177 4027 205 4069 a
307 4004 349 4069 [tt
371 4004 501 4070 babitus
523 4009 556 4070 et
578 4003 676 4069 erinis
698 4002 816 4069 iudicio
843 4005 913 4087 [est]
940 4004 1170 4090 Serapammon
1193 4005 1370 4072 litterarum
1389 4005 1537 4091 peritiam
1552 4005 1731 4091 pollicetur,
1759 4006 1850 4071 culus

223 4108 249 4173 sl
272 4128 307 4174 se
330 4107 529 4173 meminisset
550 4114 703 4189 exortem,
730 4127 904 4190 numquam
927 4107 1127 4194 philosophis
1143 4116 1368 4193 congruentem
1385 4110 1575 4195 sumpsisset
1589 4115 1748 4175 ornatum.
1792 4110 1851 4176 sed

224 4210 262 4275 de
284 4210 346 4276 hoo
368 4216 477 4276 vestra
498 4211 679 4277 aestimatio
701 4210 753 4293 sit,
780 4210 835 4294 qui
856 4210 969 4275 talium
993 4231 1097 4276 rerum
1120 4212 1313 4297 profitemini
1334 4213 1507 4279 notionem.
1547 4214 1625 4279 mibi
1647 4213 1760 4297 religio
1776 4211 1847 4295 fuit,

223 4332 284 4377 nou
306 4331 427 4394 negare
450 4313 549 4378 verba
572 4312 727 4398 poscenti.
774 4312 874 4380 facies
902 4334 968 4379 rem
992 4335 1114 4379 morum
1137 4323 1278 4397 tuorum,
1312 4315 1339 4379 si
1362 4336 1422 4401 ope
1445 4324 1541 4399 atque
1564 4316 1762 4382 humanitate
1785 4314 1850 4381 for-

224 4422 330 4480 tunam
353 4416 588 4499 peregrinautls
610 4414 785 4481 adiuveris.

179 4715 206 4755 a
852 4692 943 4756 nxu
964 4670 1058 4777 (uxr)
1093 4713 1124 4757 a.
1144 4695 1217 4758 ooo.

688 4827 949 4895 srnnnouvs
972 4829 1189 4895 uuuvmuo
1211 4831 1382 4896 saluar.

306 5002 479 5085 Postquam
503 5000 685 5067 Gaudentio
713 5001 895 5086 apparatori
917 5006 971 5066 tuo
994 5001 1131 5067 iudicem
1154 5001 1276 5087 peracti
1298 5023 1319 5067 a
1340 5022 1392 5069 me
1413 5002 1538 5069 itineris
1561 5004 1732 5089 epistulam
1756 5002 1844 5087 dedi,

223 5124 322 5187 agens
350 5104 384 5169 in
414 5105 510 5171 rebus
540 5104 618 5170 mihi
649 5104 831 5189 adportavit
858 5123 966 5170 sacras
993 5104 1117 5171 litteras
1140 5105 1210 5191 spei
1232 5113 1265 5172 et
1286 5105 1446 5172 desiderio
1469 5114 1697 5191 congruentes,
1731 5107 1847 5190 quibus

215 5194 481 5221 Ἣ

305 5379 419 5450 ducati]
436 5384 543 5446 Iuratus,
565 5381 605 5432 nn
624 5381 646 5430 P
748 5383 805 5433 bel
823 5386 883 5447 quid
902 5385 995 5447 absque
1014 5383 1131 5433 teduine
1149 5381 1198 5450 est]
1217 5381 1315 5447 Gnate,
1336 5386 1357 5433 si
1376 5387 1434 5447 quis
1452 5390 1527 5447 atquo
1545 5390 1571 5433 ta
1590 5384 1670 5434 dulcis
1688 5391 1728 5434 est
1744 5384 1768 5432 P

308 5466 751 5536 ltuucurrans]‹b,1ucuuunar
904 5467 1015 5538 partiris]
1033 5472 1172 5533 Sclopplas,
1194 5474 1300 5535 partitos
1319 5470 1367 5519 ΡΦ
1524 5467 1751 5536 ramulanae,
1778 5478 1805 5520 tu
1825 5471 1848 5518 P

225 5555 252 5604 ll
271 5557 429 5605 lebrlcaturls
447 5553 481 5617 Φ,
502 5557 668 5605 tabrlmturus
687 5553 714 5603 Γ
814 5554 845 5605 18
863 5553 991 5622 passlbus]
1008 5557 1147 5619 Scioppius,
1170 5557 1326 5620 partibusP
1428 5556 1457 5607 21
1480 5553 1535 5624 tuo]
1552 5564 1579 5606 tu
1599 5557 1622 5604 P
1724 5558 1845 5605 accedeu-

222 5648 270 5690 tem
290 5641 459 5705 sumptumP

306 5726 339 5777 25
357 5734 387 5776 ut
403 5729 504 5777 babitus
524 5726 568 5791 (Γ)
675 5731 715 5775 out
731 5728 793 5776 delet
812 5730 910 5777 Iuratus
1014 5728 1047 5779 28
1066 5743 1115 5777 non
1134 5729 1197 5777 delet
1214 5730 1303 5777 Gruter
1405 5732 1502 5779 taciens
1521 5729 1544 5776 P

306 5813 339 5865 32
356 5809 478 5881 indicem]
498 5813 602 5875 Lectius,
623 5815 734 5863 luulcem
755 5814 778 5861 P
