4686 6472
844 448 892 502 DE
912 449 1108 505 sunuacfll
1127 451 1230 506 VITA.
1746 454 1855 517 XLIII

222 673 318 756 igitur
348 692 450 756 agens
481 677 618 737 oninium
648 676 757 736 litteris
787 675 957 753 excolebat,
990 695 1124 756 quarum
1146 675 1402 740 lucubrationum
1425 676 1601 760 specimina
1623 676 1763 743 reddunt
1786 678 1855 760 epi-

224 802 402 877 grammata
424 794 483 858 illa
510 794 535 877 (Ι
559 795 587 875 2)
616 793 736 877 frigida
759 801 791 859 et
812 793 936 875 ieiuna,
963 795 1023 861 sed
1045 804 1214 881 propterea
1236 816 1298 860 non
1322 798 1537 881 aspamanda,
1563 798 1640 880 quia
1663 804 1850 878 monstrant,

224 916 380 999 quantilla
409 915 595 999 eloquentia
623 914 866 980 admirationem
897 917 1018 982 saeculi
1045 917 1135 982 illius
1164 937 1292 982 movere
1323 917 1470 1002 potuerit.
1518 919 1614 1002 paulo
1644 925 1753 983 autem
1780 927 1853 1003 post

225 1036 408 1119 Symmachi
438 1035 618 1102 discessum
647 1035 740 1120 plebs
771 1035 843 1120 ipsa
873 1037 1069 1120 paenitentia
1097 1044 1255 1103 mmmota
1282 1057 1419 1121 poenam
1448 1038 1482 1103 in
1511 1038 1679 1104 seditionis
1707 1046 1854 1104 auctores

224 1156 367 1241 poposcit
375 1160 411 1237 16)
446 1164 478 1221 et
508 1162 640 1220 senatus
663 1156 819 1221 offensam
841 1155 960 1222 honore
982 1157 1165 1240 reparavit,
1197 1157 1252 1240 qui
1274 1178 1448 1240 numquam
1470 1164 1545 1224 ante
1569 1158 1693 1242 privato
1716 1159 1854 1223 tributus

225 1283 320 1357 esset,
346 1275 470 1342 scilicet
491 1283 526 1341 ut
549 1276 711 1358 legatione
735 1275 778 1341 ad
801 1276 1029 1360 Symmachum
1051 1277 1152 1342 missa
1172 1277 1311 1343 reditum
1335 1279 1405 1343 eius
1428 1286 1585 1362 posceret.
1633 1279 1684 1344 cui
1707 1279 1851 1364 petitioni

226 1400 395 1464 obsecutus
419 1396 569 1462 kalendis
591 1396 750 1462 Ianuariis
773 1418 805 1461 a.
831 1398 893 1459 316
904 1400 941 1479 97)
967 1396 1108 1463 oratioue
1131 1398 1164 1462 in
1187 1406 1302 1464 senatu
1325 1399 1457 1464 recitata
1478 1398 1616 1464 decretis
1639 1399 1710 1465 eius
1732 1401 1855 1483 gratias

229 1519 303 1602 egit,
328 1518 445 1607 quibus
468 1517 500 1582 d.
527 1522 547 1581 9
571 1518 640 1582 lan.
668 1517 764 1599 lilius,
790 1538 862 1582 cum
886 1539 943 1601 pro
966 1518 1120 1601 Trygetio
1142 1518 1273 1599 diceret,
1301 1540 1378 1585 suas
1400 1519 1548 1585 adiunxit
1575 1530 1614 1603 (ν.
1641 1542 1673 1605 p.
1699 1522 1770 1603 Vl).

310 1639 379 1704 Iam
409 1660 450 1703 eu
480 1639 529 1704 eis
551 1638 739 1721 Symmachi
769 1638 900 1703 minoris
929 1638 1060 1719 litteris,
1095 1639 1210 1723 quihus
1233 1639 1351 1722 Agorio
1374 1641 1579 1706 Praetextato
1605 1642 1779 1706 orationem
1803 1663 1860 1726 pro

229 1760 380 1845 Trygetio
403 1759 551 1825 laudanti
573 1757 764 1843 respondet,
798 1758 895 1823 facile
917 1758 1132 1841 intellegitur,
1165 1760 1350 1844 praeparari
1373 1760 1512 1843 aliquid,
1538 1760 1623 1844 quod
1644 1782 1755 1826 omnes
1777 1763 1860 1827 ami·

227 1901 330 1947 corum
361 1881 448 1945 vires
477 1880 510 1945 in
541 1885 656 1944 senatu
685 1877 826 1961 requirat
836 1882 887 1958 98).
935 1900 1008 1943 mox
1039 1898 1091 1944 res
1120 1880 1235 1964 patuit.
1284 1880 1361 1945 ordo
1389 1880 1474 1946 enim
1501 1881 1720 1965 amplissimus
1744 1881 1861 1965 legatis

227 2002 268 2067 ad
291 2001 480 2067 Gratianum
510 2000 618 2065 missis
642 2000 841 2065 consulatum
865 1999 1002 2064 Avianio
1025 2000 1219 2083 Symmacho
1250 2001 1343 2086 petiit
1370 2009 1402 2067 et
1430 2002 1627 2086 impetravit,
1663 2024 1727 2085 qua
1757 2002 1798 2068 de
1825 2023 1860 2068 re

226 2131 297 2208 post
319 2123 421 2207 patris
444 2122 617 2187 orationem
641 2119 727 2185 dlius
749 2140 875 2203 quoque
897 2139 969 2185 eam
992 2119 1115 2201 hahuit,
1142 2141 1225 2204 quae
1245 2144 1304 2205 pra
1325 2133 1415 2205 fratrc
1437 2122 1631 2188 inscribitur.

311 2244 392 2309 Cum
416 2241 603 2325 Symmachi
625 2260 741 2306 nomen
763 2240 797 2305 in
820 2239 914 2305 fastis
937 2261 999 2304 nou
1023 2240 1228 2322 inveniretur,
1263 2243 1409 2326 plerique
1439 2241 1661 2326 crediderunt,
1694 2246 1860 2310 consulem

226 2385 298 2430 eum
329 2364 498 2428 suffectum
525 2360 644 2437 fuisse;
678 2360 761 2444 quod
785 2361 813 2425 si
836 2361 926 2425 nulla
948 2360 1013 2424 alia
1035 2381 1085 2441 re,
1120 2362 1218 2428 nimio
1241 2362 1361 2446 gaudio
1382 2362 1546 2445 nimiaque
1568 2364 1782 2446 gratulatione
1804 2365 1863 2430 filii

226 2484 395 2550 refellitur.
442 2503 517 2547 nam
540 2482 725 2547 consulatus
749 2501 892 2546 summus
915 2481 1017 2546 honor
1039 2489 1169 2566 propter
1192 2502 1262 2547 eam
1280 2484 1381 2548 solam
1398 2482 1553 2549 rationem
1569 2484 1759 2567 habebatur,
1786 2488 1864 2568 quia

225 2625 343 2670 nomeu
365 2604 458 2669 fastis
480 2604 634 2669 insertum
658 2609 823 2668 aeternum
846 2602 997 2667 manebat
1006 2606 1057 2683 ⁰⁹),
1085 2611 1117 2667 et
1140 2604 1303 2683 suffectus,
1330 2603 1385 2687 qui
1409 2605 1539 2670 saeculo
1562 2612 1675 2687 quarto
1690 2605 1751 2670 hac
1767 2627 1862 2690 prae-

226 2726 373 2809 rogativa
395 2725 542 2805 carebat,
577 2732 642 2789 tam
666 2724 758 2809 parvi
781 2722 1023 2804 aestimabatur,
1056 2730 1092 2788 ut
1113 2744 1153 2788 uc
1175 2723 1209 2788 in
1231 2724 1494 2807 inscriptionibus
1516 2725 1646 2809 quidem
1670 2747 1863 2792 commemo-

225 2854 314 2912 ratus
336 2846 379 2911 sit
400 2845 464 2910 nisi
487 2845 553 2927 eis,
587 2866 672 2928 quae
694 2866 758 2909 non
781 2844 884 2910 solum
907 2843 1062 2923 honores,
1090 2842 1268 2908 sedetiam
1291 2865 1425 2910 munera
1448 2846 1627 2927 senatoria,
1655 2855 1861 2930 quaesturam

226 2974 259 3032 et
281 2971 475 3052 praeturam,
501 2974 670 3032 recensent
681 2968 745 3047 111).
793 2965 827 3029 in
849 2971 896 3030 tot
917 2963 1065 3048 epistulis
1088 2963 1276 3048 Symmachi
1298 2984 1339 3029 ne
1363 2985 1427 3029 una
1449 2965 1579 3047 quidem
1602 2967 1770 3051 reperitur,
1797 2988 1862 3049 qua

228 3266 298 3326 puli,
324 3265 368 3324 qul
387 3264 459 3311 vanis
478 3263 619 3310 rumoribus
638 3268 777 3311 commotus
794 3263 895 3310 domum
913 3262 1087 3323 incenderat),
1114 3267 1137 3310 ct
1156 3276 1204 3323 quo
1221 3264 1309 3311 rudior
1325 3261 1359 3308 ad
1377 3276 1420 3308 vos
1437 3261 1539 3325 rediret,
1560 3278 1676 3312 curamm
1694 3279 1786 3313 οσουιιι
1804 3270 1861 3315 uut-

229 3367 299 3399 mum
317 3351 406 3397 littoris
424 3348 555 3397 enecabat.
594 3349 636 3396 rut
653 3350 697 3396 hoc
715 3347 775 3396 ordo
793 3350 960 3409 amplissimus
978 3348 1022 3396 dtu
1039 3362 1090 3396 nou
1108 3349 1181 3396 tultt:
1205 3350 1289 3396 rtatim
1307 3350 1377 3409 quasi
1395 3362 1424 3395 cs
1442 3349 1532 3409 leupo,
1558 3355 1585 3397 ut
1603 3350 1681 3398 redire
1699 3352 1784 3412 ardet,
1805 3368 1862 3401 ora-

227 3442 270 3487 stis
288 3463 324 3472 -
342 3438 448 3485 tuuistis
471 3438 551 3484 mutui
575 3435 668 3497 ὤσειν,
693 3450 753 3484 raom
776 3439 876 3483 unctus
898 3450 956 3483 cum
971 3437 1050 3496 petit,
1077 3436 1243 3483 vehementius
1257 3436 1389 3496 praecipit,
1425 3449 1517 3495 parum
1533 3436 1577 3483 hoe
1595 3436 1761 3495 deserratibus
1778 3441 1861 3487 ouum

228 3530 276 3572 ut:
296 3523 447 3585 adloquantur
464 3520 498 3569 ad
515 3535 572 3568 cum
589 3535 645 3569 cum
661 3524 749 3582 primis
767 3521 859 3568 nubila
877 3524 925 3568 oiri
942 3520 1086 3569 administri
1103 3525 1126 3569 rt
1145 3523 1292 3569 internuntii
1307 3519 1420 3580 pubtlcue
1438 3523 1583 3570 voluntatis.

316 3608 361 3671 96)
382 3608 425 3671 65,
447 3605 463 3656 8
482 3609 509 3655 iu
527 3607 616 3657 bonam
631 3612 728 3670 partem
744 3607 812 3668 plebs
829 3613 915 3655 nostra
932 3610 1030 3654 mutata
1047 3611 1093 3668 ort,
1123 3607 1184 3655 adeo
1200 3611 1229 3655 ut
1246 3608 1337 3667 tupiter
1353 3606 1521 3655 seditiosorum
1537 3622 1618 3667 parua
1634 3612 1752 3668 poscatur
1769 3614 1791 3655 rt
1810 3612 1862 3656 tam

226 3702 293 3757 terga
311 3694 424 3744 deduiut
443 3696 580 3744 insolentes.

312 3781 357 3843 91)
377 3780 421 3843 23,
440 3782 466 3830 2.
1183 3830 1189 3842 ,

313 3869 355 3930 98)
378 3868 421 3931 26,
443 3868 458 3918 8
483 3867 541 3931 quid
564 3871 585 3915 si
608 3867 732 3927 adfuisses
759 3868 822 3929 (scil.
842 3870 870 3915 in
890 3873 994 3927 senatu,
1021 3880 1078 3914 cum
1096 3867 1174 3914 oratio
1192 3881 1236 3931 pro
1255 3867 1371 3926 Trygetio
1390 3867 1475 3914 habits
1493 3870 1541 3927 est)
1564 3873 1614 3915 tarn
1632 3868 1709 3915 bouus
1727 3870 1862 3915 uotuutotr's

228 3957 343 4005 auditor?
369 3971 400 4003 ιιι
418 3970 461 4016 rao
479 3956 573 4015 digito,
597 3961 627 4002 ut
645 3958 729 4015 uiuat,
757 3968 971 4015 superarcanae
989 3956 1136 4013 ursatium!
1164 3955 1225 4000 ortt
1243 3953 1326 4000 altar
1344 3953 1487 4013 sortasse
1505 3953 1594 4002 uobis
1612 3957 1755 4014 optatior
1771 3968 1862 4014 pras-

228 4045 349 4090 seutiac
368 4047 439 4089 tuae
457 4044 558 4101 copia.

311 4128 355 4189 99)
375 4130 471 4177 Ausou.
492 4135 554 4189 grat.
575 4133 623 4176 tot.
644 4126 670 4188 1,
684 4125 717 4175 32
735 4128 767 4174 de
785 4128 916 4175 consulatu
936 4127 1082 4174 Frontonis:
1104 4126 1146 4173 scd
1158 4127 1303 4174 consuimus
1316 4127 1358 4174 ille
1370 4125 1529 4173 ruiuunodr’?
1547 4124 1673 4174 ordinario
1687 4127 1804 4189 suffectus
1814 4154 1858 4187 —,

229 4215 393 4277 quaerendum
417 4220 446 4262 ut
463 4216 588 4276 reliquerit
606 4219 690 4262 tantm
708 4219 803 4273 orator,
833 4213 921 4275 quibus
938 4212 1080 4263 consulibus
1097 4214 1198 4273 cesserit
1215 4212 1377 4260 consulatum.
1417 4212 1506 4260 Libra.
1527 4213 1555 4259 iu
1574 4213 1623 4261 Iul.
1644 4226 1712 4260 cons.
1733 4214 1744 4259 l
1762 4228 1789 4276 p.
1811 4212 1861 4262 369

228 4293 283 4351 ὥστ’
305 4296 364 4352 abrs
390 4297 489 4366 λιθίνην
515 4295 573 4350 οὔτε
595 4294 698 4368 χαλκῆν
723 4292 777 4349 οὔτ’
799 4295 978 4369 ὀρειχαλκίνην
1003 4294 1059 4348 ἀλλ’
1078 4294 1131 4348 οὐδ’
1150 4296 1176 4357 ἐξ
1199 4294 1345 4363 ἀδάμαντος
1369 4294 1466 4364 στήλην
1484 4294 1601 4364 εὑρήσεις
1620 4296 1796 4365 μονιμωτέρον
1815 4303 1862 4365 τῆς

229 4387 345 4455 μνήμης,
373 4384 405 4453 ἢν
428 4384 499 4436 τουτὶ
516 4385 544 4436 rh
561 4382 640 4436 καλὸν
657 4385 695 4453 τῷ
711 4383 816 4455 τυχόντι
835 4382 946 4452 βεβαιοῖ.
983 4387 1067 4434 κεῖται
1085 4382 1132 4453 γὰρ
1151 4382 1198 4434 οὐκ
1217 4381 1243 4433 ἐν
1263 4382 1308 4450 μιᾷ
1325 4399 1373 4433 τινι
1392 4379 1481 4445 πόλει,
1506 4380 1624 4450 καθάπερ
1642 4377 1780 4453 Ἀθήνῃσιν
1798 4376 1862 4455 Ἀρ·

229 4472 306 4540 μοδΙῳ
324 4472 369 4523 καὶ
386 4468 591 4541 Ἀριστογείτονι,
611 4472 644 4540 τῇ
662 4476 710 4539 τῆς
729 4469 828 4528 πόλεως
847 4468 1014 4537 ὑποκείμενον
1032 4468 1099 4541 τύχῃ
1117 4468 1161 4520 καὶ
1181 4467 1246 4535 μετὰ
1263 4466 1358 4536 τα6τπς
1378 4467 1523 4535 σωζόμενον
1541 4485 1568 4519 τε
1587 4469 1631 4519 καὶ
1649 4468 1861 4539 διαφθειρόμενον

229 4588 260 4597 ·-
275 4558 358 4611 καίτοι
381 4556 482 4615 πόλεως
506 4556 620 4626 ἑστώσης
643 4555 768 4614 πολλάκις
792 4556 818 4608 orl
841 4556 936 4626 γραφαὶ
960 4564 1011 4607 τῶν
1035 4554 1136 4625 στηλῶν
1161 4559 1321 4624 προαπεῖπον
1340 4584 1389 4617 -,
1416 4552 1472 4605 ἀλλ’
1491 4553 1555 4624 αὕτη
1574 4573 1602 4625 γε
1621 4556 1664 4607 καὶ
1680 4554 1861 4623 κατακλυσμὸν

227 4646 268 4697 καὶ
284 4647 332 4715 τὴν
352 4644 383 4697 ἐκ
401 4644 481 4712 πυρδς
498 4643 529 4695 ἂν
547 4642 665 4713 διαφύγοι
684 4642 825 4714 διαφθορὰν
845 4642 909 4711 μετὰ
926 4651 977 4695 τῶν
997 4644 1083 4694 ἐκεῖνα
1102 4642 1288 4712 creatuturas
1307 4639 1461 4711 ἀνθρώπων,
1482 4640 1526 4698 οὓς
1545 4642 1571 4692 ul
1588 4649 1639 4693 τῶν
1657 4642 1744 4694 τόπων
1759 4641 1861 4709 ῥύονται
1925 4654 1926 4658 ’

229 4730 325 4800 pissas
352 4721 401 4800 κᾷν
424 4729 456 4782 τὰ
478 4729 555 4782 πεδία
572 4728 675 4800 γένηται
693 4729 818 4800 πέλοι-(ος,
844 4727 869 4781 οἵ
887 4725 910 4799 γ’
932 4730 958 4781 ἐν
977 4727 1112 4786 σκοπέλοις
1130 4729 1258 4785 οἰκοῦντες
1275 4725 1293 4795 ἢ
1312 4725 1400 4785 πόλεις
1417 4726 1435 4793 ἢ
1454 4730 1544 4796 κώμας
1562 4727 1679 4798 ἔχουσιν,
1700 4728 1726 4778 ἐν
1745 4727 1785 4786 οἷς
1805 4730 1857 4796 μά-

228 4815 295 4869 λιστα
320 4815 476 4888 φυλάττουσι
498 4814 612 4884 τοῦνομα
629 4816 673 4867 καὶ
691 4815 817 4867 διδάσκειν
835 4816 894 4874 τοὺς
913 4815 999 4867 ἔπειτα
1017 4814 1144 4867 δύνανται.
1170 4844 1204 4852 -
1226 4812 1249 4865 τί
1267 4814 1314 4884 γὰρ
1332 4811 1362 4864 ἂν
1380 4812 1483 4883 γένηται
1502 4813 1651 4884 σεμνότερον
1669 4813 1687 4883 ἢ
1705 4816 1752 4884 τὴν
1771 4815 1859 4866 οἰκου-

230 4902 304 4974 μένην
324 4901 424 4955 ἅπασαν
442 4900 517 4970 ἡλίου
537 4900 610 4971 δίκην
631 4899 732 4975 ἐπέχειν
750 4904 784 4973 τῇ
801 4902 974 4973 upana-popli„
1001 4903 1123 4952 Prudcut.
1144 4908 1221 4950 contr.
1244 4901 1337 4960 Symm.
1358 4903 1370 4948 Ι
1389 4900 1438 4950 596
1462 4903 1635 4964 fastorumque
1654 4917 1708 4950 urar
1725 4905 1797 4963 potiti
1815 4917 1861 4949 ars·

195 5021 200 5027 ·
229 4994 295 5040 uates
311 4994 411 5054 proprio
429 4994 553 5051 ripuariut
569 4994 668 5039 uomina
684 4991 781 5039 chartus
799 4997 872 5052 atquc
891 4993 954 5038 iuter
971 4995 1061 5038 veura
1078 5003 1133 5037 cero
1151 4993 1309 5037 numeremur
1327 4993 1350 5035 ct
1367 5002 1432 5035 aare.
1470 4990 1566 5037 huson.
1582 4988 1617 5035 Vl
1635 4988 1651 5037 6
1670 4989 1747 5036 &aar
1766 5014 1800 5023 —
1818 4988 1861 5035 boc

231 5082 307 5139 cupite
325 5080 430 5126 artemis
447 5080 531 5137 siyuoi
548 5092 595 5125 sua
613 5081 722 5137 tempora
739 5076 822 5137 sustu.
860 5073 1101 5126 (1161111699
1120 5076 1207 5123 consul
1224 5079 1247 5122 ct
1265 5080 1363 5122 οιιιπιο
1381 5074 1504 5123 desuevit
1522 5077 1621 5123 nomiae
1639 5074 1725 5133 fastos.
1761 5074 1857 5132 Kaibel,

231 5167 305 5226 epigr.
325 5179 406 5226 grace.
427 5163 478 5213 919
498 5160 578 5223 δέξατ’
595 5160 690 5214 uteru
709 5160 812 5214 ὑπάτων
830 5160 943 5233 [λάχος].

314 5251 372 5312 199)
393 5253 423 5298 lu
448 5251 532 5299 titulis
556 5250 670 5298 Memmii
695 5250 801 5298 Vitrasii
826 5251 900 5299 orari
918 5250 946 5298 C.
967 5251 987 5298 l.
1009 5250 1038 5296 1..
1061 5250 1095 5296 Vl
1116 5246 1286 5296 1139-1142
1310 5248 1415 5306 camuli,
1441 5250 1558 5306 portori,
1587 5248 1707 5307 quaestori
1725 5244 1860 5293 kandidato

232 5352 327 5400 semper
346 5338 435 5386 ultimo
451 5337 504 5385 loco
522 5344 579 5398 post
595 5350 682 5385 omncs
700 5337 806 5385 honoros
824 5337 968 5385 collocatum
987 5342 1037 5394 σοι,
1059 5336 1087 5382 ln
1106 5336 1183 5382 alters
1201 5334 1333 5381 Vincentil
1352 5333 1456 5393 Ragonll
1474 5332 1541 5382 Celsi
1560 5334 1723 5394 inscriptione
1742 5332 1769 5379 C.
1789 5331 1808 5377 1.
1827 5331 1855 5379 L.

234 5422 295 5473 1169
313 5428 443 5484 quaestor,
462 5428 561 5484 praeta
578 5425 747 5483 triumphalis,
774 5424 859 5471 consul
877 5425 950 5470 iuxta
967 5427 1112 5484 portantur,
1135 5422 1162 5468 lu
1181 5421 1259 5467 ultera
1279 5418 1344 5468 1159
1362 5434 1418 5467 cum
1438 5425 1574 5481 quaestura
1592 5426 1617 5465 et
1635 5424 1751 5480 practura
1769 5431 1860 5465 consu·

232 5508 295 5558 latus
318 5523 417 5572 quoque
439 5510 574 5558 omittitur.
611 5516 710 5570 practer
732 5509 777 5557 hos
801 5511 899 5556 nullum
923 5510 981 5556 nori
999 5508 1126 5569 lapidem,
1153 5508 1196 5569 qui
1215 5507 1372 5554 consulatum
1390 5507 1525 5554 suttectum
1542 5513 1599 5566 post
1618 5504 1777 5551 Οοιιιτιιιῑίιιί
1796 5510 1860 5551 tem-

233 5608 288 5655 pors
304 5602 403 5656 gestum
423 5603 613 5657 commemoret,
641 5610 698 5643 nam
716 5595 744 5644 0.
765 5597 785 5645 Ι.
808 5598 837 5644 L.
857 5597 895 5643 VI
915 5594 981 5645 1112
999 5597 1095 5643 roasrslt
1113 5608 1195 5642 errore
1213 5593 1366 5655 quadrataril
1384 5593 1552 5653 proconsulis
1571 5592 1693 5651 scriptum
1712 5603 1766 5637 esse
1786 5590 1859 5640 docet

234 5678 306 5740 1168,
326 5683 355 5731 L.
377 5684 484 5732 Turcius
505 5682 637 5732 Secundus
656 5690 753 5745 sutem,
774 5683 804 5731 ud
823 5696 898 5744 quem
916 5682 961 5730 hac
978 5683 1086 5730 lectione
1105 5688 1206 5743 recepta
1224 5680 1368 5729 consulatus
1387 5678 1532 5727 referendos
1550 5683 1599 5737 est,
1619 5677 1719 5724 saeculo
1737 5678 1786 5724 iam
1807 5683 1860 5724 ter-

232 5768 265 5815 tio
288 5775 331 5816 snt
353 5770 443 5831 prlmis
468 5771 552 5830 quarti
575 5772 649 5817 snuls
673 5772 753 5818 fasces
771 5770 888 5831 sumpsit.
927 5770 1004 5816 etiam
1021 5768 1058 5816 bis
1076 5769 1162 5816 consul
1179 5769 1215 5815 iu
1232 5767 1354 5829 positum,
1380 5771 1409 5813 ut
1426 5764 1572 5813 consulatus
1591 5764 1656 5826 prior
1674 5766 1796 5812 suffectus
1814 5765 1858 5825 sit,

1616 5863 1649 5917 s„
