4746 6472
381 997 488 1058 VMII

1104 495 1302 553 SYIIIIAOIH
1319 495 1530 552 EPISTVLAE

1098 859 1158 923 mr
1184 857 1376 939 (xxxxvn
1411 880 1441 924 a.
1461 861 1547 923 orer
1757 936 1761 939 ,

916 994 1183 1097 1ειιιιιιιιιιιιιε
1205 995 1367 1062 roomo
1391 995 1718 1062 Pnunnnxrxno.

593 1164 775 1231 Orationem
806 1186 911 1231 meam
939 1165 999 1232 tibi
1027 1185 1100 1232 esse
1130 1166 1341 1251 conplacitam
1371 1165 1472 1232 nihilo
1502 1168 1603 1234 setius
1631 1168 1775 1252 gaudeo,
1815 1188 1911 1252 quam
1947 1168 2033 1251 qnod
2063 1189 2133 1234 eam

508 1268 650 1334 secunda
672 1268 907 1334 existimatione
929 1289 1005 1355 pars
1028 1270 1141 1336 melior
1158 1269 1291 1335 humani
1305 1270 1434 1354 generis
1450 1278 1582 1336 senatus
1597 1269 1733 1336 audivit.
1779 1270 1928 1337 adfecisti
1943 1271 2134 1337 sacramenti

507 1372 632 1457 pondus
654 1372 742 1437 etin
764 1372 849 1437 bona
870 1373 969 1437 verba
990 1373 1113 1456 iurasti,
1139 1381 1174 1439 ut
1195 1373 1251 1456 qui
1272 1373 1371 1439 scires
1393 1373 1427 1438 in
1449 1374 1662 1459 suspicionem
1685 1373 1809 1458 gratiae
1831 1373 1941 1440 venire
1956 1373 2169 1438 amantinms

507 1475 661 1541 iudicata.
708 1495 783 1539 uam
806 1475 861 1540 ubi
884 1483 972 1541 certa
993 1482 1043 1542 est
1064 1476 1215 1558 amicitia,
1239 1476 1286 1541 ibi
1308 1476 1389 1541 fides
1404 1476 1512 1542 laudis
1526 1477 1687 1542 incertior.
1735 1496 1812 1559 ergo
1831 1495 1962 1542 securus
1976 1476 2136 1542 examinis

381 1580 493 1643 PVM
510 1578 557 1644 tui
577 1577 658 1643 nihil
680 1597 784 1643 moror
805 1577 981 1643 sententias
1003 1584 1191 1644 ceterorum.
1228 1577 1306 1662 quid
1327 1579 1357 1644 si
1379 1577 1541 1645 adfuisses
1560 1578 1565 1666 Ι
1584 1586 1649 1645 tam
1672 1580 1775 1645 bonae
1797 1579 1973 1646 voluntatis
1988 1578 2137 1644 auditori

468 2973 488 3033 2

507 1701 548 1746 ne
571 1700 632 1762 ego
655 1679 773 1764 digito,
800 1686 835 1745 ut
855 1681 962 1762 aiunt,
989 1699 1105 1766 supera
1127 1701 1272 1747 convexa
1293 1681 1483 1764 tetigissem.
1531 1681 1593 1747 erit
1619 1681 1702 1747 alias
1724 1683 1861 1747 fortasse
1882 1681 1976 1746 uobis
1997 1680 2138 1765 optatior

507 1784 712 1870 praesentiae
733 1792 808 1850 tuae
830 1784 932 1869 copia.
979 1804 1064 1850 nuuc
1084 1783 1268 1851 testimonio
1290 1785 1448 1870 epistulae
1462 1792 1539 1850 tuae
1554 1784 1700 1868 fruimur,
1726 1792 1802 1850 tunc
1815 1783 2000 1850 adiumento
2015 1784 2137 1850 favoris

508 1895 643 1954 utemur.
690 1888 776 1953 vale.

1042 2248 1118 2313 LIII
1137 2247 1348 2332 [XXXXVIII
1382 2254 1458 2314 ante
1472 2269 1504 2313 a.
1523 2250 1598 2313 385.

920 2385 1181 2452 SYMMACHVS
1202 2385 1364 2452 secale
1390 2384 1718 2453 ΡΒΑΕΤΕΧΤΑΤΟ.

593 2557 665 2624 Otio
688 2565 720 2624 et
741 2558 910 2624 venatibus
932 2558 1082 2641 gloriare.
1129 2565 1179 2623 est
1200 2557 1281 2625 haee
1310 2557 1439 2642 quidem
1468 2557 1609 2625 iucunda
1636 2558 1766 2624 iactatio
1795 2557 1853 2641 sed
1883 2556 1959 2623 ludo
1986 2557 2092 2640 magis
2114 2578 2136 2622 a

508 2669 539 2727 te
568 2663 693 2747 prolata
722 2682 818 2745 quam
847 2661 942 2727 serio.
993 2681 1068 2726 nam
1098 2660 1233 2726 remissa
1260 2668 1405 2745 tempora
1433 2669 1466 2727 et
1494 2663 1536 2727 ab
1563 2661 1701 2744 negotiis
1729 2662 1870 2746 publicIs
1898 2660 2015 2727 feriata
2043 2660 2135 2727 libris

508 2772 651 2830 veterum
674 2763 873 2830 ruminandis
896 2764 1033 2830 libenter
1055 2764 1222 2849 expendis.
1270 2764 1345 2829 aliis
1367 2764 1466 2847 igitur
1488 2764 1580 2830 dabis
1602 2765 1711 2847 verba,
1740 2764 1796 2848 qui
1817 2771 1850 2829 te
1872 2783 2047 2848 congressu
2068 2763 2135 2847 pri-

507 2888 596 2933 more
617 2873 783 2932 noverunt.
831 2887 892 2951 ego
915 2888 984 2931 coru
1007 2874 1114 2947 actus,
1150 2886 1230 2949 quos
1250 2888 1371 2951 pernox
1394 2874 1427 2933 et
1448 2868 1579 2953 perdius
1602 2888 1699 2933 curae
1722 2867 1779 2935 tibi
1808 2867 1928 2951 habes,
1961 2873 2028 2932 tum
2058 2865 2136 2932 coti-

511 2969 611 3036 diana
633 2969 755 3054 ingenii
776 2970 823 3035 tui
845 2971 965 3055 pabula
987 2969 1027 3035 de
1050 2970 1245 3037 litterarum.
1270 2988 1352 3053 quas
1374 2969 1454 3034 milri
1476 2970 1607 3051 tribuis,
1636 2990 1749 3055 sapore
1771 2970 1924 3036 coniecto.
1971 2969 2033 3034 nisi
2055 2968 2136 3034 forte

506 3073 539 3137 iu
563 3073 656 3139 silvis
677 3072 859 3158 Apollinem
883 3072 1074 3155 contineris,
1100 3081 1135 3137 ut
1157 3073 1212 3138 ille
1235 3080 1345 3158 pastor
1366 3070 1544 3155 Hesiodus,
1571 3093 1666 3156 quem
1688 3073 1814 3159 poetIca
1836 3073 1929 3138 lauru
1952 3072 2136 3139 Camenalis

508 3176 633 3241 familia
665 3177 836 3259 coronavit.
883 3197 958 3242 nam
988 3175 1074 3242 unde
1105 3185 1154 3243 est
1182 3176 1264 3242 haee
1291 3176 1324 3241 iu
1354 3176 1501 3261 epistulis
1529 3176 1594 3242 tuis
1624 3196 1776 3243 sensuum
1809 3176 1935 3242 novitas
1966 3176 2135 3241 verborum

2157 1909 2186 1949 to

2159 2788 2186 2826 le

508 3286 661 3361 vetustas,
687 3279 863 3345 sitantum
886 3278 1007 3345 nodosa
1030 3280 1111 3346 retia
1133 3280 1185 3345 vel
1209 3278 1376 3365 pinnarum
1400 3280 1587 3346 formidines
1609 3287 1642 3346 et
1663 3299 1799 3365 sagaces
1821 3299 1919 3346 canes
1946 3298 2134 3362 omnemque
2155 3300 2185 3342 ro

508 3402 574 3448 rem
598 3382 777 3447 venaticam
799 3382 966 3448 meliorum
989 3383 1108 3449 oblitus
1130 3382 1298 3448 adfectas?
1320 3403 1418 3466 quare
1442 3402 1513 3447 cum
1536 3383 1663 3467 scribis,
1688 3389 1847 3449 memento
1868 3381 2041 3448 facundiae
2062 3387 2136 3446 tuae

509 3485 638 3550 modum
661 3504 789 3570 ponere.
828 3485 948 3551 rustica
969 3486 1034 3552 sint
1055 3492 1088 3552 et
1107 3485 1240 3569 inculta,
1266 3505 1349 3570 quae
1371 3484 1521 3571 loqueris,
1548 3492 1585 3552 ut
1604 3493 1738 3553 venator
1756 3504 1829 3552 esse
1849 3484 2003 3552 credaris.
2049 3484 2132 3551 vale.

1069 3847 1164 3913 mm
1183 3847 1410 3932 (xxxxvnn
1450 3868 1481 3913 a.
1500 3851 1575 3913 aso.

925 3985 1186 4053 srumxonvs
1209 3985 1371 4052 roomo
1393 3986 1722 4052 rnrnrnxmmo.

597 4157 778 4224 Maestitiae
800 4178 891 4224 meae
914 4158 1068 4224 solacium
1091 4158 1214 4242 grande
1235 4158 1386 4223 tribuisti.
1432 4178 1505 4223 nam
1535 4164 1570 4223 ut
1599 4156 1719 4224 dudum
1747 4157 1805 4224 tibi
1833 4157 1921 4223 fama
1950 4158 2028 4224 fecit
2053 4157 2136 4223 indi-
2155 4179 2186 4221 rr

512 4261 612 4344 cium,
644 4261 751 4326 fratris
773 4261 861 4327 obitu
883 4262 1070 4327 vulneratus
1092 4262 1240 4327 continno
1262 4261 1360 4326 animi
1384 4260 1493 4326 dolore
1519 4260 1703 4326 discrucior.
1749 4282 1813 4326 uon
1839 4260 2000 4327 mediocre
2030 4268 2136 4326 temen

510 4364 595 4430 inter
615 4370 804 4449 praesentes
826 4384 919 4429 curas
942 4365 1090 4429 levamen
1120 4363 1247 4448 accepi,
1281 4364 1365 4446 quod
1394 4371 1426 4430 te
1456 4364 1586 4448 conperi
1614 4364 1789 4429 seeundum
1819 4364 1999 4449 communia
2029 4370 2138 4449 optata

511 4468 648 4533 salvere.
696 4472 851 4550 superest,
879 4473 914 4531 ut
934 4471 969 4532 tu
991 4467 1173 4532 istiusmodi
1195 4466 1310 4532 officiis
1325 4465 1524 4550 frequentem
1540 4487 1669 4552 operam
1685 4466 1828 4550 digneris
1843 4467 2030 4552 inpendere,
2055 4487 2137 4551 quae

510 4569 667 4656 perspicis
689 4568 881 4635 medIciuam
904 4569 1067 4653 quandam
1089 4569 1168 4634 milri
1189 4569 1357 4635 infortunii
1379 4575 1411 4635 et
1433 4569 1586 4635 maeroris
1607 4568 1746 4636 adferre.
1793 4570 1878 4636 vale.

597 4916 678 4967 lom.
697 4916 747 4965 VM
865 4915 1033 4965 foecundam
1052 4917 1263 4965 existimationem
1286 4917 1313 4977 V,
1334 4917 1475 4965 seeundum
1492 4922 1562 4966 turm
1581 4917 1795 4965 exletlmrtienem
1814 4914 1844 4962 Μ
1962 4916 2085 4965 flander
2106 4917 2132 4977 V,

510 5018 558 5053 om.
575 5004 627 5065 (Π)
735 5001 821 5051 Item
838 5004 917 5051 bonae
935 5003 1049 5064 locipl’
1152 5002 1167 5052 8
1186 5017 1262 5066 super
1284 5004 1310 5066 V,
1331 5018 1379 5054 om,
1395 5002 1423 5049 Μ
1524 5004 1642 5062 tegiseem
1663 5001 1758 5051 le.
1778 5003 1799 5050 V
1901 5003 1974 5051 noble
1991 5003 2096 5051 femme
2117 5003 2138 5051 V

511 5090 527 5138 9
546 5092 689 5138 testimonie
707 5090 753 5138 Pi
768 5106 803 5139 m.
909 5090 1014 5151 epistole
1034 5089 1056 5137 P

600 5175 630 5224 12
648 5189 696 5225 om.
716 5175 764 5223 VM
886 5175 917 5224 15
935 5177 1085 5237 expetendis
1108 5176 1128 5224 V
1249 5174 1280 5226 id
1298 5190 1356 5225 cum
1374 5172 1455 5243 retus]
1472 5189 1525 5238 eoo,
1545 5181 1645 5224 coactus
1669 5175 1696 5236 V,
1715 5180 1786 5224 actus
1806 5174 1857 5223 ΡΜ
1971 5176 2085 5224 abactam
2106 5175 2133 5236 V,

511 5263 639 5310 abaeetnm
659 5262 753 5312 le.
860 5262 1001 5310 cotidianus
1020 5262 1040 5308 V
1144 5260 1175 5312 le
1193 5258 1340 5328 contlnaris]
1361 5261 1405 5310 Pl
1419 5278 1453 5312 m.
1472 5262 1524 5325 ΜΦ,
1546 5261 1698 5311 contionario
1718 5259 1857 5323 rear,
1879 5261 1944 5310 ferre
1961 5262 2058 5310 conaris
2077 5259 2106 5307 Μ

510 5349 631 5396 amenelis
654 5347 702 5396 VM
806 5347 837 5397 19
855 5348 968 5411 epistolis
986 5347 1010 5395 P
1110 5348 1143 5398 re
1162 5362 1261 5396 omnem
1278 5363 1354 5412 quem
1373 5349 1395 5397 P
1498 5348 1531 5398 22
1548 5354 1610 5397 runt
1631 5346 1674 5411 (Γ)

597 5432 630 5483 24
648 5447 697 5482 om.
716 5433 766 5483 Vl!
866 5433 899 5483 25
919 5435 1045 5482 mestitiae
1057 5434 1132 5482 PVM
1215 5431 1288 5501 feeit]
1308 5432 1368 5501 fell]
1380 5435 1402 5483 P
1498 5434 1531 5485 28
1550 5435 1647 5484 selum
1660 5434 1706 5482 Pl
1720 5450 1754 5484 m.
1771 5435 1798 5495 V,
1819 5435 1911 5483 solumi
1924 5433 1953 5481 Μ
2048 5431 2081 5482 29
2099 5446 2138 5480 re-

512 5522 589 5585 spicis
611 5519 660 5568 VM
761 5522 789 5569 iu
807 5521 915 5572 lenonis
938 5520 959 5568 V
1062 5521 1165 5570 meroris
1183 5521 1230 5570 Pl
1243 5521 1315 5570 m.V
