4744 6476
841 474 1119 535 rsersrvunavn
1138 475 1209 530 urs.
1230 476 1279 548 xi,

703 835 895 900 xxxvnn
915 836 995 921 (un.
1014 834 1146 919 nvnrq
1179 855 1210 899 a.
1230 836 1412 899 sar-asa.

334 1005 427 1071 Facit
456 1006 644 1090 plerumque
674 1006 755 1071 ratio
786 1014 843 1072 aut
871 1007 998 1072 fortuna
1020 1025 1209 1085 causarum,
1243 1006 1331 1071 utin
1355 1007 1579 1072 controversiis
1602 1007 1869 1092 alteraequitate
1896 1008 1993 1071 ΤΜΓ

249 1110 333 1174 alter
362 1109 431 1175 iure
461 1110 594 1185 nitatur:
629 1117 704 1175 tunc
733 1111 871 1177 humano
903 1111 1033 1175 labante
1057 1110 1188 1175 consilio
1211 1109 1399 1175 deliberatio
1422 1110 1593 1193 cognitoris
1616 1110 1659 1175 ad
1682 1112 1871 1178 clementiae

250 1219 379 1278 vestrae
402 1213 534 1278 recurrit
555 1213 736 1295 oraculum,
770 1214 848 1280 ddd.
873 1216 1013 1298 imppp,
1039 1212 1243 1295 quodetiam
1266 1213 1446 1297 praesentis
1468 1213 1589 1294 negotii
1610 1214 1749 1297 qualitas
1772 1216 1872 1300 depo-

219 1316 365 1400 sposoit.
411 1336 485 1380 narn
509 1316 602 1381 Musa
630 1337 732 1382 annos
763 1337 897 1400 egressa
917 1315 1097 1400 legitimos,
1132 1336 1203 1380 cunr
1226 1315 1259 1379 in
1282 1322 1405 1400 partem
1431 1336 1535 1380 rerum
1559 1324 1763 1400 paternarum
1787 1318 1873 1402 Syn·
1896 1319 1915 1378 2

251 1418 411 1503 trophium
435 1425 621 1502 quereretur
643 1420 836 1501 admissum,
864 1439 958 1501 quem
981 1418 1082 1483 veluti
1104 1418 1235 1484 adultae
1258 1438 1336 1483 suae
1359 1418 1490 1483 tratrem
1514 1418 1608 1483 dolus
1631 1420 1758 1485 Acholii
1782 1440 1874 1486 cura-

250 1521 327 1585 toris
350 1521 548 1601 adsciverat,
582 1522 700 1605 integri
722 1523 987 1588 restaurationem
1011 1521 1164 1604 suffragio
1187 1522 1264 1588 iuris
1287 1522 1429 1606 accepit,
1463 1521 1521 1587 sed
1544 1522 1653 1588 multis
1675 1525 1875 1607 provocatio-

252 1624 347 1690 nibus
370 1624 532 1707 variisque
562 1633 664 1691 tracta
693 1626 820 1692 iudiciis
849 1626 934 1691 intra
962 1632 1065 1691 metas
1093 1625 1171 1691 iusti
1199 1626 1352 1709 temporis
1381 1625 1525 1709 nequivit
1546 1626 1663 1708 exequi
1693 1627 1874 1712 propositas

252 1727 405 1792 actiones.
453 1736 488 1793 ut
509 1748 560 1794 res
582 1731 742 1807 monebat,
768 1729 923 1795 amissum
945 1729 1135 1795 beneficium
1158 1729 1300 1794 remedio
1323 1728 1496 1812 integravit
1518 1729 1778 1814 supplicationis:
1816 1732 1875 1796 sed
1897 1731 1916 1789 3

204 1846 233 1887 su
252 1829 337 1895 idem
366 1830 534 1896 mulierem
563 1851 658 1897 casus
686 1832 784 1898 etiam
810 1832 957 1916 rescripti
981 1830 1063 1896 sacri
1087 1831 1286 1896 humanitate
1315 1831 1489 1895 fraudavit.
1537 1831 1696 1913 siquidem
1719 1833 1875 1898 mensium

251 1939 400 2015 quattuor
430 1933 532 1998 dilata
555 1934 721 2000 curriculis
743 1955 891 2019 supremo
913 1934 967 2000 die
988 1935 1140 2019 temporis
1163 1934 1325 2018 impetrati
1347 1933 1485 2013 excidit;
1519 1934 1715 2017 cognitorem
1738 1956 1876 2020 namque

252 2056 418 2102 successor
431 2036 609 2103 adveniens
623 2038 801 2121 praemisso
814 2037 984 2103 interdicto
999 2044 1157 2122 potestate
1179 2038 1372 2122 privaverat.
1414 2043 1486 2120 post
1507 2036 1590 2104 baec
1612 2056 1683 2102 cum
1706 2038 1805 2104 vellet
1825 2039 1877 2103 in-

252 2138 379 2205 felicem
402 2159 519 2206 causae
541 2140 669 2224 lapsum
692 2141 893 2226 reparatione
917 2141 1053 2223 sarcire,
1086 2140 1211 2206 obiectu
1235 2139 1519 2207 Constantinianus
1549 2140 1632 2223 legis
1656 2142 1791 2226 explosa
1813 2150 1874 2225 est,

252 2262 335 2324 quae
358 2248 449 2307 extra
470 2242 614 2308 ordinem
636 2242 833 2328 temporibus
856 2243 989 2308 indultis
1011 2243 1186 2333 longiorem
1203 2243 1336 2326 negavit
1350 2262 1529 2309 excursum.
1571 2250 1682 2309 secuta
1696 2251 1747 2309 est
1761 2264 1878 2328 provu-
1900 2248 1919 2305 4

207 2363 235 2403 rs
253 2344 336 2410 catio
358 2344 546 2410 iudicatum.
586 2346 641 2411 ubi
663 2352 792 2411 ventum
815 2346 858 2411 ad
881 2366 992 2412 sacrae
1015 2347 1103 2413 sedis
1126 2366 1264 2412 examen
1287 2353 1319 2411 et
1342 2345 1456 2411 eadem
1479 2346 1662 2411 constitutio
1684 2367 1705 2409 a
1723 2347 1877 2412 Faustino

254 2447 373 2514 herede
388 2448 515 2514 Acholii
538 2448 693 2514 curatoris
715 2468 825 2514 rursus
848 2449 976 2533 ingesta
998 2456 1057 2530 est,
1085 2467 1161 2534 pars
1182 2449 1405 2534 procuratoris,
1433 2448 1484 2513 cni
1506 2448 1649 2513 actiones
1672 2449 1765 2514 Musa
1787 2470 1879 2515 mau-

254 2550 404 2631 daverat,
443 2570 507 2616 non
536 2571 594 2616 suo
624 2552 701 2617 vitio
730 2572 861 2618 causam
890 2552 1048 2618 cecidisse
1077 2552 1274 2637 temporibus
1303 2551 1505 2636 adprobavit.
1552 2551 1596 2617 ad
1624 2552 1683 2616 hoc
1710 2560 1878 2637 pareutum

253 2652 393 2718 numinis
414 2654 512 2719 vestri
535 2655 679 2719 divorum
704 2654 883 2741 principum
907 2655 1038 2739 protulit
1060 2655 1268 2735 sanctionem,
1296 2674 1379 2736 quae
1402 2653 1486 2719 inter
1508 2654 1650 2737 reliquas
1673 2656 1879 2739 exceptiones

254 2755 487 2840 reparationem
516 2755 719 2839 iurgantibus
749 2758 877 2840 tribuit,
912 2758 940 2822 si
969 2778 1026 2841 per
1054 2758 1248 2841 cognitorem
1271 2777 1371 2822 causa
1391 2758 1529 2823 labatur.
1577 2777 1648 2822 cum
1671 2758 1770 2841 igitur
1792 2766 1824 2824 et
1846 2759 1921 2822 ina

206 2875 236 2917 an
255 2858 520 2925 Constantiniana
549 2860 640 2943 lege,
672 2881 736 2945 qua
765 2861 925 2945 reparatio
956 2861 1108 2927 adimitur
1136 2860 1333 2945 temporibus
1364 2863 1455 2926 extra
1484 2861 1629 2926 ordinem
1652 2861 1753 2943 datis,
1786 2880 1880 2927 casus

254 2963 316 3028 iste
332 2962 487 3028 cessantis
503 2962 730 3047 disceptatoris
745 2985 809 3029 non
828 2965 871 3031 sit
893 2971 1047 3050 exceptus
1070 2972 1103 3031 et
1124 2963 1302 3030 recentiora
1324 2964 1406 3030 scita
1427 2963 1573 3029 divorum
1597 2965 1720 3030 cuneda
1742 2964 1880 3047 negotiis

255 3064 457 3150 reparatione
487 3066 710 3148 subvenerint,
745 3067 772 3132 si
805 3068 886 3133 forte
909 3088 929 3132 a
951 3067 1057 3133 iudice
1080 3067 1286 3147 deserantur,
1319 3066 1425 3132 facilis
1448 3067 1481 3131 in
1504 3067 1638 3133 alteram
1661 3075 1785 3151 partem
1808 3087 1881 3133 esse

256 3188 319 3233 non
340 3168 439 3253 potui,
466 3168 524 3233 sed
542 3169 627 3251 quod
650 3191 747 3234 unum
770 3169 946 3235 remedium
970 3170 1118 3235 convenit
1139 3170 1235 3235 rebus
1258 3170 1429 3253 ambiguis,
1457 3171 1616 3235 fortunam
1639 3170 1755 3236 curiosi
1777 3170 1881 3235 lucta-

257 3271 351 3337 minis
381 3272 618 3353 augustissimis
656 3273 765 3355 legum
793 3273 920 3338 arbitris
933 3290 936 3295 ·
950 3274 1114 3339 reservavi
1143 3273 1245 3355 gestis
1274 3273 1421 3338 omuibus
1452 3273 1492 3338 de
1521 3292 1609 3338 more
1639 3273 1808 3355 subiectis,
1848 3280 1882 3338 ut

208 3390 238 3432 rs
258 3393 367 3439 eorum
389 3373 483 3439 lectio
507 3374 731 3440 insinuationis
753 3396 846 3441 meae
868 3376 1015 3442 adstruat
1036 3375 1216 3441 veritatem.

767 3736 896 3802 xxxx
916 3737 1011 3819 (mn.
1031 3736 1101 3821 nx)
1135 3760 1166 3804 a.
1187 3739 1367 3802 aar-asa.

344 3908 477 3973 Vrbium
495 3908 746 3993 populorumque
768 3909 954 3987 luctamina,
980 3908 1130 3991 quoniam
1151 3917 1226 3974 sunt
1248 3908 1370 3974 maiora
1391 3908 1536 3993 privatis,
1561 3908 1680 3974 iudicio
1702 3908 1882 3991 augustiori

257 4010 404 4076 cedenda
435 4018 526 4093 sunt,
560 4011 637 4077 ddd.
663 4011 784 4098 imppp.
817 4012 930 4077 merito
960 3999 1206 4077 Puteolanorum
1236 4032 1275 4076 ao
1305 4011 1584 4077 Tarracinensium
1615 4030 1765 4093 cansam,
1799 4031 1883 4094 quae

257 4121 330 4198 post
356 4114 513 4199 Campani
542 4114 751 4179 moderatoris
780 4135 918 4180 examen
948 4114 991 4180 ad
1019 4134 1145 4180 sacrum
1173 4114 1366 4180 auditorium
1396 4134 1437 4179 ex
1466 4114 1689 4199 provocatione
1720 4114 1878 4198 migravit,

210 4234 240 4275 ao
259 4236 332 4281 cum
347 4216 564 4301 perspicerem
586 4216 655 4302 pari
677 4218 770 4283 lance
792 4217 951 4299 libratam,
978 4217 1156 4283 maiestatis
1179 4224 1306 4283 vestrae
1329 4216 1460 4282 arbitrio
1482 4218 1656 4283 reservari.
1697 4224 1746 4284 est
1761 4225 1879 4300 autern,
1906 4225 1926 4283 2

259 4319 299 4384 de
322 4340 385 4403 quo
406 4320 529 4403 agitur,
563 4319 737 4385 eiusmodi:
764 4320 949 4386 Puteolanis
972 4319 1186 4404 municipibus
1209 4320 1303 4384 divus
1326 4319 1554 4385 Constantinus
1577 4327 1703 4386 centum
1724 4320 1884 4402 quinqua-

259 4422 349 4504 ginta
377 4422 467 4487 milia
493 4421 669 4486 modiorum
699 4422 733 4486 in
756 4421 943 4487 alimoniam
966 4422 1106 4489 civitatis
1128 4422 1278 4503 indulsit,
1314 4442 1397 4506 quae
1420 4441 1546 4487 summa
1567 4443 1588 4487 a
1610 4423 1684 4489 divo
1707 4422 1881 4489 Constante

348 4614 378 4663 la
397 4611 466 4667 (iod.
486 4610 594 4666 Theoti.
614 4610 687 4672 116,
709 4613 732 4666 i.
841 4612 872 4663 ts
891 4610 960 4666 eod.
980 4611 1088 4666 Theod.
1109 4611 1151 4666 XI
1170 4613 1213 4673 31,
1233 4613 1258 4665 2.

348 4906 359 4955 i
382 4908 413 4956 D.
429 4884 566 4955 Theodosio
579 4920 677 4968 semper
688 4909 753 4965 Aug.
770 4907 931 4966 Symmachus
944 4909 1023 4969 praei.
1038 4909 1093 4956 urb.
1109 4906 1135 4955 Γ
1201 4907 1215 4955 4
1233 4900 1289 4956 ddd
1300 4905 1365 4969 imp‘r
1378 4908 1414 4967 Μ,
1429 4908 1461 4955 D.
1476 4908 1613 4969 Imperator
1625 4904 1656 4968 Γ,
1669 4906 1706 4966 cf.
1718 4922 1746 4967 p.
1760 4906 1820 4967 279,
1836 4906 1850 4955 7

260 4992 372 5055 deposcit
385 4991 411 5041 Γ
503 4993 663 5042 5annosaT
751 4995 898 5051 syntrotlnm
912 4993 947 5053 Μ,
969 4993 1132 5054 syntrophum
1146 4992 1208 5042 Suae
1304 4993 1460 5055 'ilntegram
1473 4995 1660 5041 restitutionem
1673 4991 1700 5041 Γ
1788 4991 1885 5040 amra-

261 5078 352 5127 san
458 5078 490 5127 io
509 5077 684 5127 mulieran
786 5081 850 5127 sacri
868 5092 916 5127 om.
932 5077 987 5127 ΜΓ
1087 5080 1256 5128 mensuumT
1364 5079 1390 5127 ii
1412 5077 1547 5128 summol'
1645 5080 1796 5141 cognitorem
1815 5093 1886 5127 narn-

260 5161 323 5231 que]
342 5164 514 5225 Gothosreduq
535 5167 645 5225 cognitor
662 5180 768 5227 eamque
788 5163 818 5228 Γ,
839 5167 990 5226 cognitorem
1009 5179 1083 5227 quam
1105 5165 1163 5225 TM,
1185 5166 1279 5214 excidit
1297 5168 1431 5225 cognitore,
1452 5179 1527 5227 quem
1547 5165 1630 5225 disper
1758 5164 1788 5213 12
1807 5166 1886 5213 inilli-

261 5264 313 5299 oem
337 5251 357 5297 Τ
496 5250 527 5300 13
546 5253 671 5300 obiertum
693 5252 713 5298 Τ
851 5251 1074 5301 Constantinianus
1091 5248 1167 5319 legis]
1185 5251 1219 5311 Μ,
1240 5253 1416 5301 constantiana
1433 5251 1496 5311 legis
1517 5251 1548 5313 Γ,
1568 5250 1632 5311 legis
1652 5250 1847 5300 Constantianus
1866 5249 1893 5299 Γ

263 5336 292 5384 Π
312 5340 462 5402 approbabat
480 5335 507 5386 Γ
642 5336 672 5387 18
690 5338 795 5386 duorum
817 5336 867 5384 ΤΜ
1005 5336 1170 5405 sanationem]
1191 5337 1279 5401 Meyer,
1304 5339 1445 5388 sanctiones
1467 5335 1544 5384 ΤΜΓ
1680 5336 1711 5385 19
1729 5338 1846 5385 tribuunt
1865 5334 1891 5383 Γ

262 5425 296 5475 20
312 5427 487 5474 mnatantiaua
506 5422 560 5472 ΜΓ
678 5423 708 5473 21
729 5424 844 5472 diuorum
863 5426 1005 5487 principum
1024 5423 1050 5473 Γ
1168 5424 1301 5487 aspernit
1321 5424 1350 5486 Τ,
1371 5426 1452 5486 possit
1469 5438 1531 5473 corr.
1553 5426 1580 5471 tn
1597 5424 1682 5486 potuit
1700 5422 1728 5469 Μ
1847 5436 1887 5470 ca-

262 5512 320 5561 rlosl
339 5511 368 5559 Μ
470 5511 504 5560 24
523 5512 631 5559 arbitriis
651 5509 677 5558 Γ
777 5511 808 5559 de
827 5523 894 5558 mure
912 5507 1045 5577 subiectis]
1064 5511 1169 5559 deiectis
1189 5512 1210 5558 T

348 5597 381 5646 26
401 5599 432 5646 D.
454 5597 591 5645 Theodosio
609 5611 708 5659 semper
727 5598 792 5654 nug.
814 5597 978 5655 Symmachus
997 5599 1075 5658 praei.
1097 5599 1153 5647 urb.
1175 5596 1201 5645 Γ
1319 5596 1350 5646 27
1371 5592 1520 5661 angustiori]
1540 5595 1629 5657 Meyer,
1650 5596 1793 5655 arigustlore
1815 5590 1891 5639 ΤΜΓ

263 5683 438 5734 recensenda
458 5683 484 5732 Γ
599 5677 655 5732 dud
673 5683 737 5741 lmp'r
757 5682 792 5743 Μ,
811 5684 843 5731 D.
865 5685 929 5745 lmp.
950 5681 976 5731 Γ
1095 5685 1315 5732 Terracinensium
1335 5680 1361 5730 Γ
1374 5687 1397 5731 at
1416 5686 1451 5730 itu
1468 5682 1581 5742 deinceps
1715 5679 1747 5730 29
1765 5674 1810 5744 ex]
1831 5676 1885 5739 ΤΓ,

262 5784 327 5831 quae
344 5784 377 5819 ex
396 5769 425 5817 Μ
527 5768 557 5819 31
579 5766 772 5836 Constantinus]
792 5768 828 5832 lli,
848 5771 1004 5818 constantius
1025 5768 1074 5818 TF
1173 5769 1205 5817 32
1225 5771 1258 5817 ci.
1278 5768 1313 5817 Μ.
1335 5769 1398 5817 mod.
1420 5766 1452 5829 Γ,
1473 5769 1543 5815 milia
1559 5782 1606 5817 om.
1632 5767 1679 5814 ΤΜ
