4746 6472
927 498 1149 555 ORATIONES.
1753 497 1855 564 CCXI

225 730 295 811 post
318 726 508 792 electionem
531 745 624 791 suam
646 726 736 792 clara
757 725 821 791 iam
839 724 966 791 virtutis
981 724 1174 791 documenta
1188 722 1339 804 edidisse,
1366 742 1449 806 quae
1465 722 1575 807 qualia
1589 721 1717 803 fuerint,
1745 722 1854 789 multis

225 846 302 912 locis
332 845 503 913 indicatur.
550 851 674 932 patrem
703 845 857 912 videlicet
884 846 919 911 in
949 844 1155 930 expeditione
1184 844 1296 927 aliqua
1324 850 1436 909 contra
1457 844 1655 909 Alamannos
1685 844 1855 911 comitatus

224 970 388 1051 erat¹⁰¹³),
426 968 474 1033 ita
501 975 537 1034 ut
563 966 698 1034 uictoria
727 966 856 1033 nomine
886 973 980 1033 tenus
1009 966 1176 1050 utriusque
1203 965 1405 1051 imperatoris
1436 965 1534 1031 ductu
1563 970 1725 1050 reportata
1755 970 1852 1031 esset.

224 1108 306 1154 6666
329 1092 391 1155 367
415 1096 488 1173 post
509 1108 652 1155 mensem
667 1090 848 1172 Augustum
872 1107 962 1153 arma
982 1087 1017 1152 iu
1038 1086 1149 1153 hostes
1172 1091 1329 1152 commota
1350 1106 1414 1152 nou
1437 1092 1511 1151 sunt
1521 1088 1607 1167 1011);
1633 1085 1735 1152 oratio
1757 1084 1857 1169 igitur

222 1214 295 1274 unte
324 1214 481 1275 aestatem
512 1230 543 1274 a.
570 1211 632 1274 368
662 1208 774 1275 habita
804 1225 877 1274 esse
905 1227 970 1273 non
997 1214 1114 1293 potest.
1162 1227 1236 1272 cnm
1266 1213 1373 1272 autem
1396 1205 1611 1291 Symmachus
1639 1205 1730 1272 initio
1757 1205 1852 1287 dicat,

222 1350 321 1395 aurea
343 1330 534 1396 munuscula
550 1329 704 1396 Gratiano
726 1351 746 1394 a
768 1349 804 1395 se
826 1328 982 1395 hadenda
997 1347 1079 1409 esse,
1106 1327 1218 1412 qualia
1233 1326 1405 1393 oblationis
1419 1326 1549 1393 nomine
1564 1327 1607 1393 ad
1622 1327 1848 1412 imperatorum

224 1450 306 1516 festa
328 1450 581 1533 quinquennalia
602 1471 623 1516 6
645 1457 760 1517 666616
781 1449 865 1517 mitti
887 1450 1045 1532 solerent,
1077 1448 1162 1514 hanc
1187 1467 1313 1533 quoque
1335 1446 1509 1514 orationem
1533 1448 1629 1513 simul
1653 1468 1724 1513 cum
1748 1448 1851 1532 prima

224 1570 255 1636 d.
281 1574 322 1635 25
344 1571 441 1636 Febr.
470 1591 502 1636 6.
528 1573 590 1635 369
620 1571 857 1657 pronuntiatam
887 1588 960 1636 esse
989 1577 1078 1655 puto.
1125 1590 1200 1636 nam
1231 1589 1295 1634 nou
1325 1568 1552 1634 Valentiniano
1580 1574 1721 1650 tantum,
1760 1569 1851 1634 cuius

224 1689 294 1756 dies
323 1691 563 1758 anniversarius
592 1691 831 1773 celebrabatur,
866 1690 925 1756 sed
948 1690 1046 1756 etiam
1068 1688 1135 1755 tilio
1158 1690 1229 1755 eius
1253 1709 1387 1754 munera
1409 1688 1562 1755 oblaticia
1583 1689 1684 1754 missa
1705 1709 1852 1774 panegy-

223 1811 366 1896 ricosque
390 1812 563 1878 sollemnes
586 1812 689 1879 dictos
712 1830 793 1894 esse,
820 1832 861 1878 ex
883 1816 949 1877 tota
971 1810 1096 1895 imperii
1118 1809 1300 1894 collegialis
1323 1809 1511 1876 condicione
1534 1809 1688 1891 sequitur.

307 1939 327 1996 4
350 1953 414 1999 non
435 1933 570 1999 multum
594 1940 668 2019 post
687 1931 855 1998 Maximini
876 1938 1010 1998 mortem
1032 1930 1268 2017 pronuntiatam
1293 1948 1383 2012 esse,
1413 1951 1454 1997 ex
1477 1932 1550 2014 334,
1579 1934 1618 1993 21
1636 1950 1706 2016 sqq.
1732 1931 1848 2014 liquet.

222 2053 549 2137 umdmmXi

310 2180 328 2238 5
352 2173 457 2260 capite
484 2175 578 2240 tertio
600 2173 818 2240 Valentiniani
846 2172 972 2238 animus
1002 2171 1198 2256 suspiciosus
1229 2171 1402 2254 odiumque
1425 2170 1459 2237 in
1482 2178 1629 2238 senatum
1652 2178 1716 2238 tam
1740 2181 1852 2259 aperte

222 2297 440 2380 vituperantur
450 2298 528 2380 ¹⁰⁴⁵),
555 2302 590 2389 ut
611 2295 692 2361 haec
713 2294 777 2360 uisi
795 2300 868 2380 post
882 2292 1004 2359 obitum
1019 2291 1089 2359 eius
1106 2292 1193 2359 dicta
1207 2311 1357 2358 essenon
1373 2290 1515 2377 possint;
1542 2313 1614 2358 cum
1630 2300 1738 2361 autem
1754 2294 1851 2379 Sym-

222 2415 327 2503 machi
349 2422 451 2501 pater,
476 2415 512 2481 iu
534 2414 624 2481 cuius
646 2414 798 2481 laudibus
820 2416 902 2481 haec
923 2415 1024 2480 oratio
1046 2414 1100 2479 vel
1121 2413 1295 2499 praecipue
1314 2419 1470 2495 uersatur,
1496 2412 1562 2478 iam
1578 2434 1609 2479 a.
1630 2418 1691 2478 376
1707 2421 1850 2481 mortuus

223 2536 274 2620 sit,
299 2542 428 2621 tempus
450 2536 520 2602 eius
542 2535 595 2603 die
622 2541 658 2600 17
674 2537 759 2600 ch.
777 2555 808 2601 6.
828 2540 890 2600 375
914 2542 947 2601 61
968 2534 1033 2601 fine
1055 2533 1132 2600 anui
1155 2533 1321 2616 sequentis
1342 2531 1529 2599 includitur.
1567 2533 1676 2618 itaque
1698 2534 1774 2617 qnia
1796 2535 1851 2603 die

222 2677 303 2723 6666
324 2655 468 2722 Ianuarii
490 2676 563 2722 eam
586 2655 727 2722 habitam
751 2675 824 2722 esse
846 2662 952 2724 orator
972 2656 1044 2740 ipse
1067 2654 1177 2721 scribit
1203 2657 1266 2738 (23,
1293 2655 1338 2738 5),
1365 2650 1406 2719 de
1428 2673 1512 2719 anuo
1535 2673 1661 2738 quoque
1683 2661 1817 2722 constat.

306 2782 338 2843 6.
363 2815 408 2826 —-
430 2781 503 2859 337,
534 2782 572 2842 111
602 2782 661 2862 epit
686 2778 774 2860 samu
797 2779 1062 2862 161166666611666
1084 2796 1191 2858 suum,
1225 2784 1261 2838 ut
1285 2775 1444 2838 Theodosio
1467 2776 1645 2858 quondam
1667 2778 1850 2841 militarium

221 2902 438 2983 magistrorum
464 2899 657 2963 celeberrimo
687 2899 840 2962 consultor
869 2898 941 2961 helii
958 2917 1017 2980 per
1038 2895 1177 2979 Africam
1200 2898 1389 2980 iungeretur.
1436 2912 1514 2960 voce
1537 2897 1691 2979 quondum
1713 2895 1851 2963 indicari

221 3020 320 3101 solet,
352 3039 444 3098 eum,
478 3017 569 3083 cuius
597 3016 718 3083 nomini
747 3017 889 3099 additur,
923 3024 1081 3083 mortuum
1110 3035 1198 3099 esse,
1231 3014 1272 3081 de
1298 3034 1383 3080 anno
1406 3020 1531 3097 autem,
1564 3036 1626 3098 quo
1649 3015 1851 3083 Theodosius

221 3138 409 3205 interiectus
431 3144 491 3220 est,
518 3157 615 3203 uuum
638 3143 761 3203 tantum
784 3138 905 3205 iontem
929 3137 1094 3220 habemus,
1122 3137 1363 3220 Hieronymum,
1390 3155 1464 3200 nam
1488 3134 1621 3202 Orosius
1642 3136 1781 3220 (111133,
1802 3139 1847 3222 7),

220 3258 367 3343 quamvis
397 3258 439 3324 de
468 3258 629 3342 baptismo
657 3259 805 3342 magistri
832 3258 969 3323 militum
997 3258 1038 3324 ab
1066 3257 1228 3343 episcopis
1250 3254 1412 3321 Africanis
1441 3255 1557 3322 certior
1578 3256 1683 3324 factus
1705 3276 1778 3323 esse
1800 3257 1851 3324 ui-

222 3379 350 3461 deatur,
385 3378 418 3443 in
445 3384 587 3464 tempore
608 3385 717 3445 tamen
740 3377 923 3445 deliniendo
945 3379 1036 3444 illum
1059 3378 1214 3461 sequitur.
1260 3377 1314 3461 qui
1337 3376 1371 3441 in
1394 3376 1541 3443 chronico
1564 3377 1608 3443 ad
1629 3397 1749 3444 aunum
1773 3381 1847 3461 375,

222 3501 280 3566 sed
294 3507 369 3585 post
383 3497 516 3565 mo'rtem
528 3498 756 3580 Valentiniani,
775 3499 857 3566 haec
872 3500 1018 3568 adnotat:
1042 3500 1231 3580 Theodosius,
1255 3499 1409 3562 Theodosii
1419 3507 1525 3581 postea
1541 3500 1735 3580 imperatoris
1748 3508 1849 3582 puter,

222 3631 249 3684 et
266 3623 400 3703 plurimi
419 3621 565 3683 nobilium
587 3622 689 3684 occisi.
736 3619 801 3685 dux
830 3619 931 3704 igitur
951 3618 1123 3685 Africanus
1151 3619 1236 3684 iuter
1258 3617 1291 3683 d.
1321 3621 1357 3680 17
1381 3617 1465 3683 Nor.
1490 3638 1522 3682 6.
1549 3621 1610 3683 375
1637 3625 1670 3684 61
1691 3618 1850 3685 kalendas

220 3741 389 3807 Ianuarias
411 3760 442 3805 a.
469 3742 531 3805 376
555 3739 684 3822 interiit,
711 3760 774 3805 non
798 3739 945 3806 Gratiani
967 3739 1120 3806 uidelicet
1141 3738 1240 3820 iussu,
1267 3738 1410 3821 quitum
1433 3738 1525 3804 brevi
1546 3745 1690 3824 tempore
1713 3739 1851 3806 Cartha-

224 3861 333 3945 ginem
355 3860 490 3945 perferri
512 3881 575 3927 nou
598 3840 766 3945 potuisset,
793 3860 852 3926 sed
874 3859 1094 3926 Valentiniani
1116 3858 1230 3943 ipsius.
1278 3858 1350 3942 quis
1372 3858 1457 3923 enim
1480 3859 1606 3939 credat,
1633 3857 1851 3925 Theodosium

222 3980 377 4046 minorem
406 3981 447 4046 ab
477 4001 515 4047 eo
545 3981 616 4065 ipso
637 3981 796 4065 collegam
818 3980 945 4066 imperii
967 3979 1125 4046 adscitum
1148 3999 1238 4060 esse,
1273 3977 1328 4062 qui
1350 3985 1473 4062 patrem
1495 3978 1565 4044 eius
1589 3979 1748 4064 supplicio
1769 3979 1852 4046 affe-

221 4100 321 4167 cerirr
357 4101 465 4184 itaque
487 4101 588 4168 oratio
611 4121 667 4186 pro
691 4100 811 4167 Severo
833 4108 909 4167 6616
930 4100 1058 4166 initium
1080 4121 1111 4166 6.
1131 4103 1194 4165 376
1217 4098 1420 4185 pronuntiata
1441 4118 1505 4164 non
1527 4106 1586 4181 est,
1612 4119 1718 4184 neque
1739 4106 1850 4167 tamen

218 4228 290 4307 post
304 4243 336 4288 6.
355 4224 428 4303 378,
448 4243 523 4288 nam
539 4223 567 4288 si
582 4221 756 4288 Gratianus
771 4230 839 4288 tum
854 4228 1032 4288 consortem
1047 4221 1112 4287 iam
1128 4222 1291 4306 elegisset,
1310 4220 1524 4305 Symmachus
1539 4220 1758 4287 Theodosium
1774 4241 1850 4305 pro-

222 4342 305 4409 iecto
319 4362 383 4408 non
399 4349 521 4409 tantum
537 4343 761 4426 magistrorum
778 4342 914 4409 militum
930 4341 1173 4408 celeberrimum
1189 4340 1334 4423 dixisset,
1357 4340 1415 4407 sed
1431 4340 1528 4407 etiam
1543 4348 1668 4426 patrem
1679 4340 1848 4426 principis.

223 4482 295 4528 cum
318 4469 426 4528 autem
449 4463 548 4529 editio
570 4464 667 4530 totius
690 4464 868 4529 orationum
890 4463 1034 4549 corporis
1057 4481 1183 4528 summa
1205 4481 1277 4527 cum
1299 4461 1366 4528 veri
1389 4460 1599 4528 similitudine
1617 4481 1700 4528 anno
1717 4460 1853 4527 376161-

220 4582 275 4648 bui
297 4583 402 4667 possit
428 4586 469 4668 [p.
496 4585 551 4666 X),
578 4584 691 4650 eodem
714 4606 798 4650 anno
821 4592 978 4651 oratorem
1001 4590 1143 4651 nostrum
1166 4602 1222 4666 pro
1245 4581 1365 4648 Severo
1388 4581 1509 4647 dixisse
1531 4582 1725 4666 putaverim.

305 4709 323 4769 7
349 4702 511 4785 16116666,
542 4704 695 4788 661337,
725 4709 778 4785 16;
813 4708 885 4786 338,
913 4710 930 4769 7
962 4712 998 4770 61
1025 4704 1118 4769 vivus
1141 4709 1422 4785 commemoratur,
1455 4722 1486 4767 a.
1512 4704 1574 4768 387
1598 4710 1655 4769 661
1676 4705 1739 4768 388
1763 4702 1850 4769 diem

222 4824 310 4890 obiit.
357 4844 390 4889 v.
415 4845 448 4909 p.
474 4824 605 4891 CXXV.

306 5100 381 5164 11143)
402 5101 460 5165 331),
483 5102 514 5152 311
536 5117 583 5164 pro
605 5103 704 5153 66661666
724 5119 789 5164 puer
811 5102 955 5164 dimices,
978 5117 1024 5163 pro
1048 5102 1129 5151 1166616
1152 5103 1241 5151 uostris
1264 5115 1403 5164 aequaevus
1421 5101 1533 5153 1666661166.
1556 5126 1592 5141 -
1617 5101 1676 5165 331,
1698 5101 1850 5152 2111616616

220 5187 346 5237 oblectaris
364 5192 391 5238 irs
406 5189 524 5249 proclii
530 5205 555 5249 6,
574 5217 610 5225 -
626 5189 776 5239 carminibus
794 5193 821 5238 166
839 5190 978 5252 triumphis.
998 5215 1032 5225 —
1051 5186 1110 5251 332,
1133 5187 1162 5238 11
1183 5188 1262 5251 illium
1278 5194 1300 5236 16
1312 5188 1563 5250 661166666666666116,
1583 5192 1705 5238 uirtute
1723 5188 1849 5249 6611696666.

224 5287 275 5322 reru
291 5279 327 5322 661
345 5277 470 5336 utriusque
488 5278 616 5325 mititte
634 5281 657 5324 et
675 5279 808 5324 coniuncte
827 5275 950 5336 felicitas:
970 5280 998 5323 tu
1016 5273 1109 5336 6666166
1126 5276 1267 5337 magisterio
1283 5276 1372 5337 putris,
1392 5275 1432 5321 1116
1450 5273 1658 5324 coutubernio
1677 5277 1790 5323 iunioris.

316 5358 390 5420 1044)
411 5362 496 5410 Ilcrm.
517 5361 607 5409 xvlll
625 5376 650 5424 p.
674 5359 731 5411 152.

309 5445 383 5510 tort)
406 5446 465 5509 336,
487 5447 502 5496 8
521 5452 649 5497 traxerunt
666 5449 727 5497 olim
743 5449 856 5510 plerique
873 5450 1017 5510 principum
1034 5450 1061 5496 iu
1080 5447 1210 5511 iuvidiam,
1231 5449 1253 5496 61
1271 5451 1402 5509 quisquam
1415 5444 1503 5495 abecuc
1515 5448 1607 5495 ciuium
1617 5452 1721 5497 66666661
1733 5450 1850 5510 suspiria,

217 5537 238 5580 61
260 5536 332 5595 quusi
355 5537 436 5582 umeri
458 5534 646 5595 imperatoribus
670 5540 766 5584 1661666
784 5536 875 5596 1166661,
893 5537 1050 5595 priuatorum
1066 5537 1154 5584 66666116
1170 5539 1318 5596 presserunt.
1356 5534 1415 5582 mibi
1433 5536 1516 5581 cutem
1533 5546 1587 5581 6666
1604 5540 1677 5595 puter
1691 5535 1787 5596 patrius
1804 5534 1843 5581 vi-

217 5619 299 5681 detur,
325 5619 379 5668 rub
397 5634 451 5682 quo
469 5619 1022 5681 16611661616661166666666116661.
1060 5619 1122 5685 3311,
1141 5621 1156 5669 5
1177 5624 1197 5668 16
1215 5622 1282 5675 cuim
1299 5619 1491 5680 rempublicam
1509 5619 1613 5669 liberum
1630 5624 1709 5680 166661,
1729 5618 1774 5668 rub
1793 5632 1843 5680 quc

219 5706 311 5771 61166111
330 5705 491 5755 iuutdmdum
510 5710 537 5757 trs
551 5712 670 5768 potestate
688 5712 802 5758 66666166.

857 5862 1218 5872 ——-—-.———--

1601 5907 1643 5965 ΒΕ
