4686 6472
842 449 892 504 DE
911 448 1107 506 arannem
1124 446 1229 505 VITA.
1712 446 1853 512 LXXIII

221 676 293 754 post
322 669 413 734 obiit.
461 690 536 734 nam
565 670 657 735 nulla
678 670 749 735 eius
771 671 911 755 epistula
931 671 1085 756 temporis
1107 670 1292 756 posterioris
1315 670 1434 736 indicia
1455 670 1612 757 praefert,
1646 668 1731 754 quod
1753 690 1852 753 argu-
1883 705 1894 720 -

221 796 362 854 mentum
387 808 426 854 eo
448 789 567 855 certius
589 796 648 869 est,
675 789 752 872 quia
774 790 957 857 huiusmodi
979 810 1105 875 corpus,
1132 792 1228 874 quale
1243 791 1286 858 ad
1301 811 1359 856 nos
1374 792 1532 876 pervenit,
1558 811 1598 855 ex
1614 790 1736 856 ultimis
1751 790 1853 874 scrip

221 910 298 975 ioris
320 910 417 976 annis
439 910 613 976 maximam
637 910 814 976 litterarum
837 912 964 998 copiam
986 912 1149 979 continere
1171 914 1331 995 solet³³⁷).

1012 1411 1059 1487 V.

307 1592 689 1693 eusououosln
721 1595 789 1693 ΕΤ
820 1593 1307 1694 PROSOPOGRAPHIA
1340 1592 1766 1693 SYMMAOHIANA.

307 1827 388 1891 Cum
412 1824 599 1910 Symmachi
621 1823 739 1890 edendi
761 1846 878 1892 munus
901 1825 1108 1911 susciperem,
1135 1825 1243 1890 statim
1265 1823 1422 1903 intellexi,
1448 1825 1671 1891 historicorum
1695 1824 1777 1906 usui,
1804 1824 1854 1889 cui

222 1946 280 2011 hoc
313 1950 589 2011 monumentorum
620 1945 813 2011 Germaniae
847 1966 961 2031 corpus
993 1945 1195 2031 potissimum
1230 1944 1425 2011 destinatum
1454 1953 1521 2027 est,
1559 1966 1610 2010 me
1639 1952 1706 2011 tum
1736 1944 1854 2030 optime

223 2072 464 2151 prospectumm
487 2085 577 2149 esse,
611 2064 639 2129 si
662 2065 717 2130 uni
740 2065 856 2150 cuique
879 2066 1037 2151 epistulae
1059 2066 1113 2131 rel
1136 2087 1219 2151 quae
1241 2065 1308 2132 alia
1330 2067 1487 2151 opuscula
1509 2065 1569 2132 hoc
1592 2065 1754 2132 volumine
1777 2085 1854 2131 cou-

221 2186 377 2268 tinentnr,
410 2207 548 2267 annum,
582 2206 645 2269 quo
668 2185 790 2271 scripta
811 2192 896 2269 erat,
922 2187 956 2252 in
978 2193 1128 2253 contextu
1150 2187 1222 2272 ipso
1244 2187 1451 2273 adponerem.
1499 2208 1573 2253 nam
1596 2187 1782 2273 scriptorem
1804 2187 1855 2251 in-

221 2309 307 2391 genii
328 2315 397 2373 tam
419 2306 573 2391 pauperis
595 2307 689 2392 pauci
713 2314 798 2374 certe
820 2306 933 2374 lecturi
957 2314 1047 2389 sunt,
1075 2307 1134 2372 sed
1155 2307 1248 2373 multi
1271 2308 1322 2375 hic
1345 2308 1414 2374 illic
1435 2307 1625 2391 inspicient,
1651 2315 1688 2373 ut
1708 2307 1855 2391 singulas

222 2447 273 2492 res
302 2432 491 2511 excerpant,
527 2426 614 2509 quod
643 2427 671 2492 si
700 2434 879 2512 tempomm
909 2427 990 2493 ratio
1019 2427 1121 2512 primo
1150 2428 1261 2494 obtutu
1290 2435 1381 2514 patet
1407 2447 1512 2511 neque
1534 2427 1640 2511 longis
1662 2427 1854 2510 ambagibus

222 2548 254 2613 in
274 2547 477 2633 praefatione
500 2546 686 2631 quaerenda
708 2555 774 2629 est,
809 2568 881 2613 cum
904 2548 1008 2613 fructu
1030 2548 1131 2613 multo
1153 2549 1272 2615 maiore
1295 2547 1365 2613 lieri
1386 2554 1502 2634 potest.
1551 2546 1732 2630 disquisitio
1754 2547 1854 2630 igitur

222 2666 448 2750 chronologica
469 2666 667 2733 instituenda
688 2673 767 2749 erat,
794 2674 967 2750 antequam
989 2654 1072 2733 liber
1093 2667 1339 2753 imprimeretur.
1387 2688 1459 2734 cum
1483 2675 1589 2734 autem
1612 2667 1853 2752 typothetarum

222 2809 319 2874 opera
348 2789 422 2874 plus
451 2810 547 2873 quam
577 2788 741 2855 biennium
771 2796 973 2855 consumeret
1003 2796 1035 2855 et
1063 2796 1165 2854 totum
1195 2789 1255 2855 boc
1283 2796 1411 2873 tempus
1439 2790 1474 2855 in
1502 2788 1615 2855 iisdem
1639 2787 1756 2855 studiis
1779 2808 1852 2854 sae-

221 2909 327 2974 culum
357 2908 640 2992 Symmachianum
673 2909 894 2995 spectantibus
926 2929 1111 2994 occuparer,
1150 2909 1251 2974 mulia
1284 2908 1400 2989 didici,
1437 2928 1522 2992 quae
1555 2915 1630 2974 ante
1659 2908 1849 2989 nescieram,

221 3031 387 3111 multaque
415 3029 620 3113 inquisitione
646 3035 820 3096 retractata
848 3029 1037 3115 corrigenda
1064 3030 1185 3096 inveni.
1232 3029 1420 3114 pierumque
1443 3035 1549 3095 autem
1571 3049 1635 3095 non
1657 3048 1781 3094 errores
1803 3048 1856 3092 re-

221 3150 302 3230 texi,
339 3148 398 3215 sed
428 3155 572 3234 tempora
601 3149 748 3235 epistulis
771 3150 934 3236 adscripta
955 3149 1072 3215 finibus
1095 3149 1266 3216 artioribus
1288 3149 1409 3215 includi
1431 3168 1528 3235 posse
1550 3150 1720 3235 perspexi,
1751 3148 1798 3214 ita
1820 3154 1856 3214 ut

221 3270 334 3337 lecturi
355 3276 413 3334 aut
433 3267 514 3335 nihii
537 3276 678 3337 autnon
700 3271 834 3336 multum
856 3291 877 3336 a
899 3290 973 3335 vero
996 3270 1163 3351 aberrent,
1191 3270 1219 3335 si
1241 3270 1299 3336 illa
1321 3277 1506 3354 sequantur.
1554 3270 1613 3336 sed
1635 3268 1774 3336 rationes
1797 3288 1855 3334 ex-

221 3412 356 3477 ponere,
388 3390 508 3473 quibus
530 3391 689 3459 adductus
711 3398 768 3458 aut
788 3390 895 3458 erravi
917 3397 973 3457 aut
995 3391 1064 3458 veri
1085 3412 1149 3456 non
1171 3391 1234 3457 nisi
1257 3399 1382 3476 partem
1405 3391 1574 3477 indagavi,
1605 3412 1669 3457 non
1691 3389 1725 3456 in
1747 3389 1854 3456 animo

222 3518 285 3593 est,
320 3533 392 3578 cum
419 3511 606 3577 melioribus
628 3512 805 3578 rationibus
828 3531 906 3577 usus
929 3512 1063 3578 certiora
1085 3512 1274 3578 invenerim.
1321 3513 1403 3578 sciat
1424 3512 1523 3596 igitur
1544 3513 1662 3593 lector,
1697 3531 1854 3577 nonnum-

222 3653 317 3716 quam
345 3652 496 3698 numeros
526 3651 680 3697 annorum
710 3632 743 3697 iu
774 3631 973 3716 praefatione
996 3633 1174 3717 propositos
1197 3633 1238 3697 ab
1262 3631 1310 3697 eis
1333 3632 1479 3698 diversos
1502 3632 1626 3697 futuros
1649 3651 1741 3713 esse,
1774 3650 1854 3714 quos

223 3752 255 3816 in
277 3760 429 3819 contextu
451 3752 601 3837 reperiet,
628 3751 687 3817 sed
709 3751 832 3836 priores
855 3771 984 3837 semper
1006 3760 1041 3818 ut
1062 3751 1180 3818 iudicio
1203 3752 1343 3818 firmiore
1365 3751 1489 3818 inuisos
1506 3751 1751 3838 praeponendos
1766 3770 1850 3815 esse.

305 3872 343 3937 In
365 3872 504 3938 materia
526 3871 728 3957 disponenda
749 3893 813 3938 non
835 3879 900 3937 tam
923 3872 1107 3956 elegantiae
1129 3872 1256 3953 studui,
1287 3894 1382 3957 quam
1406 3872 1622 3939 commoditati
1645 3892 1772 3954 eorum,
1798 3870 1853 3955 qui

223 3993 281 4060 hoc
303 3993 385 4059 libro
408 3993 496 4059 usuri
520 4000 603 4058 sunt.
644 3992 799 4076 utigitur
821 3992 916 4059 facile
939 3995 971 4059 in
995 4015 1209 4079 unaquaque
1231 3996 1371 4081 epistula
1393 3994 1533 4061 rationes
1556 3993 1693 4059 inveniri
1713 3993 1848 4078 possint,

223 4114 336 4198 quibus
359 4115 511 4200 temporis
533 4120 609 4179 uota
630 4113 775 4197 insistat,
810 4114 947 4181 eundem
971 4115 1113 4180 ordinem
1136 4116 1170 4180 in
1192 4114 1253 4180 hac
1277 4116 1486 4201 praefationis
1509 4122 1599 4200 parte
1622 4134 1754 4197 sequar,
1790 4133 1853 4195 quo

223 4234 434 4320 Symmachus
457 4235 543 4300 filius
565 4234 724 4319 epistulas
747 4235 928 4301 collocarit.

635 4666 783 4749 11--12
825 4666 886 4748 llll
914 4664 1212 4749 simulentur
1239 4665 1437 4748 PATREM.

311 4859 392 4918 1-4
424 4854 576 4920 Secunda
598 4876 618 4920 a
639 4860 731 4940 patre
754 4854 874 4939 scripta
896 4856 1068 4940 respondet
1089 4855 1230 4940 primae,
1263 4855 1360 4920 tertia
1382 4861 1414 4920 et
1436 4861 1551 4938 quarta
1573 4853 1750 4929 secundae;
1784 4875 1852 4918 om-

223 4994 280 5041 nes
309 4995 386 5059 ergo
415 4975 528 5042 eodem
557 4975 709 5060 temporis
737 4981 839 5041 tractu
870 4974 1008 5040 emissae
1040 4982 1124 5040 sunt.
1172 4976 1205 5040 in
1232 4980 1245 5038 1
1271 4974 1358 5040 filius
1380 4975 1640 5059 proconsulatum
1664 4973 1793 5039 Africae
1816 4980 1851 5037 ut

223 5095 285 5161 iam
310 5096 490 5182 depositum
513 5103 739 5163 commemorat
749 5098 814 5179 ³³⁸),
840 5116 934 5179 quem
959 5114 1061 5178 usque
1083 5095 1126 5161 ad
1148 5117 1180 5162 a.
1207 5095 1396 5180 :subgessit
1421 5098 1463 5178 (v.
1489 5117 1521 5182 p.
1545 5095 1713 5179 XLVlll);
1741 5100 1851 5159 contra

224 5290 444 5298 ——-—---—-
458 5292 477 5296 -
502 5292 563 5297 ...-..
584 5293 634 5299 ..—

310 5409 368 5473 33η
389 5410 462 5469 Quod
480 5411 633 5459 Prudentius
651 5409 824 5468 Symmachum
842 5413 872 5456 ut
890 5409 975 5456 vivum
994 5410 1138 5471 adloquitur
1158 5411 1191 5471 (v.
1206 5410 1264 5458 adn.
1279 5409 1316 5470 4),
1337 5410 1403 5458 nibil
1421 5411 1488 5459 aliud
1506 5410 1669 5465 demonstrat,
1690 5422 1765 5469 qnam
1784 5420 1851 5454 nun-

90 5512 93 5521 *
223 5498 285 5545 tium
310 5498 396 5545 mortis
420 5496 476 5544 cius
500 5509 554 5544 sero
570 5497 597 5544 in
615 5495 709 5544 Gallias
727 5501 871 5558 perrectum
889 5508 952 5547 esse.
993 5494 1133 5556 Symmachi
1153 5497 1204 5543 vita
1223 5496 1301 5543 codici
1320 5496 1436 5555 florilegii
1456 5496 1568 5545 Parisino
1586 5494 1653 5543 8559
1672 5495 1781 5552 inserta,
1807 5496 1849 5541 cui

225 5582 312 5645 liorin,
334 5568 425 5630 iliada
441 5596 468 5642 p.
489 5584 522 5630 77
540 5587 637 5630 tantm
656 5582 706 5629 vim
724 5582 823 5643 tribuit,
842 5582 977 5630 semidocto
995 5582 1072 5630 alicui
1090 5583 1186 5631 sacculi
1204 5584 1289 5645 quinti
1310 5584 1400 5631 decimi
1418 5584 1532 5644 debetur,
1553 5586 1579 5630 et
1596 5594 1652 5629 cnm
1670 5581 1739 5628 omni
1757 5593 1849 5639 genere

224 5674 334 5717 errorum
351 5670 563 5731 apertissimorum
581 5668 702 5727 abundet,
722 5669 816 5716 unllam
834 5670 909 5731 piane
927 5669 1002 5717 fldem
1020 5674 1139 5718 meretur.

311 5753 370 5817 338)
391 5756 417 5816 2,
441 5753 471 5804 lii
489 5753 531 5802 boa
549 5755 735 5804 interiacentis
753 5754 834 5815 decem,
855 5757 897 5805 scd
916 5756 1005 5803 honore
1022 5757 1104 5815 reniti,
1125 5755 1162 5803 bie
1179 5771 1238 5805 aeno
1256 5759 1342 5817 reisue,
1363 5754 1516 5818 Symmacho,
1536 5754 1605 5815 soree
1622 5756 1692 5804 clau.

300 5856 326 5907 Q
340 5856 455 5896 Arnum
468 5855 615 5897 suumn.
1623 5857 1643 5911 k
