4744 6476
32 4176 46 4215 l

829 518 1105 585 (EPISTVLARVM
1116 519 1195 575 affl.
1217 520 1265 583 X).
1794 521 1854 582 301

231 715 331 779 riadis
362 736 391 780 c.
422 735 453 778 v.
487 712 659 778 adserebat
686 712 861 777 remedium
892 709 1075 776 huiusmodi
1104 729 1177 776 ease
1207 710 1380 794 provisum.
1425 717 1502 776 tunc
1529 710 1769 794 responsionum
1799 729 1857 774 va·
1882 713 1901 772 6
1927 712 2025 773 ΤΜΓ

232 819 345 883 rietate
375 816 512 882 conmoti
541 815 738 882 coercuimus
768 835 789 879 a
818 814 999 901 praeteritis
1028 813 1281 899 discrepantem;
1315 812 1425 878 atille
1449 813 1623 897 Cyriadem
1646 812 1707 877 sibi
1731 812 1859 879 aitdu-

233 920 307 986 dum
331 919 431 985 fuisse
453 918 576 985 terrori.
617 917 704 1000 quod
727 917 881 984 credibile
903 938 967 984 non
989 916 1127 997 videtur,
1153 938 1224 981 cum
1247 916 1336 981 illius
1358 917 1509 1001 temporis
1531 916 1677 1000 cognitor
1698 916 1742 981 ad
1763 915 1858 981 fidem

233 1024 302 1090 veri
330 1022 476 1088 districta
505 1021 692 1106 quaestione
722 1022 915 1105 pervenerit.
962 1022 1086 1086 interea
1115 1019 1272 1104 Cyriades
1301 1042 1331 1083 v.
1358 1040 1385 1085 c.
1419 1020 1548 1086 facilem
1580 1020 1756 1105 profectum
1787 1039 1859 1085 esse

200 1127 397 1211 rsuggessit
424 1126 530 1211 operis
561 1123 740 1205 sarciendi,
774 1125 866 1191 cuius
893 1124 1118 1206 stabilitatem,
1152 1124 1246 1190 sicuti
1268 1124 1432 1190 adsertam
1455 1131 1521 1205 est,
1554 1124 1657 1190 hiems
1678 1122 1774 1189 tertia
1797 1144 1859 1188 non

232 1228 374 1296 resolvit.
421 1230 491 1312 ipse
520 1235 627 1294 autem
659 1229 699 1294 de
730 1229 1006 1295 aedificationibus
1035 1227 1187 1293 Auxentii
1217 1249 1248 1293 v.
1277 1247 1305 1293 c.
1339 1236 1371 1295 et
1398 1228 1440 1293 de
1470 1229 1678 1312 usurpatione
1705 1227 1900 1292 inmodicii

230 1335 300 1400 auri
323 1334 478 1399 nonnulla
498 1333 625 1399 iudiciis
647 1332 823 1414 intimavit,
854 1353 937 1417 quae
958 1331 1032 1397 ideo
1055 1340 1219 1415 gestorum
1241 1332 1371 1416 paginis
1393 1332 1515 1416 placuit
1535 1331 1709 1416 adplicari,
1745 1339 1780 1396 ut
1801 1351 1859 1396 ae—

231 1437 365 1503 ternitas
387 1443 496 1503 vestra
518 1437 639 1502 cunctis
662 1436 884 1521 perordinem
908 1435 1067 1521 patienter
1088 1435 1209 1501 auditis
1232 1435 1399 1519 providere
1423 1436 1583 1519 dignetur,
1608 1457 1703 1519 quem
1726 1435 1769 1500 ad
1791 1454 1859 1499 mo

232 1541 308 1606 dum
339 1540 589 1606 concertantium
618 1541 834 1606 aemulatione
862 1559 1033 1624 conpressa
1062 1546 1095 1604 et
1122 1538 1301 1623 integritati
1324 1546 1509 1624 sumptuum
1533 1544 1566 1603 et
1589 1538 1731 1604 firmitati
1753 1537 1859 1622 operis

185 1663 212 1703 ro
232 1645 429 1710 consulatur.

652 1920 777 1984 XXVII
799 1919 946 2005 (XXXX.
966 1918 1168 2002 xxxxvss)
1201 1939 1231 1983 a.
1244 1920 1437 1983 asa-385.

317 2094 360 2158 Vt
387 2092 487 2159 vestri
515 2092 655 2157 numinis
684 2112 817 2157 veneror
847 2091 1046 2173 sanctiones,
1080 2091 1126 2156 ita
1156 2091 1393 2157 observantiam
1416 2090 1526 2173 iugem
1550 2088 1771 2155 saluberrimis
1794 2089 1859 2154 divi

231 2194 393 2278 gentious*
416 2194 516 2262 vestri
538 2195 679 2281 inpendo
701 2195 849 2260 decretis.
898 2194 977 2277 quid
999 2194 1085 2259 enim
1107 2195 1165 2259 ille
1188 2194 1368 2277 constituit,
1401 2191 1610 2276 quoupossit
1632 2191 1762 2276 publiea
1784 2213 1861 2257 cura

232 2299 404 2365 deserere-r
444 2299 473 2363 is
494 2299 578 2365 inter
600 2300 682 2378 alia,
710 2299 849 2381 quaein
871 2299 989 2363 bonum
1012 2298 1175 2383 publicum
1197 2297 1348 2379 contulit,
1375 2296 1471 2362 ctiam
1494 2294 1646 2362 medendi
1669 2295 1861 2379 professori-

185 2423 212 2462 rs
232 2405 292 2469 bus
314 2403 405 2469 dedit
425 2403 568 2469 ordinem
592 2402 813 2483 successionis,
841 2402 869 2466 si
891 2402 995 2467 locum
1018 2401 1200 2485 quempiam
1224 2399 1411 2465 decedentis
1435 2399 1562 2465 fortuna
1583 2399 1749 2465 nudasset.
1796 2420 1861 2482 qua

231 2509 305 2589 lege
335 2513 463 2572 cautum
494 2513 558 2587 est,
592 2512 629 2571 ut
658 2505 751 2591 primi
780 2505 859 2572 artis
888 2505 1032 2571 eiusdem
1056 2504 1096 2571 de
1119 2525 1272 2570 novorum
1296 2503 1431 2569 scientia
1452 2502 1643 2569 iudicarent.
1691 2503 1775 2568 hanc
1797 2503 1861 2568 for-

231 2632 331 2691 mam,
365 2616 519 2693 quantum
550 2609 721 2689 adserunt,
753 2618 844 2675 aetas
874 2617 985 2675 secuta
1014 2608 1170 2688 servavit,
1204 2607 1281 2673 ddd.
1306 2608 1429 2691 imppp.
1477 2626 1562 2672 nuuc
1583 2605 1745 2671 Iohannes
1767 2627 1799 2670 v.
1824 2610 1901 2691 pa

231 2734 295 2780 non
323 2733 397 2792 eum
426 2712 577 2796 gradum,
612 2732 706 2795 quem
739 2711 952 2796 subrogandis
983 2711 1141 2778 dederuut
1170 2711 1252 2776 scita
1281 2710 1421 2791 divalia,
1454 2709 1514 2775 sed
1536 2729 1659 2774 summo
1682 2710 1860 2793 proximum

231 2825 364 2882 conatur
392 2815 527 2899 adipisci
556 2815 656 2883 fultus
686 2816 851 2901 palatinae
882 2813 1016 2880 militiae
1045 2814 1216 2900 privilegio
1245 2820 1279 2879 et
1305 2813 1529 2897 impetratione
1551 2811 1703 2896 specialis
1725 2812 1856 2892 oraculi,

182 2937 212 2980 ao
231 2940 294 3003 quo
316 2919 456 3005 Epicteti
477 2918 629 2984 archiatri
650 2919 754 2984 locum
776 2926 853 2984 tuuc
875 2918 983 2985 adhuc
1006 2918 1188 3002 superstitis
1211 2916 1394 3001 inpetravit.
1443 2916 1501 2982 sed
1524 2915 1601 2998 quia
1622 2917 1696 2999 lege
1719 2921 1753 2980 et
1774 2934 1860 2979 mora

231 3024 419 3108 cogentibus
448 3029 624 3088 summates
653 3022 796 3087 eiusdem
827 3021 1037 3106 professionis
1067 3042 1125 3106 par
1155 3020 1216 3085 fuit
1244 3021 1278 3085 in
1302 3040 1437 3086 examen
1461 3019 1573 3099 acciri,
1608 3018 1788 3083 adhibitum
1811 3027 1862 3084 est

230 3127 350 3193 iudicio
383 3126 554 3209 collegium
589 3146 682 3191 omne
715 3125 923 3191 medicorum.
970 3145 1104 3207 quorum
1139 3124 1298 3208 potissimi
1332 3123 1416 3189 inter
1448 3123 1685 3189 venerationem
1716 3123 1800 3206 legis
1829 3129 1862 3188 et
1884 3127 1903 3185 3

231 3233 305 3297 novi
334 3230 481 3297 beneficii
508 3230 721 3296 reverentiam
749 3228 894 3294 iudicare
923 3249 986 3293 non
1009 3228 1082 3293 ausi
1104 3248 1178 3293 cum
1201 3228 1303 3293 locum
1328 3227 1463 3292 Iohanni
1485 3248 1517 3290 v.
1543 3248 1576 3312 p.
1602 3234 1780 3292 statuerant
1803 3227 1862 3292 de-

231 3335 421 3415 ferendum,
455 3354 550 3416 quem
572 3340 683 3398 tenere
705 3333 877 3417 potuisset,
913 3332 939 3396 si
963 3353 1001 3397 eo
1022 3339 1184 3416 tempore,
1212 3351 1275 3413 quo
1298 3331 1393 3396 aulae
1416 3330 1579 3413 obsequiis
1602 3330 1774 3415 deputatus
1797 3336 1857 3412 est,

182 3454 212 3495 tr
231 3437 460 3503 archiatrorum
489 3457 622 3501 nuurero
650 3436 766 3501 fuisset
795 3434 975 3500 adiunctus.
1024 3435 1080 3500 aed
1112 3455 1184 3499 cum
1206 3434 1248 3498 ab
1271 3453 1310 3500 eo
1332 3433 1468 3518 palatini
1492 3432 1622 3498 honoris
1644 3432 1764 3497 indicia
1787 3452 1861 3517 pos-

231 3549 395 3621 cerentur,
428 3547 463 3604 ut
486 3538 703 3603 codicillorum
727 3538 950 3624 praerogativa
972 3545 1179 3619 monstraret,
1212 3537 1283 3620 quis
1310 3537 1359 3602 illi
1381 3537 1465 3602 inter
1486 3535 1662 3601 archiatros
1685 3532 1762 3601 ordo
1785 3556 1861 3601 eon-

231 3650 370 3730 peteret,
407 3641 550 3708 adseruit
579 3642 755 3708 domestica
785 3642 983 3727 expilatione
1013 3643 1110 3707 etiarn
1141 3640 1332 3706 documenta
1361 3639 1527 3724 dignitatis
1555 3640 1676 3705 ablata.
1723 3646 1757 3705 at
1786 3646 1900 3705 veros

231 3766 306 3833 pars
336 3767 454 3829 magna
483 3744 677 3810 medicorum
702 3746 824 3812 munita
846 3746 919 3829 lege
943 3745 1043 3810 divali
1066 3765 1177 3810 eorum
1200 3744 1351 3827 exempla
1373 3742 1586 3828 deprompsit,
1622 3742 1676 3824 qui
1699 3764 1717 3807 e
1740 3743 1861 3827 palatio

230 3851 263 3915 in
296 3850 380 3915 hune
413 3849 549 3931 gradum
584 3856 710 3914 servato
743 3848 855 3914 ordine
889 3849 1095 3915 transierunt.
1142 3868 1240 3931 quare
1270 3853 1375 3913 motus
1404 3845 1566 3929 ambiguis
1596 3854 1629 3911 et
1656 3865 1761 3927 neque
1794 3845 1860 3911 divi

183 3972 212 4012 ³0
231 3952 384 4036 genitoris
407 3951 505 4017 vestri
527 3970 626 4016 ausus
649 3971 796 4035 rumpere
819 3951 1016 4016 sanctionem
1039 3972 1142 4034 neque
1165 3951 1293 4017 obviam
1317 3950 1512 4035 specialibus
1535 3949 1646 4014 venire
1665 3949 1857 4033 praeceptis,

231 4056 339 4121 divino
368 4055 498 4120 arbitrio
526 4053 666 4119 numinis
694 4054 792 4119 vestri
823 4054 961 4119 subditis
989 4054 1240 4136 allegationibus
1268 4053 1406 4137 partium
1436 4070 1592 4117 summam
1615 4051 1734 4135 negotii
1756 4072 1861 4116 reser-

230 4160 315 4241 vavi,
341 4157 522 4243 opperiens,
549 4156 628 4238 quid
650 4156 839 4223 deliberatio
860 4165 1000 4241 augusta
1021 4156 1203 4238 constituat,
1232 4157 1283 4221 cui
1307 4156 1367 4221 soli
1390 4155 1440 4220 las
1463 4161 1512 4221 est
1534 4155 1575 4221 de
1595 4155 1683 4221 scitis
1698 4154 1861 4221 divalibus

229 4262 385 4328 iudicare.

320 4453 350 4504 14
368 4450 437 4507 God.
458 4449 568 4504 Theod.
588 4448 660 4503 XllI
678 4452 703 4512 3,
724 4452 749 4504 9.

235 4625 646 4634 ———.——-.——-—

319 4745 372 4794 lc.
394 4748 433 4793 ulr
454 4744 513 4805 TM,
532 4744 669 4793 consularis
687 4744 736 4791 uiri
756 4743 782 4791 Γ
881 4744 1024 4791 huiusmodl
1042 4744 1181 4791 remedium
1200 4741 1229 4789 M
1330 4742 1480 4791 heiriadem
1500 4741 1529 4788 M
1639 4741 1779 4790 ieiriades
1798 4741 1828 4789 M

205 4874 207 4879 .
230 4838 387 4896 prospectum
408 4831 433 4880 Γ
559 4831 574 4878 5
593 4832 660 4878 elcut
679 4829 706 4878 Γ
834 4829 850 4878 6
868 4831 918 4877 uiri
936 4830 1074 4878 consuleris
1093 4825 1119 4876 Γ
1249 4826 1394 4895 liudiclis]
1412 4828 1483 4890 Suae,
1503 4828 1596 4876 iudicis
1616 4829 1642 4890 T,
1664 4826 1742 4877 iudici
1762 4827 1797 4890 M,
1819 4830 1858 4875 iu-

231 4919 303 4967 diciis
323 4917 349 4965 Γ
448 4918 567 4980 applicari
587 4918 681 4980 placuit
699 4915 724 4964 Γ

319 5004 345 5053 ll
369 5005 401 5053 b.
421 5002 562 5054 Theodoslo
580 5018 679 5066 semper
696 5005 763 5063 Aug.
784 5002 948 5062 Symmachus
967 5016 992 5049 u.
1013 5016 1035 5049 e.
1055 5002 1133 5062 prael.
1155 5002 1210 5048 urb.
1232 5000 1258 5049 Γ
1281 5003 1284 5009 ”
1366 4999 1397 5048 12
1415 5002 1605 5049 obseuuautiam
1626 5001 1647 5047 2·
1753 4999 1782 5048 l'l
1803 4995 1860 5051 eorl

231 5091 297 5156 imp-r
310 5090 344 5154 M,
366 5092 551 5152 l).lmperator
563 5089 594 5154 Γ,
614 5090 687 5151 efip.
703 5088 793 5153 279,'l
898 5090 1006 5136 loannes
1023 5088 1064 5135 uir
1081 5085 1240 5150 patritiusF
1342 5087 1373 5137 18
1392 5086 1631 5149 dlualiasoriptal'
1730 5086 1764 5135 20
1782 5087 1859 5149 Epic·

231 5175 340 5245 teu]l’‚
365 5179 468 5239 epistici
489 5177 540 5224 TM
676 5176 757 5224 adhue
779 5188 846 5224 uuna
865 5175 893 5221 M
1030 5173 1061 5222 21
1086 5176 1218 5223 summatis
1239 5172 1288 5221 PM
1424 5174 1451 5220 lrr
1469 5187 1518 5222 om.
1541 5172 1570 5220 M
1706 5179 1746 5220 est
1762 5188 1810 5221 om.
1833 5173 1861 5219 M

232 5262 264 5312 23
282 5264 372 5312 loanni
385 5262 410 5311 Γ
511 5258 665 5328 statuerunt]
684 5277 733 5323 epo,
755 5268 897 5310 statuerant
912 5259 963 5324 ΤΓ,
984 5268 1105 5309 statuerat
1120 5261 1148 5306 M
1250 5256 1427 5325 deserendum]
1449 5259 1536 5321 Meyer,
1557 5259 1652 5307 deterre
1670 5259 1765 5307 nudum
1787 5257 1864 5306 ΤΜΓ

231 5349 264 5398 25
283 5347 338 5416 sed]
358 5349 449 5412 Meyer,
469 5356 495 5398 et
516 5348 587 5396 TMI
700 5349 781 5395 oldaia
799 5346 826 5395 Γ
937 5348 969 5396 lb
988 5348 1164 5395 codicellorum
1186 5346 1237 5394 ΤΜ
1350 5345 1381 5394 27
1401 5346 1578 5408 explanatione
1599 5344 1624 5391 M
1737 5346 1786 5392 sibi
1802 5350 1859 5406 port

231 5436 380 5484 documenta
398 5438 470 5483 inser.
493 5433 519 5481 Γ
635 5432 668 5483 29
686 5432 745 5492 sort.
766 5435 794 5480 iu
811 5434 878 5481 huuc
895 5435 976 5483 locum
995 5434 1116 5494 graduum
1135 5440 1233 5481 seruato
1251 5432 1335 5480 ordine
1354 5433 1510 5480 mausieruut
1631 5430 1661 5478 31
1683 5445 1780 5478 summa
1798 5430 1826 5477 M

232 5523 375 5571 seruaui'l
478 5520 511 5570 32
529 5521 645 5581 operiens
665 5518 714 5566 TM
