4716 6476
993 833 1081 898 XVI.

804 987 1062 1054 SYMMACHVS
1086 988 1267 1056 ATTALO.
1871 992 1937 1054 PF

311 1161 421 1225 Vicem
452 1161 607 1226 sermonis
636 1160 701 1227 mei
730 1159 934 1227 desiderasse
963 1168 996 1227 te
1019 1162 1162 1244 gaudeo,
1196 1162 1254 1228 sed
1276 1163 1410 1228 amolior
1431 1163 1585 1229 invidiam
1608 1165 1847 1249 neglegentiae.

225 1271 337 1347 parate
365 1263 451 1329 enim
472 1282 627 1347 responsa
649 1263 792 1329 deseruit
814 1263 1002 1329 tabellarius
1024 1271 1098 1330 tuus
1121 1265 1263 1345 excitus,
1297 1273 1333 1332 nt
1354 1264 1451 1331 lando
1473 1267 1620 1352 eonperi,
1653 1268 1851 1335 valetudinis

194 1386 206 1426 e
224 1374 298 1432 tuae
323 1367 431 1432 dubio.
478 1366 629 1450 agnoscis
649 1387 766 1453 nempe
787 1367 947 1433 infucatas
970 1387 1042 1433 esse
1064 1388 1169 1450 neque
1192 1389 1233 1434 ex
1255 1370 1320 1434 alto
1342 1369 1426 1434 trahi
1449 1371 1637 1436 cessationis
1659 1391 1752 1437 meae
1775 1392 1852 1438 eau-

223 1489 288 1535 sas.
328 1490 394 1535 non
415 1470 468 1536 ibo
491 1469 630 1553 longius,
655 1470 732 1554 quia
754 1471 861 1536 brevis
885 1478 934 1536 est
956 1470 1096 1536 adsertio
1119 1472 1275 1537 veritatis.
1315 1492 1401 1538 nune
1422 1474 1593 1539 sanitatem
1616 1474 1674 1540 tibi
1693 1475 1847 1558 gratulor,

222 1592 286 1654 qno
308 1579 382 1658 post
402 1573 534 1639 nimium
557 1580 677 1639 metum
700 1574 828 1657 cognite
850 1575 984 1639 multum
1007 1573 1124 1639 diluxit
1145 1574 1179 1640 in
1200 1582 1329 1660 pectore
1351 1595 1423 1642 meo
1444 1577 1567 1660 gaudii.
1614 1577 1767 1643 indicium
1791 1598 1850 1643 au·
1873 1579 1892 1638 2

223 1682 288 1741 tem
317 1676 506 1760 respirantis
534 1676 653 1760 vigoris
675 1676 852 1742 litterarum
876 1682 1001 1742 tuarum
1024 1677 1207 1742 iucunditas
1229 1679 1393 1762 praetulit.
1439 1681 1524 1764 petis
1546 1701 1701 1763 namque,
1736 1688 1770 1745 ut
1791 1682 1851 1747 tibi

223 1779 266 1843 ad
295 1778 546 1845 confirmandam
575 1780 794 1846 valetudinem
824 1779 889 1846 stili
911 1781 974 1846 mei
997 1780 1140 1846 remedia
1163 1781 1413 1848 subministrem.
1459 1783 1618 1849 festivitas
1640 1784 1704 1849 ista
1726 1784 1851 1850 Baiana

180 1903 205 1941 ιο
225 1889 288 1961 est3
322 1881 430 1948 nimiis
451 1888 483 1949 te
507 1883 631 1948 salibus
653 1883 743 1949 sinus
765 1883 921 1948 Lucrinus
942 1882 1063 1949 infecit.
1112 1891 1202 1950 estne
1225 1884 1348 1966 aliquid
1370 1885 1405 1950 in
1429 1885 1535 1951 verbis
1558 1885 1656 1967 meis,
1683 1886 1769 1970 quod
1791 1908 1851 1951 au-

224 2005 275 2051 res
297 1992 371 2053 tuas
393 1986 538 2070 sospitet,
563 1987 649 2071 quod
671 1986 864 2053 medicinam
886 1988 1034 2053 sensibus
1056 1987 1176 2053 faciat?
1212 1988 1318 2069 credo,
1345 1989 1520 2055 consentio.
1566 2010 1640 2054 nam
1663 1990 1851 2076 plerumque

225 2109 335 2153 amara
363 2089 479 2155 haustu
507 2090 550 2156 ad
578 2091 716 2157 salutem
744 2090 855 2156 valent
883 2096 916 2156 et
945 2090 1032 2156 sucis
1061 2089 1207 2157 tristibus
1236 2091 1365 2158 adlecta
1394 2092 1587 2158 releventur.
1635 2092 1693 2157 sed
1718 2093 1851 2158 nimium
1875 2096 1893 2157 3

225 2199 377 2276 quantum
399 2213 517 2259 auarus
539 2213 591 2275 es,
624 2193 680 2277 qui
701 2193 857 2259 Flaviano
880 2213 951 2259 meo
974 2200 1145 2278 praesente
1168 2195 1338 2278 quicquam
1360 2195 1515 2278 requiris,
1545 2194 1580 2261 in
1602 2216 1665 2279 quo
1686 2202 1777 2262 tanta
1799 2217 1851 2263 re-

226 2316 294 2361 rum
316 2296 471 2362 bonarum
501 2295 718 2363 delenimenta
743 2303 832 2377 sunt,
866 2304 901 2362 ut
922 2297 1001 2362 mihi
1023 2298 1117 2379 quasi
1138 2296 1226 2383 apud
1247 2298 1378 2365 Sirenas
1402 2304 1458 2363 ant
1480 2299 1685 2384 Lotophagos
1707 2300 1854 2366 haesisse

183 2418 209 2459 rs
226 2399 376 2465 videaris.
415 2406 512 2484 atque
535 2400 657 2467 utinam
680 2408 785 2466 vestro
808 2400 870 2466 otio
893 2401 1058 2484 iungerer;
1085 2401 1158 2486 plus
1182 2401 1222 2467 de
1245 2401 1336 2467 vobis
1354 2420 1503 2485 caperem
1519 2402 1728 2484 salubritatis,
1755 2423 1851 2485 quam

226 2508 260 2567 tu
281 2501 459 2585 desideras,
485 2503 540 2586 qui
561 2524 583 2570 a
605 2524 656 2569 me
679 2503 767 2570 solas
788 2504 914 2571 litteras
936 2504 1122 2589 poposcisti.
1171 2505 1254 2571 vale.

985 2814 1089 2879 XVII.

804 2969 1064 3036 SYMMACHVS
1086 2970 1271 3037 ATTALO.
1875 2974 1909 3035 P

312 3141 361 3205 Ne
383 3161 444 3225 ego
466 3140 583 3208 frustra
604 3142 760 3208 haetenus
781 3143 878 3226 tacui,
905 3143 980 3209 dum
1003 3149 1035 3208 te
1057 3142 1206 3228 promissi
1228 3118 1333 3208 certus
1355 3143 1512 3228 opperior.
1560 3143 1690 3209 tandem
1713 3144 1853 3211 redeun-

181 3261 209 3303 ιι
229 3243 302 3309 dum
332 3243 411 3308 mihi
440 3250 490 3310 est
518 3244 561 3310 ad
584 3254 737 3313 consueta
760 3247 883 3312 solacia
904 3246 1071 3312 meliorum
1095 3246 1328 3330 desperatione.
1377 3253 1408 3313 et
1429 3247 1567 3313 fortasse
1590 3266 1759 3314 suscenses
1781 3249 1853 3314 din-

227 3353 318 3413 tnmo
352 3348 481 3414 silentio
513 3369 596 3414 meo.
642 3348 678 3414 id
709 3370 785 3417 vero
819 3351 916 3417 etiam
949 3351 1107 3434 reliquum
1138 3357 1203 3434 est,
1240 3358 1276 3417 ut
1300 3350 1415 3417 inritus
1443 3350 1676 3436 eaepectationis
1706 3370 1855 3418 arcessor

231 3501 414 3515 ........
429 3471 500 3517 eres
528 3451 627 3535 igitur
655 3452 734 3518 iuris
762 3454 809 3520 tui
840 3474 938 3540 super
960 3453 1113 3520 ordiendo
1136 3453 1250 3520 itinere
1273 3460 1359 3519 stare
1382 3454 1561 3538 promissis.
1608 3476 1660 3521 me
1683 3475 1755 3521 esse
1778 3475 1855 3520 eon-

227 3561 348 3621 tentnm
376 3555 435 3621 tali
464 3554 624 3621 levamine
652 3577 716 3621 non
745 3557 886 3641 pigebit;
919 3559 980 3624 hoe
1003 3564 1089 3624 certe
1111 3557 1288 3624 officiorum
1312 3557 1489 3624 conmereio
1512 3565 1569 3623 aut
1591 3558 1735 3641 solabor,
1769 3559 1854 3640 qnod

228 3678 290 3723 non
311 3658 413 3739 venis,
440 3667 496 3726 aut
516 3658 671 3743 merebor,
698 3667 734 3726 ut
754 3661 877 3727 veniae.
924 3662 1011 3728 vale.

904 3970 1014 4034 XVIII
1043 3991 1075 4036 a.
1094 3975 1180 4036 397?

806 4126 1066 4193 SYMMAcflvs
1090 4125 1274 4192 ATTALO.

313 4297 461 4362 Proxime
489 4297 530 4362 de
551 4297 722 4363 Formiano
753 4302 825 4363 sinu
855 4317 1022 4381 regressus
1050 4298 1085 4363 in
1113 4298 1214 4363 larem
1237 4298 1384 4364 Caelium
1412 4297 1505 4363 demo
1534 4298 1658 4364 iamdiu
1685 4299 1801 4364 abesse
1824 4306 1856 4364 te

230 4399 369 4486 eonperi.
421 4400 530 4465 datum
559 4421 634 4466 mox
662 4401 826 4485 negotium
854 4409 905 4467 est
933 4402 1113 4485 Theophila
1144 4401 1303 4467 communi
1332 4400 1436 4467 amieo
1465 4409 1498 4468 et
1527 4422 1611 4467 nune
1640 4401 1764 4467 itineris
1793 4403 1857 4467 mei

231 4504 325 4583 socio,
352 4509 387 4568 ut
408 4510 441 4570 et
463 4502 506 4568 ad
527 4509 559 4569 te
582 4504 617 4569 in
630 4504 795 4570 Tiburtem
817 4526 932 4587 agrum
954 4505 1075 4570 reditus
1098 4505 1161 4571 mei
1182 4504 1313 4570 nuntius
1329 4510 1480 4590 pergeret
1495 4511 1527 4571 et
1541 4504 1744 4570 salutationis
1759 4504 1857 4570 verba

183 4624 211 4663 ιι
229 4605 395 4690 perferret.
441 4605 526 4671 hunc
553 4613 605 4689 tn,
640 4615 674 4674 ut
702 4628 739 4673 es
767 4608 911 4673 curiosus
942 4629 1046 4673 rerum
1070 4629 1231 4687 mearum,
1266 4608 1359 4690 quasi
1381 4609 1491 4692 aliqua
1512 4607 1570 4673 tibi
1591 4608 1625 4673 in
1647 4628 1706 4673 nos
1728 4609 1856 4674 decreto

230 4709 358 4793 publico
380 4709 545 4793 inquisitio
568 4718 654 4776 esset
675 4713 804 4795 tributa,
831 4710 1036 4795 quaeritando
1058 4712 1166 4796 palam
1189 4712 1296 4777 faeere
1312 4711 1457 4795 coegisti,
1482 4731 1568 4795 quae
1584 4711 1661 4777 loris
1676 4731 1853 4796 gesseram.

229 4832 303 4877 narn
332 4811 392 4878 hoc
421 4814 589 4880 confessae
620 4822 694 4880 sunt
724 4815 849 4882 litterae
876 4823 968 4898 tuae,
1002 4835 1083 4898 quas
1105 4815 1191 4881 idem
1215 4815 1264 4880 vir
1285 4814 1424 4899 optimus
1447 4815 1647 4900 Theophilus
1668 4814 1853 4901 reportavit.

591 4991 641 4998 .-

314 5092 397 5141 2ονιι.
413 5093 436 5139 P
537 5093 680 5155 bgratnlor
698 5094 745 5142 tlbl
762 5094 886 5142 redditam
904 5093 999 5142 lerel'
1100 5093 1209 5157 'lquere
1223 5092 1268 5141 PP
1370 5093 1496 5153 cognitam
1508 5091 1554 5140 Pr
1657 5092 1689 5142 12
1707 5094 1796 5142 hausta
1810 5092 1854 5155 (Γ)

233 5178 262 5227 ll
280 5178 445 5228 delinimenta
463 5179 508 5227 Pl
523 5196 558 5230 m.
681 5181 733 5229 loeo
751 5182 819 5241 leges
839 5179 862 5227 P
989 5180 1020 5229 15
1038 5182 1157 5242 iungeret
1174 5182 1232 5243 plns
1251 5180 1282 5228 de
1301 5176 1387 5246 uobis]
1405 5181 1435 5242 P,
1454 5181 1573 5241 perillera
1591 5179 1614 5227 P
1734 5194 1808 5242 quem
1827 5184 1856 5227 tu

229 5262 366 5332 desideres]
384 5266 411 5327 P,
432 5262 621 5333 qnasssssfsllsss
638 5266 661 5313 P
764 5266 795 5314 16
814 5267 959 5329 poposcisti.
979 5262 1048 5334 urle]
1067 5268 1096 5329 P,
1116 5263 1301 5334 subdidisti
1319 5266 1342 5313 P

317 5351 348 5401 19
367 5358 471 5400 eotenus
491 5351 514 5398 P
530 5357 542 5401 1
556 5367 591 5402 m.
714 5349 827 5417 pslmissi
845 5353 867 5400 P
1005 5353 1034 5402 21
1055 5354 1165 5415 reliqum
1186 5353 1208 5400 P
1226 5357 1237 5401 1
1255 5368 1289 5402 m.
1413 5347 1609 5418 expectationis]
1627 5352 1735 5414 Iuratae,
1757 5357 1857 5414 spectr-

230 5439 305 5487 tlenla
324 5435 373 5485 PI'
471 5434 592 5505 arcessar]
610 5437 748 5501 Scioppius,
769 5453 907 5487 arcesseres
927 5437 978 5499 PF,
999 5440 1117 5488 lucanum
1135 5438 1243 5487 indiceret

316 5523 349 5574 28
367 5524 469 5573 theofilo
486 5524 508 5571 P
609 5522 642 5573 29
661 5521 803 5591 Tiburtem]
824 5526 852 5574 0.
867 5526 896 5574 P.
917 5525 952 5574 W.
969 5525 1082 5588 Mueller,
1103 5527 1213 5574 tiburem
1231 5526 1255 5573 P
1371 5523 1400 5574 31
1421 5526 1521 5587 publico
1539 5525 1672 5586 Inquisitio
1691 5520 1769 5590 esset]
1790 5524 1854 5586 (Π),

229 5606 490 5677 lllllllllllllllldlwi
507 5611 530 5659 P
649 5607 823 5677 quaeritando]
840 5625 892 5673 epe,
912 5612 1035 5660 nereendo
1055 5612 1119 5674 (Π),
1141 5608 1255 5677 narseus]
1275 5610 1304 5673 Ρ,
1324 5611 1458 5660 scrutando
1478 5609 1568 5659 Mercer
1679 5612 1759 5673 palam
1780 5612 1857 5659 iecere

230 5693 344 5762 moestu
366 5696 431 5759 ιιι),
450 5694 717 5764 ιιιιιιιιιιιιοιιιι
842 5706 965 5758 rosseum
1060 5695 1116 5764 1100]
1137 5698 1201 5762 (ιιι,
1227 5694 1446 5763 ιωωιιιιιιιιι
1583 5696 1615 5746 ³2
1634 5696 1700 5744 uem
1719 5693 1769 5763 uu
1790 5696 1855 5757 rur,

229 5785 302 5843 perc
320 5782 388 5830 aa
491 5781 648 5832 creemur>
