4716 6476
939 509 1053 566 LIBER
1070 511 1149 568 VIII.
1793 519 1856 580 229

233 697 326 763 miles
355 698 494 764 rorarios
520 699 705 765 aemuleris.
752 699 831 781 quid
859 700 975 767 faciam
1003 721 1103 767 senex
1132 703 1297 785 garrulus,
1330 702 1382 768 cui
1409 722 1560 769 mensura
1583 704 1739 771 sermonis
1761 725 1782 770 a
1803 704 1854 771 iu·
1875 710 1912 769 Π

234 820 314 866 vene
343 801 594 885 praescribitur?
629 802 727 869 trahit
755 823 815 869 nos
845 804 957 871 vitium
987 805 1091 872 senile
1121 805 1314 887 verbositas,
1350 805 1408 872 sed
1437 805 1572 872 occurrit
1595 807 1793 893 exemplum,
1826 814 1859 873 ei

234 902 364 968 fastidia
393 903 518 969 aurium
547 913 673 971 tuarum
702 905 742 972 de
772 906 839 972 stili
869 908 1024 974 brevitate
1055 909 1208 975 coniecto.
1262 930 1325 975 non
1358 909 1443 976 enim
1472 909 1625 976 violanda
1653 917 1703 977 est
1731 910 1857 977 interim

234 1004 311 1070 mibi
333 1006 473 1091 paginae
495 1015 571 1074 tuae
592 1007 741 1075 formula.
788 1011 964 1095 expectabo
988 1018 1113 1094 tamen,
1140 1032 1182 1076 an
1204 1011 1328 1097 copiam
1352 1012 1393 1079 de
1415 1033 1467 1079 me
1490 1012 1615 1097 exigas,
1641 1013 1669 1079 si
1690 1013 1784 1099 plura
1807 1035 1858 1080 re-

205 1132 217 1172 s
234 1127 412 1194 sonpserrs.

802 1389 1027 1456 XXXXVIIII
1047 1392 1288 1473 (XXXXVIHJ.

903 1544 962 1609 AD
984 1546 1186 1611 VITALEM.
1882 1556 1916 1619 F

320 1713 385 1780 Diu
415 1714 545 1780 sanitati
572 1715 691 1799 pariter
712 1734 751 1780 ae
773 1716 934 1783 venustati
957 1714 1134 1783 litterarum
1156 1725 1283 1784 tuarum
1306 1718 1475 1784 mediocris
1498 1719 1618 1802 eloquii
1640 1720 1787 1786 bonseias
1809 1740 1861 1786 re-

235 1816 393 1902 spondere
423 1816 587 1899 dubitavi,
621 1818 680 1884 sed
708 1819 823 1902 religio
853 1820 938 1904 rupit
966 1820 1124 1886 timorem.
1170 1822 1270 1888 malui
1301 1822 1386 1888 enim
1413 1821 1471 1888 tibi
1494 1822 1568 1888 stilo
1590 1844 1686 1906 quam
1709 1823 1862 1908 superbia

192 1940 217 1979 uo
235 1918 417 2004 displicere.
463 1920 622 2004 quidquid
643 1921 742 2004 igitur
763 1920 824 1987 boc
846 1930 910 2004 ost,
936 1923 1022 2004 quod
1045 1929 1133 1990 tenet
1155 1924 1293 2008 pagina,
1319 1945 1459 2008 quaeso,
1485 1931 1521 1992 ut
1541 1925 1618 1991 boni
1641 1927 1790 1991 consulas
1813 1934 1862 1992 te-

234 2042 296 2106 que
326 2022 494 2089 submiitas
523 2024 568 2089 ad
596 2024 847 2092 mediocritatem
875 2026 1065 2111 scriptorum
1093 2048 1253 2111 meorum,
1286 2049 1325 2094 ne
1354 2029 1542 2095 retundatur
1557 2025 1711 2095 'officium
1741 2049 1857 2109 meum,

236 2125 310 2190 dum
335 2126 524 2212 desperatur
545 2126 692 2194 imitatio.
739 2130 824 2195 vale.

892 2405 919 2469 u
944 2404 1202 2490 (xxxxvmrj.

923 2560 983 2624 AD
1005 2559 1168 2626 rovrvm.
1883 2570 1922 2629 rr

191 2748 219 2789 ru
321 2728 514 2793 Iamdudum
544 2728 630 2794 datis
660 2730 703 2795 ad
732 2737 764 2796 te
794 2731 910 2798 litteris
940 2739 1051 2798 mutua
1080 2731 1200 2816 scripta
1227 2753 1292 2797 non
1321 2733 1440 2814 merui,
1472 2739 1505 2799 ei
1532 2739 1641 2799 tamen
1665 2734 1862 2819 propositum

236 2851 341 2896 meum
364 2851 497 2898 servans
520 2832 792 2899 honorificentiam
815 2834 998 2919 scriptionis
1019 2834 1175 2901 instauro.
1222 2835 1317 2901 oredo
1340 2836 1443 2919 enim,
1476 2836 1562 2918 quod
1585 2842 1737 2920 negatam
1759 2836 1860 2920 primo

235 2933 341 2999 ofiioio
363 2934 466 3001 vicem
490 2935 542 3001 vel
564 2956 648 3002 nunc
670 2936 841 3022 impetrare
863 2938 964 3022 possit
986 2938 1123 3004 iteratio.

985 3213 1029 3279 ur
1053 3214 1113 3297 (n).
1415 3298 1417 3303 ⁴

835 3367 894 3433 uo
921 3368 1260 3434 uuxmnnmvru.
1887 3374 1922 3436 F

191 3556 218 3599 uo
323 3536 561 3604 Adsiduitatem
590 3538 777 3625 scriptorum
807 3560 948 3607 meorum
978 3540 1037 3607 tibi
1066 3560 1138 3608 esse
1167 3540 1299 3607 fastidio
1320 3562 1421 3627 prope
1443 3542 1566 3608 adserit
1587 3541 1702 3607 raritas
1723 3549 1796 3621 tua3
1830 3561 1865 3607 es

242 3642 326 3709 enim
356 3648 483 3728 praeter
512 3642 641 3708 solitum
671 3663 788 3727 parcus
811 3644 939 3729 eloquii.
987 3644 1045 3710 sed
1067 3651 1158 3711 tueor
1179 3645 1390 3711 constantiam
1413 3644 1603 3728 diligentiae
1625 3665 1684 3711 nee
1707 3666 1728 3711 a
1750 3664 1867 3729 propo-

237 3745 299 3811 sito
329 3745 604 3830 argumentatione
633 3745 784 3812 deducor.
832 3746 892 3812 erit
921 3752 1063 3831 potestas
1092 3754 1149 3813 tua
1177 3748 1262 3814 hunc
1290 3747 1390 3814 animi
1419 3747 1484 3813 mei
1505 3747 1649 3814 habitum
1670 3748 1724 3813 uel
1746 3768 1866 3831 augere

239 3848 364 3916 silentio
387 3849 440 3914 vel
463 3848 580 3915 litteris
602 3869 764 3916 amovere.
810 3850 895 3915 vais.

972 4126 1031 4191 rm
1051 4127 1130 4209 (uu.

192 4314 220 4355 ²⁵
324 4296 490 4376 Quatenus
512 4317 563 4362 me
585 4295 733 4362 absentia
754 4303 810 4362 tua
833 4296 1007 4380 contristet,
1033 4297 1212 4381 intellegis3
1238 4320 1313 4364 nam
1335 4299 1409 4365 ideo
1435 4349 1613 4364 .......
1639 4299 1864 4365 necessitatem
1887 4307 1924 4365 li

239 4399 297 4465 tibi
326 4421 347 4465 a
373 4399 440 4465 filio
469 4420 541 4466 meo
571 4398 685 4465 scribis
712 4399 903 4481 iniunctam,
938 4406 975 4465 ut
1002 4400 1125 4486 publici
1153 4401 1274 4484 negotii
1297 4401 1504 4468 excusatione
1527 4401 1685 4486 purgeris.
1731 4403 1867 4467 alterum

238 4501 336 4584 igitur
363 4502 512 4586 religioni
539 4510 614 4569 tuae
645 4522 686 4582 ex
714 4509 847 4586 utroque
869 4503 1054 4569 iaciendum
1076 4511 1141 4581 est,
1172 4511 1208 4570 ut
1228 4511 1285 4570 aut
1306 4525 1469 4571 cervorum
1492 4511 1549 4571 aut
1569 4525 1717 4589 aprorum
1742 4505 1866 4589 copiam

239 4605 346 4672 mittas
375 4612 430 4670 aut
460 4604 493 4670 in
523 4611 729 4690 conspectum
758 4605 854 4672 amici
885 4605 1022 4673 celerius
1045 4607 1227 4673 revertaris.
1273 4607 1365 4673 nulla
1386 4607 1472 4673 enim
1494 4607 1672 4674 satisfactio
1694 4608 1782 4675 iusta
1803 4608 1867 4673 iam

240 4708 390 4793 suppetit,
419 4709 447 4775 si
471 4715 503 4775 et
524 4707 572 4773 ilii
594 4717 745 4775 venatum
768 4716 800 4775 et
821 4710 901 4775 mihi
922 4709 1078 4776 solacium
1100 4709 1284 4793 denegaris.

244 4913 653 4920 ——-——..-.--.--.—.—-.

327 5040 433 5089 imilea
450 5055 500 5090 em.
515 5039 541 5088 Γ
632 5037 747 5107 rorarios]
759 5038 790 5104 Γ,
811 5043 923 5089 aurarius
936 5040 986 5104 (Π)
1091 5039 1399 5109 iuerbositaa]1urctaa,
1419 5043 1573 5092 uboaitaaH
1675 5037 1790 5108 danim]
1803 5043 1864 5106 (Π),

239 5126 296 5187 sori.
318 5141 375 5188 ergo
393 5132 438 5175 aut
454 5129 532 5188 igitur
635 5126 651 5175 4
670 5128 693 5175 si
709 5128 782 5189 plura
800 5128 969 5176 reseribserim
988 5126 1018 5187 Γ,
1038 5129 1079 5176 cui
1098 5142 1152 5178 rare
1170 5130 1300 5193 scripseris
1319 5127 1370 5190 (Π)

327 5212 341 5261 'l
359 5214 447 5262 σπη’
566 5211 582 5262 8
601 5208 658 5278 diu]
675 5215 720 5275 qui
739 5210 777 5259 ΡΒ
898 5213 1020 5261 suauitati
1039 5211 1078 5260 F²
1090 5217 1107 5263 2
1118 5231 1153 5264 m.
1275 5216 1398 5264 uetustati
1418 5211 1479 5263 ΡΗ
1495 5230 1529 5264 m.
1647 5221 1748 5262 tuarum
1765 5228 1815 5262 om.
1831 5210 1868 5260 F³

241 5297 331 5349 ilatilo
349 5300 396 5347 tibi
416 5296 453 5345 F³
567 5297 598 5347 lo
617 5295 657 5364 nt]
675 5301 717 5347 uel
737 5295 774 5346 F²
886 5295 976 5365 teque]
994 5305 1020 5347 et
1038 5297 1077 5347 ΡΒ
1194 5301 1221 5350 ii
1242 5298 1601 5361 tumultuationem
1704 5296 1748 5365 ne]
1767 5295 1864 5362 ΠΜ,

242 5398 290 5433 nou
309 5383 345 5432 ΡΙ
450 5384 600 5447 retundatpp
618 5379 656 5431 F²
762 5384 793 5434 12
812 5381 970 5450 desperatur]
989 5384 1031 5446 (11
1034 5386 1050 5449 )‚
1071 5387 1225 5448 speratbrl'
1325 5387 1382 5436 nale
1399 5400 1447 5434 om.
1463 5383 1503 5433 pa

327 5469 359 5520 19
376 5471 462 5520 emir
576 5468 831 5519 aurasicensem
947 5469 978 5519 21
998 5471 1109 5532 adloquii
1128 5470 1172 5535 (Γ)
1277 5472 1475 5532 diligentissime
1492 5463 1510 5519 ri
1528 5472 1641 5534 apposito
1661 5468 1700 5517 1⁵¹³
1808 5485 1867 5532 pro·

241 5556 322 5616 posita
340 5554 390 5619 (Π)
524 5554 557 5605 22
576 5556 817 5617 argumentationem
836 5555 874 5604 F²
995 5558 1106 5605 animum
1126 5554 1162 5605 F³
1282 5560 1333 5607 mei
1350 5560 1464 5608 habitum
1484 5559 1524 5606 uel
1542 5553 1644 5606 om.1r‘³
1773 5556 1805 5606 23
1824 5558 1868 5605 ad·

242 5654 340 5689 monere
359 5638 398 5687 8³
501 5641 558 5689 nale
576 5656 624 5692 orn.
640 5640 678 5690 Fi

327 5726 360 5775 25
378 5727 433 5774 ideo
451 5729 626 5776 necessitatem
639 5728 697 5790 (11),
718 5730 820 5789 supple:
839 5728 1186 5790 letarumconqulreudarum
1202 5731 1332 5779 velaimiie
1345 5730 1404 5792 quid
1508 5728 1541 5778 27
1561 5723 1675 5794 tuae]I⁷,
1697 5742 1766 5777 meae
1780 5728 1830 5792 (Π)

242 5820 268 5860 et
284 5827 400 5875 aprorum
417 5813 548 5877 Scioppius
651 5812 684 5866 28
702 5815 770 5863 iusta
786 5810 849 5883 iam]
866 5827 918 5876 epo,
939 5813 1038 5864 iustitia
1057 5813 1136 5877 (HJI'
1236 5814 1269 5864 29
1288 5812 1413 5882 suppetit]
1434 5813 1464 5875 Γ,
1485 5815 1615 5878 supplebit
1633 5814 1685 5877 (Π)
