4736 6478
1105 482 1301 538 SYMMAOHI
1319 482 1531 538 EPISTVLAE

1182 812 1225 875 VI
1246 812 1292 893 (V)
1327 832 1358 876 a,
1378 814 1453 876 398.

1124 948 1183 1011 AD
1207 946 1510 1012 STILICHONEM

589 1118 904 1184 Commendationem
928 1140 993 1184 non
1015 1118 1189 1197 desiderat,
1215 1118 1269 1202 qui
1292 1119 1335 1183 ad
1357 1119 1504 1203 agendas
1525 1120 1648 1202 gratias
1670 1120 1786 1203 pergit,
1813 1127 1845 1185 et
1865 1119 1939 1184 ideo
1955 1118 2132 1183 Flavianus

503 1219 588 1284 iilius
611 1241 702 1285 meus
725 1221 826 1287 fretus
849 1221 997 1287 culminis
1019 1223 1065 1287 tui
1088 1221 1252 1287 beneficiis
1273 1222 1360 1287 levat
1374 1222 1556 1288 istiusmodi
1571 1222 1682 1288 labore
1697 1243 1806 1287 curam
1821 1221 1976 1307 parentis.
2016 1228 2127 1297 restat,

503 1329 538 1388 ut
559 1324 716 1403 scribam,
749 1325 834 1408 quod
856 1325 943 1390 illius
966 1344 1071 1389 coram
1094 1324 1267 1407 gratulatio
1290 1332 1457 1409 sequetur,
1490 1324 1569 1390 nihil
1595 1344 1667 1390 esse
1690 1325 1732 1389 ad
1755 1324 1964 1409 integrandas
1986 1324 2132 1389 fortunas
2153 1350 2166 1388 s

461 1431 479 1490 2
503 1426 663 1492 hominum
688 1427 857 1492 virtutibus
879 1427 942 1493 tuis
965 1428 1155 1512 promptius,
1195 1427 1383 1494 reddideras
1405 1428 1558 1494 inclinato
1580 1428 1747 1514 prIstinum
1772 1436 1887 1495 statum
1912 1436 1944 1494 et
1965 1426 2132 1513 putabaris

501 1530 738 1614 consumpsisse
767 1530 979 1614 praestanda;
1012 1550 1097 1596 nunc
1125 1530 1253 1596 adiecta
1282 1537 1331 1595 est
1353 1530 1383 1595 ei
1410 1530 1607 1596 honorabilis
1637 1531 1801 1613 evocatio,
1834 1550 1931 1615 quarn
1958 1529 2133 1596 testimonii

500 1632 546 1698 tui
568 1632 650 1698 iuvit
670 1634 854 1698 auctoritas.
895 1653 993 1697 novos
1016 1634 1242 1699 beneficiorum
1265 1632 1386 1716 gradus
1408 1633 1536 1698 invenis
1559 1640 1592 1699 et
1613 1633 1844 1699 inconstantem
1866 1640 1959 1718 putas
1973 1653 2127 1711 amorem,

500 1735 555 1818 qui
576 1735 774 1802 incrementa
794 1757 857 1801 non
880 1737 1006 1821 accipit.
1049 1757 1067 1800 o
1090 1736 1196 1801 sclicla
1210 1737 1331 1819 ingenii
1349 1736 1598 1820 benignitatem!
1636 1736 1716 1819 quid
1732 1736 1888 1802 Flaviano
1903 1757 1974 1800 meo
1988 1735 2132 1820 amplius

500 1838 613 1919 velim,
647 1840 773 1921 nescio,
807 1860 877 1904 cum
901 1846 934 1904 tu
958 1847 1070 1924 sponte
1093 1860 1301 1924 praecurrens
1324 1839 1516 1924 inpudentes
1538 1860 1598 1903 nos
1628 1839 1731 1904 facias
1754 1839 1938 1919 aestimari,
1973 1840 2001 1902 si
2024 1838 2131 1903 adhuc
2154 1865 2184 1905 ro

500 1940 625 2022 aliquid
648 1949 806 2026 optamus.

1161 2202 1220 2265 vu
1241 2201 1305 2283 (vn
1343 2221 1375 2265 a.
1395 2203 1469 2264 aaa.

1118 2338 1177 2403 ao
1201 2337 1508 2403 sulmonensis.

585 2509 774 2575 Erectiones
796 2510 986 2594 impetrasse
1008 2531 1059 2576 me
1082 2510 1227 2594 gaudeo,
1252 2510 1370 2594 quibus
1392 2518 1574 2595 praeturam
1596 2508 1656 2574 filii
1679 2510 1741 2576 mei
1765 2509 1891 2586 virtute,
1918 2530 1984 2592 qua
2009 2510 2125 2596 polles,

498 2611 608 2676 iuvare
631 2612 782 2695 dignatus
804 2633 850 2678 es.
891 2620 1001 2693 restat,
1028 2621 1063 2679 ut
1084 2615 1238 2693 cumules,
1266 2633 1349 2695 quae
1371 2613 1532 2696 magnifici
1554 2613 1652 2678 animi
1674 2611 1904 2678 cousuetudine
1921 2612 2121 2697 praestitisti,
2148 2639 2177 2679 rs

497 2722 531 2779 et
552 2714 727 2781 familiares
749 2734 838 2781 meos
859 2716 892 2780 in
915 2716 1088 2801 Hispanias
1111 2717 1225 2780 missos
1247 2717 1287 2781 ob
1310 2736 1463 2799 equorum
1486 2717 1642 2781 curulium
1658 2716 1891 2799 coemptionem
1907 2723 2125 2781 transcurrere

498 2819 642 2902 protinus
663 2819 796 2897 iubeas,
826 2817 904 2901 quia
932 2825 1074 2903 tempore
1103 2818 1230 2883 futurae
1254 2818 1402 2885 editionis
1429 2840 1613 2902 urguemur.
1660 2817 1742 2883 illud
1766 2825 1872 2884 autem
1897 2817 1938 2884 de
1962 2825 1994 2884 te
2017 2825 2127 2904 petere

496 2942 561 2987 nou
583 2921 697 3003 audeo,
724 2921 783 2987 sed
805 2932 858 2986 tuo
882 2921 1027 3004 relinquo
1049 2921 1177 3003 iudicio,
1204 2943 1246 2987 au
1268 2923 1418 2987 effectum
1441 2921 1594 2987 desiderii
1618 2921 1680 2986 mci
1704 2921 1790 2986 datis
1813 2921 1855 2986 ad
1871 2922 1992 2986 amicos
2008 2921 2126 2987 litteris

499 3025 681 3110 praecipias
705 3025 863 3090 adiuvari.

1193 3283 1270 3347 VIII
1306 3304 1339 3348 a.
1359 3288 1432 3347 401.

1116 3420 1175 3484 AD
1199 3420 1503 3487 STILICHONEM.

586 3593 741 3675 Intellego
763 3614 804 3658 err
826 3612 915 3657 mora
936 3600 969 3658 et
990 3592 1190 3658 cunctatione
1213 3594 1358 3678 rescripti
1389 3601 1485 3675 ablue
1510 3642 1659 3656 ......
1693 3591 1814 3671 divini,
1848 3592 1971 3676 aliquid
2000 3591 2032 3656 in
2063 3592 2123 3672 hIs,

499 3718 583 3780 quae
605 3696 766 3781 praetoria
787 3695 845 3760 tilii
868 3695 931 3760 mei
954 3695 1147 3780 supplicatio
1169 3695 1411 3780 conprehendit,
1438 3695 1646 3778 incougruum
1670 3696 1721 3760 vel
1746 3694 1881 3760 dubium
1904 3695 2050 3775 iudicari,
2077 3704 2128 3761 at-

500 3820 562 3883 que
584 3800 657 3865 ideo
679 3799 785 3864 denuo
807 3785 868 3865 tibi
888 3798 1075 3883 petitionum
1100 3819 1243 3865 mearum
1267 3799 1369 3864 debeo
1391 3804 1558 3885 praestare
1582 3798 1746 3864 rationem.
1795 3798 1835 3864 de
1858 3798 1950 3883 equis
1972 3800 2012 3865 ob
2034 3807 2129 3866 nata-
2170 3858 2172 3861 .

500 3904 562 3969 lem
578 3902 611 3968 d.
630 3923 661 3967 n.
681 3901 814 3967 Honorii
832 3950 1009 3966 .......
1028 3908 1061 3967 et
1078 3900 1280 3987 invictissimi
1303 3900 1455 3986 principis
1478 3899 1668 3984 largIendis,
1696 3899 1772 3966 licet
1793 3901 1854 3966 hoc
1875 3922 1959 3967 anno
1982 3903 2128 3985 obsequii
2149 3928 2180 3971 aa

499 4006 593 4072 istius
622 4014 749 4090 tempus
778 4003 956 4083 effluxerit,
989 4005 1101 4090 opinor
1130 4011 1239 4069 votum
1270 4024 1375 4069 meum
1406 4024 1468 4069 non
1499 4004 1644 4089 potuisse
1672 4004 1874 4089 reprehendi.
1921 4026 2025 4089 aquae
2048 4003 2128 4073 'vero

499 4109 667 4176 theatralis
696 4115 729 4174 et
757 4108 1006 4174 holosericarum
1036 4108 1173 4174 vestium
1202 4107 1385 4193 impetratio
1414 4106 1513 4172 ctiam
1539 4107 1614 4172 aliIs
1636 4114 1711 4172 ante
1733 4127 1784 4172 me
1806 4109 1996 4193 plerumque
2019 4109 2129 4175 delata

461 4217 480 4276 2
503 4221 553 4278 est
574 4220 607 4278 et
627 4211 700 4277 ideo
722 4212 850 4277 iuvatur
872 4210 1040 4296 exemplis.
1086 4210 1357 4295 amphitheatrum
1381 4213 1413 4273 io
1436 4211 1673 4295 spectaculum,
1706 4208 1791 4309 qupd
1822 4211 1956 4277 editioni
1984 4211 2043 4277 filii
2065 4212 2129 4278 mei

500 4325 629 4401 propter
657 4315 869 4400 capacitatem
897 4315 961 4379 loci
992 4321 1066 4399 opto
1096 4314 1245 4395 concedi,
1278 4313 1375 4380 etiam
1406 4314 1538 4379 ludicris
1561 4321 1763 4397 quaestorum
1787 4315 2043 4398 praelusionibus
2065 4336 2127 4382 non

499 4426 663 4503 negatum,
689 4418 869 4485 testimonio
892 4424 967 4483 suut
988 4417 1144 4502 rescripto
1169 4466 1349 4481 .......
1374 4417 1546 4502 privilegio
1569 4416 1647 4481 solis
1670 4423 1780 4500 patere
1803 4417 2001 4484 consulibus.
2047 4418 2128 4484 sciat
2148 4446 2180 4487 uo

499 4542 520 4586 a
541 4542 592 4588 me
615 4521 738 4588 dudum
759 4521 805 4586 rei
827 4520 922 4586 istius
944 4521 1139 4605 processisse
1162 4520 1365 4605 principium,
1393 4540 1457 4585 non
1480 4527 1516 4585 ut
1530 4518 1662 4602 fastigio
1679 4519 1851 4603 consulari,
1876 4521 1963 4603 quod
1978 4525 2126 4605 pmmime

500 4625 545 4689 tui
568 4625 716 4691 culminis
738 4624 818 4691 felix
839 4631 873 4689 et
900 4623 976 4689 olim
1007 4622 1135 4688 debitus
1164 4622 1372 4705 magistratus
1402 4622 1543 4705 ornavit,
1577 4642 1618 4688 ex
1646 4622 1706 4688 hoc
1736 4621 1860 4707 aliquid
1890 4623 2065 4690 adderetur
2084 4661 2127 4671 —

500 4748 604 4813 neque
627 4729 711 4796 enim
733 4728 926 4814 praecipuus
947 4727 1049 4792 honor
1069 4746 1175 4791 rerum
1197 4727 1310 4792 talium
1332 4726 1465 4810 requirit
1485 4734 1661 4809 augmenta
1683 4764 1735 4805 —,
1762 4725 1821 4792 sed
1842 4745 1884 4792 ne
1907 4727 2047 4812 populus
2062 4729 2128 4792 Ro-

459 4837 478 4899 3
501 4852 616 4897 manus
639 4831 841 4917 adpetentior
862 4830 1042 4896 istiusmodi
1064 4830 1240 4914 voluptatis
1262 4830 1394 4897 minoris
1415 4829 1477 4894 loci
1492 4836 1667 4912 urgueatur
1682 4829 1852 4912 angustiis.
1892 4836 2034 4897 ceterum
2049 4831 2127 4914 quid

588 5094 681 5154 bsort.
702 5099 843 5155 exequetur
946 5090 1123 5155 8tnusnlssst
1143 5092 1164 5139 P
1266 5091 1378 5155 putatP
1482 5091 1513 5141 io
1533 5087 1588 5157 nos]
1608 5091 1714 5151 imatus,
1737 5105 1785 5140 uon
1805 5088 1875 5140 Pru

589 5181 620 5230 16
638 5179 801 5242 oblequorum
820 5179 843 5227 P

586 5266 619 5317 22
639 5279 705 5315 mors
724 5265 768 5313 Pl
783 5281 817 5314 m.
938 5271 1014 5328 atque
1032 5266 1114 5314 diuini
1134 5265 1165 5327 P,
1184 5270 1257 5327 atque
1275 5265 1369 5313 oraculi
1387 5265 1470 5314 diuini
1488 5265 1587 5313 usum
1710 5262 1741 5313 25
1761 5264 1847 5313 honori
1865 5269 1891 5312 st
1908 5265 2076 5315 inuictissimi
2096 5265 2125 5328 P,

500 5359 592 5404 Insere:
611 5353 804 5401 clementissimi
822 5353 861 5400 vei
879 5353 1052 5413 augustissimi
1070 5353 1109 5399 sei
1127 5353 1267 5401 felicissimi
1390 5350 1425 5401 no
1442 5353 1525 5414 potuit
1543 5364 1570 5400 se
1592 5349 1685 5400 le.
1809 5349 1841 5399 27
1863 5352 1993 5401 theatralis
2011 5358 2039 5403 et
2056 5353 2127 5403 holo-

499 5443 634 5491 sericarum
652 5436 871 5488 aestimemus
991 5439 1163 5487 olosericorum
1183 5440 1206 5487 P
1342 5438 1375 5489 28
1392 5438 1604 5501 amphitheatrum
1623 5433 1664 5504 in]
1682 5451 1737 5499 epo,
1756 5438 1959 5499 amphiteatrium
1978 5439 2007 5499 P,
2028 5441 2127 5503 amphi-

499 5530 623 5578 theatrum
642 5529 678 5575 irs
698 5525 729 5586 Φ,
751 5524 964 5587 amphitheatrum
983 5522 1011 5573 Γ
1178 5526 1212 5574 29
1232 5527 1434 5588 praelusionibus
1453 5539 1502 5574 uon
1521 5521 1652 5591 negatum]
1671 5523 1725 5585 In,
1754 5525 1950 5587 praelatIouibus
1969 5532 2087 5586 negatum
2106 5527 2130 5574 P

499 5614 532 5663 30
551 5615 671 5675 rescripto
694 5613 828 5674 prlullegio
853 5610 881 5673 P,
908 5613 1036 5674 resculpts.
1063 5614 1195 5675 priuilegIo
1217 5627 1280 5674 nego
1304 5614 1362 5661 soils
1385 5618 1470 5676 patere
1494 5613 1639 5661 consulibus
1658 5610 1807 5669 Mammea,
1832 5612 1891 5673 plus
1915 5611 1995 5661 teau
2019 5615 2129 5674 mopiam

498 5701 527 5750 31
550 5703 662 5764 proxime
680 5695 732 5764 tui]
751 5697 857 5757 Medias,
878 5712 922 5759 pro
940 5700 1019 5748 metui
1040 5699 1063 5746 P
1165 5699 1197 5748 34
1217 5701 1340 5763 uoluptati
1361 5699 1405 5748 Pl
1421 5715 1466 5760 m.,
1486 5699 1591 5759 sortasse
1612 5700 1769 5762 uoluptatum
1873 5698 1934 5762 quid
1955 5699 1979 5747 ld
1998 5712 2128 5761 praeroga·

501 5790 568 5839 tinae
587 5785 722 5835 Mommsen
