<?xml version="1.0" encoding="UTF-8"?>
<!DOCTYPE html PUBLIC "-//W3C//DTD XHTML 1.0 Transitional//EN"
    "http://www.w3.org/TR/xhtml1/DTD/xhtml1-transitional.dtd">
<html xmlns="http://www.w3.org/1999/xhtml" xml:lang="en" lang="en">
 <head>
  <title>
</title>
<meta http-equiv="Content-Type" content="text/html;charset=utf-8" />
  <meta name='ocr-system' content='tesseract 3.04.00' />
  <meta name='ocr-capabilities' content='ocr_page ocr_carea ocr_par ocr_line ocrx_word'/>
</head>
<body>
  <div class='ocr_page' id='page_1' title='image "./qaureliisymmach00seecgoog_0500.png"; bbox 0 0 4744 6476; ppageno 0'>
   <div class='ocr_carea' id='block_1_1' title="bbox 816 521 1842 591">
    <p class='ocr_par' dir='ltr' id='par_1_1' title="bbox 816 521 1842 591">
     <span class='ocr_line' id='line_1_1' title="bbox 816 521 1842 591; baseline 0.016 -16"><span class='ocrx_word' id='word_1_1' title='bbox 816 521 1094 583; x_wconf 80' lang='lat' dir='ltr'>(EPlSTVLARVM</span> <span class='ocrx_word' id='word_1_2' title='bbox 1113 524 1183 578; x_wconf 77' lang='lat' dir='ltr'>tls.</span> <span class='ocrx_word' id='word_1_3' title='bbox 1204 524 1251 588; x_wconf 79' lang='lat' dir='ltr'>Xl.</span> <span class='ocrx_word' id='word_1_4' title='bbox 1785 529 1842 591; x_wconf 73' lang='lat'>281</span> 
     </span>
    </p>
   </div>
   <div class='ocr_carea' id='block_1_2' title="bbox 131 708 1973 4401">
    <p class='ocr_par' dir='ltr' id='par_1_2' title="bbox 207 708 1973 1106">
     <span class='ocr_line' id='line_1_2' title="bbox 207 708 1973 799; baseline 0.003 -26"><span class='ocrx_word' id='word_1_5' title='bbox 207 708 301 774; x_wconf 85' lang='lat' dir='ltr'>ferat</span> <span class='ocrx_word' id='word_1_6' title='bbox 323 709 466 774; x_wconf 88' lang='lat' dir='ltr'>obfuisse</span> <span class='ocrx_word' id='word_1_7' title='bbox 488 709 536 774; x_wconf 91' lang='lat' dir='ltr'>rei</span> <span class='ocrx_word' id='word_1_8' title='bbox 558 709 709 793; x_wconf 88' lang='lat' dir='ltr'>publicae</span> <span class='ocrx_word' id='word_1_9' title='bbox 732 711 857 793; x_wconf 85' lang='lat' dir='ltr'>privata</span> <span class='ocrx_word' id='word_1_10' title='bbox 880 712 1070 776; x_wconf 88' lang='lat' dir='ltr'>certamina!</span> <span class='ocrx_word' id='word_1_11' title='bbox 1112 713 1224 776; x_wconf 86' lang='lat' dir='ltr'>merite</span> <span class='ocrx_word' id='word_1_12' title='bbox 1247 712 1321 776; x_wconf 90' lang='lat' dir='ltr'>illos</span> <span class='ocrx_word' id='word_1_13' title='bbox 1344 719 1475 778; x_wconf 87' lang='lat' dir='ltr'>senatus</span> <span class='ocrx_word' id='word_1_14' title='bbox 1496 713 1685 796; x_wconf 72' lang='lat' dir='ltr'>insequitur,</span> <span class='ocrx_word' id='word_1_15' title='bbox 1711 715 1765 796; x_wconf 91' lang='lat' dir='ltr'>qui</span> <span class='ocrx_word' id='word_1_16' title='bbox 1788 734 1847 799; x_wconf 90' lang='lat' dir='ltr'>po-</span> <span class='ocrx_word' id='word_1_17' title='bbox 1873 716 1973 779; x_wconf 86' lang='lat' dir='ltr'>TMA</span> 
     </span>
     <span class='ocr_line' id='line_1_3' title="bbox 208 811 1849 899; baseline 0.004 -23"><span class='ocrx_word' id='word_1_18' title='bbox 208 813 352 877; x_wconf 87' lang='lat' dir='ltr'>tentiam</span> <span class='ocrx_word' id='word_1_19' title='bbox 383 831 474 877; x_wconf 83' lang='lat' dir='ltr'>suam</span> <span class='ocrx_word' id='word_1_20' title='bbox 505 811 612 877; x_wconf 88' lang='lat' dir='ltr'>lamae</span> <span class='ocrx_word' id='word_1_21' title='bbox 637 813 793 898; x_wconf 87' lang='lat' dir='ltr'>principis</span> <span class='ocrx_word' id='word_1_22' title='bbox 825 815 1060 897; x_wconf 89' lang='lat' dir='ltr'>praetulerunt:</span> <span class='ocrx_word' id='word_1_23' title='bbox 1095 821 1203 879; x_wconf 89' lang='lat' dir='ltr'>noster</span> <span class='ocrx_word' id='word_1_24' title='bbox 1226 821 1332 880; x_wconf 87' lang='lat' dir='ltr'>autem</span> <span class='ocrx_word' id='word_1_25' title='bbox 1355 815 1447 880; x_wconf 86' lang='lat' dir='ltr'>labor</span> <span class='ocrx_word' id='word_1_26' title='bbox 1469 835 1525 899; x_wconf 93' lang='lat' dir='ltr'>pro</span> <span class='ocrx_word' id='word_1_27' title='bbox 1548 816 1719 882; x_wconf 90' lang='lat' dir='ltr'>clementia</span> <span class='ocrx_word' id='word_1_28' title='bbox 1740 824 1849 882; x_wconf 85' lang='lat' dir='ltr'>vestra</span> 
     </span>
     <span class='ocr_line' id='line_1_4' title="bbox 209 914 1848 1005; baseline 0.005 -27"><span class='ocrx_word' id='word_1_29' title='bbox 209 914 306 979; x_wconf 90' lang='lat' dir='ltr'>ducit</span> <span class='ocrx_word' id='word_1_30' title='bbox 335 915 500 981; x_wconf 79' lang='lat' dir='ltr'><strong>excubias.</strong></span> <span class='ocrx_word' id='word_1_31' title='bbox 552 915 604 980; x_wconf 90' lang='lat' dir='ltr'>cui</span> <span class='ocrx_word' id='word_1_32' title='bbox 633 915 719 980; x_wconf 91' lang='lat' dir='ltr'>enim</span> <span class='ocrx_word' id='word_1_33' title='bbox 749 917 854 1000; x_wconf 89' lang='lat' dir='ltr'>magis</span> <span class='ocrx_word' id='word_1_34' title='bbox 883 917 1079 997; x_wconf 88' lang='lat' dir='ltr'>commodat,</span> <span class='ocrx_word' id='word_1_35' title='bbox 1114 918 1199 1001; x_wconf 92' lang='lat' dir='ltr'>quod</span> <span class='ocrx_word' id='word_1_36' title='bbox 1228 918 1375 984; x_wconf 89' lang='lat' dir='ltr'>instituta</span> <span class='ocrx_word' id='word_1_37' title='bbox 1404 920 1576 1002; x_wconf 89' lang='lat' dir='ltr'>maiorum,</span> <span class='ocrx_word' id='word_1_38' title='bbox 1608 920 1693 1003; x_wconf 89' lang='lat' dir='ltr'>qnod</span> <span class='ocrx_word' id='word_1_39' title='bbox 1724 921 1848 1005; x_wconf 86' lang='lat' dir='ltr'>patriae</span> 
     </span>
     <span class='ocr_line' id='line_1_5' title="bbox 208 1017 1848 1106; baseline 0.004 -24"><span class='ocrx_word' id='word_1_40' title='bbox 208 1018 287 1083; x_wconf 89' lang='lat' dir='ltr'>iura</span> <span class='ocrx_word' id='word_1_41' title='bbox 318 1027 351 1085; x_wconf 91' lang='lat' dir='ltr'>et</span> <span class='ocrx_word' id='word_1_42' title='bbox 379 1018 447 1083; x_wconf 87' lang='lat' dir='ltr'>fata</span> <span class='ocrx_word' id='word_1_43' title='bbox 476 1017 693 1101; x_wconf 73' lang='lat' dir='ltr'><strong>defendimus,</strong></span> <span class='ocrx_word' id='word_1_44' title='bbox 727 1039 823 1101; x_wconf 90' lang='lat' dir='ltr'>quam</span> <span class='ocrx_word' id='word_1_45' title='bbox 853 1026 1030 1106; x_wconf 90' lang='lat' dir='ltr'>temporum</span> <span class='ocrx_word' id='word_1_46' title='bbox 1053 1022 1199 1103; x_wconf 72' lang='lat' dir='ltr'>gloriae?</span> <span class='ocrx_word' id='word_1_47' title='bbox 1234 1042 1318 1105; x_wconf 90' lang='lat' dir='ltr'>quae</span> <span class='ocrx_word' id='word_1_48' title='bbox 1341 1029 1417 1087; x_wconf 91' lang='lat' dir='ltr'>tunc</span> <span class='ocrx_word' id='word_1_49' title='bbox 1439 1021 1540 1086; x_wconf 90' lang='lat' dir='ltr'>maior</span> <span class='ocrx_word' id='word_1_50' title='bbox 1562 1029 1629 1098; x_wconf 86' lang='lat' dir='ltr'>est,</span> <span class='ocrx_word' id='word_1_51' title='bbox 1662 1043 1733 1088; x_wconf 90' lang='lat' dir='ltr'>eum</span> <span class='ocrx_word' id='word_1_52' title='bbox 1756 1025 1848 1089; x_wconf 85' lang='lat' dir='ltr'>vobis</span> 
     </span>
    </p>

    <p class='ocr_par' dir='ltr' id='par_1_3' title="bbox 175 1122 1891 1622">
     <span class='ocr_line' id='line_1_6' title="bbox 175 1122 1891 1209; baseline 0.003 -24"><span class='ocrx_word' id='word_1_53' title='bbox 175 1129 329 1187; x_wconf 68' lang='lat' dir='ltr'>econtra</span> <span class='ocrx_word' id='word_1_54' title='bbox 356 1141 476 1187; x_wconf 85' lang='lat' dir='ltr'>morem</span> <span class='ocrx_word' id='word_1_55' title='bbox 506 1128 673 1206; x_wconf 87' lang='lat' dir='ltr'>parentum</span> <span class='ocrx_word' id='word_1_56' title='bbox 701 1122 890 1205; x_wconf 76' lang='lat' dir='ltr'>intellegitis</span> <span class='ocrx_word' id='word_1_57' title='bbox 920 1124 966 1189; x_wconf 93' lang='lat' dir='ltr'>nil</span> <span class='ocrx_word' id='word_1_58' title='bbox 995 1125 1103 1190; x_wconf 89' lang='lat' dir='ltr'>licere.</span> <span class='ocrx_word' id='word_1_59' title='bbox 1152 1125 1325 1209; x_wconf 89' lang='lat' dir='ltr'>repetimus</span> <span class='ocrx_word' id='word_1_60' title='bbox 1361 1125 1459 1208; x_wconf 86' lang='lat' dir='ltr'>igitur</span> <span class='ocrx_word' id='word_1_61' title='bbox 1491 1125 1682 1209; x_wconf 81' lang='lat' dir='ltr'>religionum</span> <span class='ocrx_word' id='word_1_62' title='bbox 1716 1134 1844 1209; x_wconf 85' lang='lat' dir='ltr'>statum,</span> <span class='ocrx_word' id='word_1_63' title='bbox 1872 1130 1891 1190; x_wconf 83' lang='lat'><strong>3</strong></span> 
     </span>
     <span class='ocr_line' id='line_1_7' title="bbox 209 1224 1848 1313; baseline 0.004 -24"><span class='ocrx_word' id='word_1_64' title='bbox 209 1226 269 1307; x_wconf 89' lang='lat' dir='ltr'>qui</span> <span class='ocrx_word' id='word_1_65' title='bbox 302 1224 382 1310; x_wconf 91' lang='lat' dir='ltr'>reip.</span> <span class='ocrx_word' id='word_1_66' title='bbox 408 1224 464 1290; x_wconf 92' lang='lat' dir='ltr'>diu</span> <span class='ocrx_word' id='word_1_67' title='bbox 494 1224 624 1309; x_wconf 87' lang='lat' dir='ltr'>profuit.</span> <span class='ocrx_word' id='word_1_68' title='bbox 673 1232 760 1290; x_wconf 87' lang='lat' dir='ltr'>certe</span> <span class='ocrx_word' id='word_1_69' title='bbox 790 1225 1029 1292; x_wconf 81' lang='lat' dir='ltr'>dinumerentur</span> <span class='ocrx_word' id='word_1_70' title='bbox 1057 1227 1216 1311; x_wconf 91' lang='lat' dir='ltr'>principes</span> <span class='ocrx_word' id='word_1_71' title='bbox 1246 1229 1411 1311; x_wconf 89' lang='lat' dir='ltr'>utriusque</span> <span class='ocrx_word' id='word_1_72' title='bbox 1441 1235 1549 1294; x_wconf 88' lang='lat' dir='ltr'>sectae</span> <span class='ocrx_word' id='word_1_73' title='bbox 1578 1228 1742 1313; x_wconf 87' lang='lat' dir='ltr'>utriusque</span> <span class='ocrx_word' id='word_1_74' title='bbox 1773 1250 1848 1296; x_wconf 88' lang='lat' dir='ltr'>sen-</span> 
     </span>
     <span class='ocr_line' id='line_1_8' title="bbox 209 1327 1849 1414; baseline 0.005 -23"><span class='ocrx_word' id='word_1_75' title='bbox 209 1327 354 1393; x_wconf 91' lang='lat' dir='ltr'>tentiae:</span> <span class='ocrx_word' id='word_1_76' title='bbox 389 1347 466 1412; x_wconf 89' lang='lat' dir='ltr'>pars</span> <span class='ocrx_word' id='word_1_77' title='bbox 495 1348 604 1393; x_wconf 90' lang='lat' dir='ltr'>eorum</span> <span class='ocrx_word' id='word_1_78' title='bbox 632 1328 717 1412; x_wconf 89' lang='lat' dir='ltr'>prior</span> <span class='ocrx_word' id='word_1_79' title='bbox 745 1328 955 1395; x_wconf 88' lang='lat' dir='ltr'>caerimonias</span> <span class='ocrx_word' id='word_1_80' title='bbox 985 1337 1109 1414; x_wconf 90' lang='lat' dir='ltr'>patrum</span> <span class='ocrx_word' id='word_1_81' title='bbox 1141 1331 1253 1411; x_wconf 91' lang='lat' dir='ltr'>coluit,</span> <span class='ocrx_word' id='word_1_82' title='bbox 1286 1332 1443 1397; x_wconf 81' lang='lat' dir='ltr'>recentior</span> <span class='ocrx_word' id='word_1_83' title='bbox 1463 1352 1527 1397; x_wconf 92' lang='lat' dir='ltr'>non</span> <span class='ocrx_word' id='word_1_84' title='bbox 1549 1332 1693 1399; x_wconf 81' lang='lat' dir='ltr'>removit.</span> <span class='ocrx_word' id='word_1_85' title='bbox 1742 1334 1768 1398; x_wconf 88' lang='lat' dir='ltr'>si</span> <span class='ocrx_word' id='word_1_86' title='bbox 1791 1354 1849 1399; x_wconf 83' lang='lat' dir='ltr'>ex—</span> 
     </span>
     <span class='ocr_line' id='line_1_9' title="bbox 210 1414 1848 1519; baseline 0.003 -23"><span class='ocrx_word' id='word_1_87' title='bbox 210 1431 360 1517; x_wconf 86' lang='lat' dir='ltr'>emplum</span> <span class='ocrx_word' id='word_1_88' title='bbox 383 1452 446 1496; x_wconf 91' lang='lat' dir='ltr'>non</span> <span class='ocrx_word' id='word_1_89' title='bbox 470 1431 548 1496; x_wconf 85' lang='lat' dir='ltr'>facit</span> <span class='ocrx_word' id='word_1_90' title='bbox 569 1431 684 1515; x_wconf 87' lang='lat' dir='ltr'>religio</span> <span class='ocrx_word' id='word_1_91' title='bbox 707 1440 863 1514; x_wconf 82' lang='lat' dir='ltr'>veterum,</span> <span class='ocrx_word' id='word_1_92' title='bbox 890 1432 989 1498; x_wconf 85' lang='lat' dir='ltr'>faciat</span> <span class='ocrx_word' id='word_1_93' title='bbox 1011 1414 1225 1499; x_wconf 62' lang='lat' dir='ltr'>dsssimulatio</span> <span class='ocrx_word' id='word_1_94' title='bbox 1248 1434 1475 1519; x_wconf 84' lang='lat' dir='ltr'>proximorum.</span> <span class='ocrx_word' id='word_1_95' title='bbox 1516 1435 1656 1517; x_wconf 89' lang='lat' dir='ltr'>quisita</span> <span class='ocrx_word' id='word_1_96' title='bbox 1678 1436 1848 1503; x_wconf 85' lang='lat' dir='ltr'>familiaris</span> 
     </span>
     <span class='ocr_line' id='line_1_10' title="bbox 209 1534 1848 1622; baseline 0.005 -24"><span class='ocrx_word' id='word_1_97' title='bbox 209 1541 266 1599; x_wconf 83' lang='lat' dir='ltr'>est</span> <span class='ocrx_word' id='word_1_98' title='bbox 295 1534 459 1615; x_wconf 86' lang='lat' dir='ltr'>barbaris,</span> <span class='ocrx_word' id='word_1_99' title='bbox 493 1542 528 1599; x_wconf 90' lang='lat' dir='ltr'>ut</span> <span class='ocrx_word' id='word_1_100' title='bbox 554 1543 646 1599; x_wconf 68' lang='lat' dir='ltr'>arum</span> <span class='ocrx_word' id='word_1_101' title='bbox 669 1535 829 1600; x_wconf 75' lang='lat' dir='ltr'>Victoriae</span> <span class='ocrx_word' id='word_1_102' title='bbox 860 1557 923 1601; x_wconf 95' lang='lat' dir='ltr'>non</span> <span class='ocrx_word' id='word_1_103' title='bbox 952 1536 1109 1619; x_wconf 89' lang='lat' dir='ltr'>requirat!</span> <span class='ocrx_word' id='word_1_104' title='bbox 1152 1538 1239 1602; x_wconf 88' lang='lat' dir='ltr'>cauti</span> <span class='ocrx_word' id='word_1_105' title='bbox 1269 1539 1304 1603; x_wconf 92' lang='lat' dir='ltr'>in</span> <span class='ocrx_word' id='word_1_106' title='bbox 1333 1545 1494 1622; x_wconf 87' lang='lat' dir='ltr'>posterum</span> <span class='ocrx_word' id='word_1_107' title='bbox 1524 1558 1634 1603; x_wconf 90' lang='lat' dir='ltr'>sumus</span> <span class='ocrx_word' id='word_1_108' title='bbox 1657 1547 1689 1604; x_wconf 95' lang='lat' dir='ltr'>et</span> <span class='ocrx_word' id='word_1_109' title='bbox 1710 1540 1848 1606; x_wconf 89' lang='lat' dir='ltr'>aliarum</span> 
     </span>
    </p>

    <p class='ocr_par' dir='ltr' id='par_1_4' title="bbox 159 1638 1843 1725">
     <span class='ocr_line' id='line_1_11' title="bbox 159 1638 1843 1725; baseline 0.004 -25"><span class='ocrx_word' id='word_1_110' title='bbox 159 1662 189 1701; x_wconf 78' lang='lat' dir='ltr'>rs</span> <span class='ocrx_word' id='word_1_111' title='bbox 211 1658 322 1703; x_wconf 89' lang='lat' dir='ltr'>rerum</span> <span class='ocrx_word' id='word_1_112' title='bbox 352 1644 479 1704; x_wconf 86' lang='lat' dir='ltr'>ostenta</span> <span class='ocrx_word' id='word_1_113' title='bbox 509 1638 658 1703; x_wconf 84' lang='lat' dir='ltr'>vitamus.</span> <span class='ocrx_word' id='word_1_114' title='bbox 714 1639 869 1704; x_wconf 88' lang='lat' dir='ltr'>reddatur</span> <span class='ocrx_word' id='word_1_115' title='bbox 898 1640 1012 1704; x_wconf 90' lang='lat' dir='ltr'>saltem</span> <span class='ocrx_word' id='word_1_116' title='bbox 1041 1640 1160 1705; x_wconf 92' lang='lat' dir='ltr'>nomini</span> <span class='ocrx_word' id='word_1_117' title='bbox 1190 1641 1306 1721; x_wconf 89' lang='lat' dir='ltr'>bonor,</span> <span class='ocrx_word' id='word_1_118' title='bbox 1338 1641 1393 1723; x_wconf 91' lang='lat' dir='ltr'>qui</span> <span class='ocrx_word' id='word_1_119' title='bbox 1423 1641 1545 1706; x_wconf 91' lang='lat' dir='ltr'>numini</span> <span class='ocrx_word' id='word_1_120' title='bbox 1576 1641 1755 1725; x_wconf 88' lang='lat' dir='ltr'>denegatus</span> <span class='ocrx_word' id='word_1_121' title='bbox 1784 1651 1843 1709; x_wconf 93' lang='lat' dir='ltr'>est.</span> 
     </span>
    </p>

    <p class='ocr_par' dir='ltr' id='par_1_5' title="bbox 131 1739 1888 2129">
     <span class='ocr_line' id='line_1_12' title="bbox 131 1739 1848 1830; baseline 0.004 -26"><span class='ocrx_word' id='word_1_122' title='bbox 131 1747 141 1761; x_wconf 93' lang='grc'><em>“</em></span> <span class='ocrx_word' id='word_1_123' title='bbox 210 1741 319 1806; x_wconf 86' lang='lat' dir='ltr'>multa</span> <span class='ocrx_word' id='word_1_124' title='bbox 340 1741 500 1806; x_wconf 86' lang='lat' dir='ltr'>Victoriae</span> <span class='ocrx_word' id='word_1_125' title='bbox 523 1739 619 1805; x_wconf 91' lang='lat' dir='ltr'>debet</span> <span class='ocrx_word' id='word_1_126' title='bbox 641 1742 816 1807; x_wconf 82' lang='lat' dir='ltr'>aeternitas</span> <span class='ocrx_word' id='word_1_127' title='bbox 839 1750 947 1807; x_wconf 85' lang='lat' dir='ltr'>vestra</span> <span class='ocrx_word' id='word_1_128' title='bbox 969 1750 1001 1808; x_wconf 92' lang='lat' dir='ltr'>et</span> <span class='ocrx_word' id='word_1_129' title='bbox 1022 1742 1129 1809; x_wconf 87' lang='lat' dir='ltr'>adbuc</span> <span class='ocrx_word' id='word_1_130' title='bbox 1151 1745 1245 1827; x_wconf 87' lang='lat' dir='ltr'>plura</span> <span class='ocrx_word' id='word_1_131' title='bbox 1268 1743 1414 1810; x_wconf 88' lang='lat' dir='ltr'>debebit:</span> <span class='ocrx_word' id='word_1_132' title='bbox 1442 1752 1631 1810; x_wconf 77' lang='lat' dir='ltr'>aversentur</span> <span class='ocrx_word' id='word_1_133' title='bbox 1653 1745 1735 1811; x_wconf 89' lang='lat' dir='ltr'>hano</span> <span class='ocrx_word' id='word_1_134' title='bbox 1757 1754 1848 1830; x_wconf 93' lang='lat' dir='ltr'>pote-</span> 
     </span>
     <span class='ocr_line' id='line_1_13' title="bbox 212 1843 1848 1931; baseline 0.004 -24"><span class='ocrx_word' id='word_1_135' title='bbox 212 1850 345 1923; x_wconf 87' lang='lat' dir='ltr'>statem,</span> <span class='ocrx_word' id='word_1_136' title='bbox 370 1844 486 1927; x_wconf 90' lang='lat' dir='ltr'>quibus</span> <span class='ocrx_word' id='word_1_137' title='bbox 508 1843 589 1908; x_wconf 91' lang='lat' dir='ltr'>nibil</span> <span class='ocrx_word' id='word_1_138' title='bbox 613 1844 748 1929; x_wconf 83' lang='lat' dir='ltr'>prot&#39;uit;</span> <span class='ocrx_word' id='word_1_139' title='bbox 776 1864 833 1909; x_wconf 91' lang='lat' dir='ltr'>vos</span> <span class='ocrx_word' id='word_1_140' title='bbox 856 1845 992 1909; x_wconf 91' lang='lat' dir='ltr'>amicum</span> <span class='ocrx_word' id='word_1_141' title='bbox 1016 1845 1187 1931; x_wconf 87' lang='lat' dir='ltr'>triumphis</span> <span class='ocrx_word' id='word_1_142' title='bbox 1209 1846 1419 1929; x_wconf 78' lang='lat' dir='ltr'>patrocinium</span> <span class='ocrx_word' id='word_1_143' title='bbox 1435 1847 1533 1913; x_wconf 90' lang='lat' dir='ltr'>nolite</span> <span class='ocrx_word' id='word_1_144' title='bbox 1550 1847 1710 1913; x_wconf 63' lang='lat' dir='ltr'>desereret</span> <span class='ocrx_word' id='word_1_145' title='bbox 1750 1868 1848 1914; x_wconf 91' lang='lat' dir='ltr'>cuno-</span> 
     </span>
     <span class='ocr_line' id='line_1_14' title="bbox 210 1947 1888 2036; baseline 0.001 -25"><span class='ocrx_word' id='word_1_146' title='bbox 210 1947 258 2011; x_wconf 90' lang='lat' dir='ltr'>tis</span> <span class='ocrx_word' id='word_1_147' title='bbox 280 1947 423 2031; x_wconf 87' lang='lat' dir='ltr'>potentia</span> <span class='ocrx_word' id='word_1_148' title='bbox 444 1947 507 2012; x_wconf 82' lang='lat' dir='ltr'>ista</span> <span class='ocrx_word' id='word_1_149' title='bbox 529 1948 636 2011; x_wconf 87' lang='lat' dir='ltr'>votiva</span> <span class='ocrx_word' id='word_1_150' title='bbox 658 1955 723 2023; x_wconf 91' lang='lat' dir='ltr'>est;</span> <span class='ocrx_word' id='word_1_151' title='bbox 755 1968 848 2013; x_wconf 92' lang='lat' dir='ltr'>nemo</span> <span class='ocrx_word' id='word_1_152' title='bbox 871 1948 1039 2013; x_wconf 89' lang='lat' dir='ltr'>colendam</span> <span class='ocrx_word' id='word_1_153' title='bbox 1062 1956 1168 2032; x_wconf 87' lang='lat' dir='ltr'>neget,</span> <span class='ocrx_word' id='word_1_154' title='bbox 1195 1969 1290 2032; x_wconf 89' lang='lat' dir='ltr'>quam</span> <span class='ocrx_word' id='word_1_155' title='bbox 1314 1949 1480 2034; x_wconf 88' lang='lat' dir='ltr'>profitetur</span> <span class='ocrx_word' id='word_1_156' title='bbox 1501 1951 1685 2036; x_wconf 86' lang='lat' dir='ltr'>optandam.</span> <span class='ocrx_word' id='word_1_157' title='bbox 1733 1952 1846 2035; x_wconf 90' lang='lat' dir='ltr'>quodsi</span> <span class='ocrx_word' id='word_1_158' title='bbox 1869 1957 1888 2013; x_wconf 87' lang='grc'><strong>4</strong></span> 
     </span>
     <span class='ocr_line' id='line_1_15' title="bbox 211 2049 1844 2129; baseline 0.003 -15"><span class='ocrx_word' id='word_1_159' title='bbox 211 2049 312 2115; x_wconf 88' lang='lat' dir='ltr'>huius</span> <span class='ocrx_word' id='word_1_160' title='bbox 347 2049 464 2115; x_wconf 88' lang='lat' dir='ltr'>ominis</span> <span class='ocrx_word' id='word_1_161' title='bbox 501 2071 564 2115; x_wconf 92' lang='lat' dir='ltr'>non</span> <span class='ocrx_word' id='word_1_162' title='bbox 601 2057 688 2115; x_wconf 91' lang='lat' dir='ltr'>esset</span> <span class='ocrx_word' id='word_1_163' title='bbox 723 2050 809 2115; x_wconf 86' lang='lat' dir='ltr'>iusta</span> <span class='ocrx_word' id='word_1_164' title='bbox 846 2052 972 2129; x_wconf 58' lang='lat' dir='ltr'>vitatis</span> <span class='ocrx_word' id='word_1_165' title='bbox 1014 2052 1210 2117; x_wconf 85' lang='lat' dir='ltr'>ornamentis</span> <span class='ocrx_word' id='word_1_166' title='bbox 1247 2053 1360 2119; x_wconf 84' lang='lat' dir='ltr'>saltem</span> <span class='ocrx_word' id='word_1_167' title='bbox 1397 2054 1504 2119; x_wconf 89' lang='lat' dir='ltr'>curiae</span> <span class='ocrx_word' id='word_1_168' title='bbox 1539 2054 1647 2120; x_wconf 85' lang='lat' dir='ltr'>decuit</span> <span class='ocrx_word' id='word_1_169' title='bbox 1679 2055 1844 2121; x_wconf 88' lang='lat' dir='ltr'>abstineri.</span> 
     </span>
    </p>

    <p class='ocr_par' dir='ltr' id='par_1_6' title="bbox 161 2155 1888 2649">
     <span class='ocr_line' id='line_1_16' title="bbox 161 2155 1848 2240; baseline 0.004 -24"><span class='ocrx_word' id='word_1_170' title='bbox 161 2177 192 2217; x_wconf 79' lang='lat' dir='ltr'>rs</span> <span class='ocrx_word' id='word_1_171' title='bbox 213 2160 395 2237; x_wconf 87' lang='lat' dir='ltr'>praestate,</span> <span class='ocrx_word' id='word_1_172' title='bbox 430 2171 485 2216; x_wconf 93' lang='lat' dir='ltr'>oro</span> <span class='ocrx_word' id='word_1_173' title='bbox 514 2172 589 2233; x_wconf 86' lang='lat' dir='ltr'>vos,</span> <span class='ocrx_word' id='word_1_174' title='bbox 624 2161 659 2218; x_wconf 89' lang='lat' dir='ltr'>ut</span> <span class='ocrx_word' id='word_1_175' title='bbox 681 2174 720 2219; x_wconf 90' lang='lat' dir='ltr'>ea</span> <span class='ocrx_word' id='word_1_176' title='bbox 742 2174 826 2237; x_wconf 91' lang='lat' dir='ltr'>quae</span> <span class='ocrx_word' id='word_1_177' title='bbox 849 2155 940 2237; x_wconf 89' lang='lat' dir='ltr'>pueri</span> <span class='ocrx_word' id='word_1_178' title='bbox 964 2155 1183 2238; x_wconf 88' lang='lat' dir='ltr'>suscepimus,</span> <span class='ocrx_word' id='word_1_179' title='bbox 1217 2175 1312 2221; x_wconf 90' lang='lat' dir='ltr'>senes</span> <span class='ocrx_word' id='word_1_180' title='bbox 1335 2157 1472 2240; x_wconf 89' lang='lat' dir='ltr'>posteris</span> <span class='ocrx_word' id='word_1_181' title='bbox 1494 2158 1723 2240; x_wconf 89' lang='lat' dir='ltr'>relinquamus.</span> <span class='ocrx_word' id='word_1_182' title='bbox 1772 2178 1848 2223; x_wconf 92' lang='lat' dir='ltr'>con—</span> 
     </span>
     <span class='ocr_line' id='line_1_17' title="bbox 213 2256 1848 2338; baseline 0.004 -18"><span class='ocrx_word' id='word_1_183' title='bbox 213 2256 399 2323; x_wconf 89' lang='lat' dir='ltr'>suetudinis</span> <span class='ocrx_word' id='word_1_184' title='bbox 427 2276 517 2321; x_wconf 87' lang='lat' dir='ltr'>amor</span> <span class='ocrx_word' id='word_1_185' title='bbox 545 2276 682 2338; x_wconf 86' lang='lat' dir='ltr'>magnus</span> <span class='ocrx_word' id='word_1_186' title='bbox 711 2264 774 2336; x_wconf 80' lang='lat' dir='ltr'>est3</span> <span class='ocrx_word' id='word_1_187' title='bbox 808 2257 920 2323; x_wconf 87' lang='lat' dir='ltr'>merito</span> <span class='ocrx_word' id='word_1_188' title='bbox 950 2257 1016 2322; x_wconf 89' lang='lat' dir='ltr'>divi</span> <span class='ocrx_word' id='word_1_189' title='bbox 1046 2258 1225 2324; x_wconf 80' lang='lat' dir='ltr'>Constantii</span> <span class='ocrx_word' id='word_1_190' title='bbox 1256 2258 1376 2324; x_wconf 88' lang='lat' dir='ltr'>factum</span> <span class='ocrx_word' id='word_1_191' title='bbox 1407 2261 1462 2326; x_wconf 92' lang='lat' dir='ltr'>diu</span> <span class='ocrx_word' id='word_1_192' title='bbox 1492 2280 1556 2324; x_wconf 91' lang='lat' dir='ltr'>non</span> <span class='ocrx_word' id='word_1_193' title='bbox 1588 2262 1686 2328; x_wconf 88' lang='lat' dir='ltr'>stetit.</span> <span class='ocrx_word' id='word_1_194' title='bbox 1742 2262 1848 2327; x_wconf 84' lang='lat' dir='ltr'>omnis</span> 
     </span>
     <span class='ocr_line' id='line_1_18' title="bbox 213 2358 1848 2443; baseline 0.004 -20"><span class='ocrx_word' id='word_1_195' title='bbox 213 2359 306 2424; x_wconf 87' lang='lat' dir='ltr'>vobis</span> <span class='ocrx_word' id='word_1_196' title='bbox 335 2359 485 2443; x_wconf 86' lang='lat' dir='ltr'>exempla</span> <span class='ocrx_word' id='word_1_197' title='bbox 514 2358 647 2424; x_wconf 81' lang='lat' dir='ltr'>vitanda</span> <span class='ocrx_word' id='word_1_198' title='bbox 675 2365 767 2440; x_wconf 91' lang='lat' dir='ltr'>sunt,</span> <span class='ocrx_word' id='word_1_199' title='bbox 800 2379 883 2441; x_wconf 86' lang='lat' dir='ltr'>quae</span> <span class='ocrx_word' id='word_1_200' title='bbox 912 2381 986 2425; x_wconf 87' lang='lat' dir='ltr'>mox</span> <span class='ocrx_word' id='word_1_201' title='bbox 1015 2369 1140 2427; x_wconf 90' lang='lat' dir='ltr'>remota</span> <span class='ocrx_word' id='word_1_202' title='bbox 1162 2360 1332 2426; x_wconf 87' lang='lat' dir='ltr'>didicistis.</span> <span class='ocrx_word' id='word_1_203' title='bbox 1380 2363 1603 2429; x_wconf 85' lang='lat' dir='ltr'>aeternitatem</span> <span class='ocrx_word' id='word_1_204' title='bbox 1627 2383 1775 2430; x_wconf 84' lang='lat' dir='ltr'>curamus</span> <span class='ocrx_word' id='word_1_205' title='bbox 1797 2365 1848 2430; x_wconf 82' lang='lat' dir='ltr'>ia-</span> 
     </span>
     <span class='ocr_line' id='line_1_19' title="bbox 214 2462 1888 2549; baseline 0.002 -21"><span class='ocrx_word' id='word_1_206' title='bbox 214 2483 288 2528; x_wconf 87' lang='lat' dir='ltr'>mae</span> <span class='ocrx_word' id='word_1_207' title='bbox 318 2469 350 2528; x_wconf 94' lang='lat' dir='ltr'>et</span> <span class='ocrx_word' id='word_1_208' title='bbox 379 2462 517 2527; x_wconf 89' lang='lat' dir='ltr'>nominis</span> <span class='ocrx_word' id='word_1_209' title='bbox 540 2463 652 2541; x_wconf 86' lang='lat' dir='ltr'>vestri,</span> <span class='ocrx_word' id='word_1_210' title='bbox 686 2484 726 2528; x_wconf 88' lang='lat' dir='ltr'>ne</span> <span class='ocrx_word' id='word_1_211' title='bbox 749 2462 827 2545; x_wconf 90' lang='lat' dir='ltr'>quid</span> <span class='ocrx_word' id='word_1_212' title='bbox 850 2463 958 2529; x_wconf 73' lang='lat' dir='ltr'>littura</span> <span class='ocrx_word' id='word_1_213' title='bbox 979 2471 1071 2531; x_wconf 86' lang='lat' dir='ltr'>aetas</span> <span class='ocrx_word' id='word_1_214' title='bbox 1093 2463 1239 2529; x_wconf 88' lang='lat' dir='ltr'>inveniat</span> <span class='ocrx_word' id='word_1_215' title='bbox 1262 2464 1495 2548; x_wconf 87' lang='lat' dir='ltr'>corrigendum.</span> <span class='ocrx_word' id='word_1_216' title='bbox 1543 2466 1598 2531; x_wconf 93' lang='lat' dir='ltr'>ubi</span> <span class='ocrx_word' id='word_1_217' title='bbox 1621 2467 1655 2532; x_wconf 93' lang='lat' dir='ltr'>in</span> <span class='ocrx_word' id='word_1_218' title='bbox 1677 2468 1768 2549; x_wconf 88' lang='lat' dir='ltr'>leges</span> <span class='ocrx_word' id='word_1_219' title='bbox 1791 2487 1847 2533; x_wconf 90' lang='lat' dir='ltr'>ve·</span> <span class='ocrx_word' id='word_1_220' title='bbox 1870 2475 1888 2531; x_wconf 80' lang='lat'>5</span> 
     </span>
     <span class='ocr_line' id='line_1_20' title="bbox 216 2565 1848 2649; baseline 0.004 -20"><span class='ocrx_word' id='word_1_221' title='bbox 216 2572 300 2631; x_wconf 87' lang='lat' dir='ltr'>stras</span> <span class='ocrx_word' id='word_1_222' title='bbox 323 2572 356 2631; x_wconf 92' lang='lat' dir='ltr'>et</span> <span class='ocrx_word' id='word_1_223' title='bbox 377 2565 477 2631; x_wconf 84' lang='lat' dir='ltr'>verba</span> <span class='ocrx_word' id='word_1_224' title='bbox 499 2565 699 2630; x_wconf 78' lang='lat' dir='ltr'>iurabimust</span> <span class='ocrx_word' id='word_1_225' title='bbox 732 2586 796 2647; x_wconf 89' lang='lat' dir='ltr'>qua</span> <span class='ocrx_word' id='word_1_226' title='bbox 818 2565 974 2649; x_wconf 83' lang='lat' dir='ltr'>religione</span> <span class='ocrx_word' id='word_1_227' title='bbox 997 2586 1087 2632; x_wconf 88' lang='lat' dir='ltr'>mens</span> <span class='ocrx_word' id='word_1_228' title='bbox 1110 2569 1195 2634; x_wconf 87' lang='lat' dir='ltr'>falsa</span> <span class='ocrx_word' id='word_1_229' title='bbox 1218 2570 1398 2649; x_wconf 88' lang='lat' dir='ltr'>terrebitur,</span> <span class='ocrx_word' id='word_1_230' title='bbox 1425 2590 1466 2635; x_wconf 92' lang='lat' dir='ltr'>ne</span> <span class='ocrx_word' id='word_1_231' title='bbox 1488 2571 1522 2634; x_wconf 93' lang='lat' dir='ltr'>in</span> <span class='ocrx_word' id='word_1_232' title='bbox 1544 2570 1735 2635; x_wconf 91' lang='lat' dir='ltr'>testimoniis</span> <span class='ocrx_word' id='word_1_233' title='bbox 1758 2591 1848 2636; x_wconf 74' lang='lat' dir='ltr'>men-</span> 
     </span>
    </p>

    <p class='ocr_par' dir='ltr' id='par_1_7' title="bbox 163 2668 1846 3170">
     <span class='ocr_line' id='line_1_21' title="bbox 163 2668 1846 2757; baseline 0.005 -28"><span class='ocrx_word' id='word_1_234' title='bbox 163 2689 194 2730; x_wconf 80' lang='lat' dir='ltr'>au</span> <span class='ocrx_word' id='word_1_235' title='bbox 215 2668 338 2734; x_wconf 76' lang='lat' dir='ltr'>tiaturt</span> <span class='ocrx_word' id='word_1_236' title='bbox 358 2669 466 2733; x_wconf 90' lang='lat' dir='ltr'>omnia</span> <span class='ocrx_word' id='word_1_237' title='bbox 487 2669 616 2752; x_wconf 90' lang='lat' dir='ltr'>quidem</span> <span class='ocrx_word' id='word_1_238' title='bbox 641 2668 701 2733; x_wconf 93' lang='lat' dir='ltr'>deo</span> <span class='ocrx_word' id='word_1_239' title='bbox 723 2669 821 2752; x_wconf 89' lang='lat' dir='ltr'>plena</span> <span class='ocrx_word' id='word_1_240' title='bbox 843 2676 917 2733; x_wconf 90' lang='lat' dir='ltr'>sunt</span> <span class='ocrx_word' id='word_1_241' title='bbox 939 2689 999 2734; x_wconf 91' lang='lat' dir='ltr'>nec</span> <span class='ocrx_word' id='word_1_242' title='bbox 1021 2671 1106 2736; x_wconf 89' lang='lat' dir='ltr'>ullus</span> <span class='ocrx_word' id='word_1_243' title='bbox 1130 2672 1262 2757; x_wconf 87' lang='lat' dir='ltr'>perfidis</span> <span class='ocrx_word' id='word_1_244' title='bbox 1284 2679 1373 2738; x_wconf 89' lang='lat' dir='ltr'>tutus</span> <span class='ocrx_word' id='word_1_245' title='bbox 1395 2679 1445 2737; x_wconf 89' lang='lat' dir='ltr'>est</span> <span class='ocrx_word' id='word_1_246' title='bbox 1466 2672 1567 2753; x_wconf 87' lang='lat' dir='ltr'>locus,</span> <span class='ocrx_word' id='word_1_247' title='bbox 1594 2672 1653 2737; x_wconf 90' lang='lat' dir='ltr'>sed</span> <span class='ocrx_word' id='word_1_248' title='bbox 1675 2673 1846 2757; x_wconf 90' lang='lat' dir='ltr'>plurimum</span> 
     </span>
     <span class='ocr_line' id='line_1_22' title="bbox 214 2771 1846 2857; baseline 0.002 -21"><span class='ocrx_word' id='word_1_249' title='bbox 214 2772 304 2837; x_wconf 90' lang='lat' dir='ltr'>valet</span> <span class='ocrx_word' id='word_1_250' title='bbox 333 2771 375 2837; x_wconf 88' lang='lat' dir='ltr'>sd</span> <span class='ocrx_word' id='word_1_251' title='bbox 404 2779 523 2836; x_wconf 91' lang='lat' dir='ltr'>metum</span> <span class='ocrx_word' id='word_1_252' title='bbox 553 2771 762 2854; x_wconf 91' lang='lat' dir='ltr'>delinquendi</span> <span class='ocrx_word' id='word_1_253' title='bbox 791 2772 889 2836; x_wconf 88' lang='lat' dir='ltr'>etiam</span> <span class='ocrx_word' id='word_1_254' title='bbox 920 2774 1104 2856; x_wconf 84' lang='lat' dir='ltr'>praesentia</span> <span class='ocrx_word' id='word_1_255' title='bbox 1132 2775 1272 2840; x_wconf 85' lang='lat' dir='ltr'>numinis</span> <span class='ocrx_word' id='word_1_256' title='bbox 1294 2776 1435 2857; x_wconf 88' lang='lat' dir='ltr'>urgueri.</span> <span class='ocrx_word' id='word_1_257' title='bbox 1482 2775 1541 2840; x_wconf 91' lang='lat' dir='ltr'>illa</span> <span class='ocrx_word' id='word_1_258' title='bbox 1563 2795 1621 2840; x_wconf 88' lang='lat' dir='ltr'>ara</span> <span class='ocrx_word' id='word_1_259' title='bbox 1644 2775 1846 2841; x_wconf 86' lang='lat' dir='ltr'>concordiam</span> 
     </span>
     <span class='ocr_line' id='line_1_23' title="bbox 213 2874 1846 2962; baseline 0.001 -20"><span class='ocrx_word' id='word_1_260' title='bbox 213 2882 302 2942; x_wconf 86' lang='lat' dir='ltr'>tenet</span> <span class='ocrx_word' id='word_1_261' title='bbox 330 2876 489 2957; x_wconf 89' lang='lat' dir='ltr'>omnium,</span> <span class='ocrx_word' id='word_1_262' title='bbox 525 2875 584 2939; x_wconf 89' lang='lat' dir='ltr'>illa</span> <span class='ocrx_word' id='word_1_263' title='bbox 613 2895 671 2938; x_wconf 91' lang='lat' dir='ltr'>ara</span> <span class='ocrx_word' id='word_1_264' title='bbox 699 2874 794 2940; x_wconf 86' lang='lat' dir='ltr'>iidem</span> <span class='ocrx_word' id='word_1_265' title='bbox 823 2875 973 2941; x_wconf 91' lang='lat' dir='ltr'>convenit</span> <span class='ocrx_word' id='word_1_266' title='bbox 1002 2877 1219 2962; x_wconf 85' lang='lat' dir='ltr'>singulorum,</span> <span class='ocrx_word' id='word_1_267' title='bbox 1253 2897 1357 2961; x_wconf 88' lang='lat' dir='ltr'>neque</span> <span class='ocrx_word' id='word_1_268' title='bbox 1387 2877 1477 2943; x_wconf 87' lang='lat' dir='ltr'>aliud</span> <span class='ocrx_word' id='word_1_269' title='bbox 1500 2878 1603 2962; x_wconf 84' lang='lat' dir='ltr'>magis</span> <span class='ocrx_word' id='word_1_270' title='bbox 1626 2881 1846 2945; x_wconf 86' lang='lat' dir='ltr'>auctoritatem</span> 
     </span>
     <span class='ocr_line' id='line_1_24' title="bbox 215 2978 1846 3068; baseline 0.002 -24"><span class='ocrx_word' id='word_1_271' title='bbox 215 2979 294 3044; x_wconf 86' lang='lat' dir='ltr'>lacit</span> <span class='ocrx_word' id='word_1_272' title='bbox 322 2978 490 3044; x_wconf 87' lang='lat' dir='ltr'>sententiis</span> <span class='ocrx_word' id='word_1_273' title='bbox 517 2978 652 3057; x_wconf 90' lang='lat' dir='ltr'>nostris,</span> <span class='ocrx_word' id='word_1_274' title='bbox 686 2999 780 3061; x_wconf 87' lang='lat' dir='ltr'>quarn</span> <span class='ocrx_word' id='word_1_275' title='bbox 812 2979 897 3062; x_wconf 91' lang='lat' dir='ltr'>quod</span> <span class='ocrx_word' id='word_1_276' title='bbox 927 2979 1034 3044; x_wconf 87' lang='lat' dir='ltr'>omnia</span> <span class='ocrx_word' id='word_1_277' title='bbox 1062 2981 1156 3063; x_wconf 89' lang='lat' dir='ltr'>quasi</span> <span class='ocrx_word' id='word_1_278' title='bbox 1177 2982 1300 3046; x_wconf 88' lang='lat' dir='ltr'>iuratus</span> <span class='ocrx_word' id='word_1_279' title='bbox 1323 2982 1400 3048; x_wconf 90' lang='lat' dir='ltr'>ordo</span> <span class='ocrx_word' id='word_1_280' title='bbox 1423 2983 1577 3049; x_wconf 90' lang='lat' dir='ltr'>decernit.</span> <span class='ocrx_word' id='word_1_281' title='bbox 1625 2984 1748 3067; x_wconf 88' lang='lat' dir='ltr'>patebit</span> <span class='ocrx_word' id='word_1_282' title='bbox 1769 3004 1846 3068; x_wconf 85' lang='lat' dir='ltr'>ergo</span> 
     </span>
     <span class='ocr_line' id='line_1_25' title="bbox 216 3080 1845 3170; baseline 0.006 -25"><span class='ocrx_word' id='word_1_283' title='bbox 216 3081 309 3147; x_wconf 90' lang='lat' dir='ltr'>sedes</span> <span class='ocrx_word' id='word_1_284' title='bbox 332 3080 468 3166; x_wconf 85' lang='lat' dir='ltr'>profana</span> <span class='ocrx_word' id='word_1_285' title='bbox 489 3081 654 3165; x_wconf 82' lang='lat' dir='ltr'>periuriis,</span> <span class='ocrx_word' id='word_1_286' title='bbox 691 3089 723 3146; x_wconf 90' lang='lat' dir='ltr'>et</span> <span class='ocrx_word' id='word_1_287' title='bbox 745 3081 805 3145; x_wconf 91' lang='lat' dir='ltr'>boc</span> <span class='ocrx_word' id='word_1_288' title='bbox 825 3081 940 3165; x_wconf 89' lang='lat' dir='ltr'>inclyti</span> <span class='ocrx_word' id='word_1_289' title='bbox 964 3083 1128 3167; x_wconf 84' lang='lat' dir='ltr'>principes</span> <span class='ocrx_word' id='word_1_290' title='bbox 1149 3085 1213 3149; x_wconf 89' lang='lat' dir='ltr'>mei</span> <span class='ocrx_word' id='word_1_291' title='bbox 1235 3085 1404 3168; x_wconf 86' lang='lat' dir='ltr'>probabile</span> <span class='ocrx_word' id='word_1_292' title='bbox 1426 3086 1631 3169; x_wconf 86' lang='lat' dir='ltr'>iudicabunt,</span> <span class='ocrx_word' id='word_1_293' title='bbox 1659 3088 1713 3170; x_wconf 89' lang='lat' dir='ltr'>qui</span> <span class='ocrx_word' id='word_1_294' title='bbox 1736 3106 1845 3153; x_wconf 86' lang='lat' dir='ltr'>sacra·</span> 
     </span>
    </p>

    <p class='ocr_par' dir='ltr' id='par_1_8' title="bbox 164 3183 1888 3685">
     <span class='ocr_line' id='line_1_26' title="bbox 164 3183 1888 3275; baseline 0.006 -30"><span class='ocrx_word' id='word_1_295' title='bbox 164 3204 196 3245; x_wconf 74' lang='lat' dir='ltr'>aa</span> <span class='ocrx_word' id='word_1_296' title='bbox 215 3190 320 3249; x_wconf 87' lang='lat' dir='ltr'>mento</span> <span class='ocrx_word' id='word_1_297' title='bbox 349 3184 477 3270; x_wconf 89' lang='lat' dir='ltr'>publico</span> <span class='ocrx_word' id='word_1_298' title='bbox 506 3184 566 3249; x_wconf 88' lang='lat' dir='ltr'>tuti</span> <span class='ocrx_word' id='word_1_299' title='bbox 596 3188 693 3248; x_wconf 82' lang='lat' dir='ltr'>suntt</span> <span class='ocrx_word' id='word_1_300' title='bbox 726 3183 785 3249; x_wconf 90' lang='lat' dir='ltr'>sed</span> <span class='ocrx_word' id='word_1_301' title='bbox 814 3183 908 3249; x_wconf 83' lang='lat' dir='ltr'>dirus</span> <span class='ocrx_word' id='word_1_302' title='bbox 932 3185 1137 3250; x_wconf 84' lang='lat' dir='ltr'>Constantius</span> <span class='ocrx_word' id='word_1_303' title='bbox 1167 3186 1253 3251; x_wconf 88' lang='lat' dir='ltr'>idem</span> <span class='ocrx_word' id='word_1_304' title='bbox 1283 3187 1401 3253; x_wconf 87' lang='lat' dir='ltr'>fecisse</span> <span class='ocrx_word' id='word_1_305' title='bbox 1430 3188 1563 3256; x_wconf 90' lang='lat' dir='ltr'>dicetur.</span> <span class='ocrx_word' id='word_1_306' title='bbox 1613 3196 1718 3256; x_wconf 88' lang='lat' dir='ltr'>cetera</span> <span class='ocrx_word' id='word_1_307' title='bbox 1741 3191 1888 3275; x_wconf 80' lang='lat' dir='ltr'>potiusb</span> 
     </span>
     <span class='ocr_line' id='line_1_27' title="bbox 215 3286 1847 3374; baseline 0.006 -24"><span class='ocrx_word' id='word_1_308' title='bbox 215 3287 301 3353; x_wconf 87' lang='lat' dir='ltr'>illius</span> <span class='ocrx_word' id='word_1_309' title='bbox 330 3287 484 3373; x_wconf 90' lang='lat' dir='ltr'>principis</span> <span class='ocrx_word' id='word_1_310' title='bbox 513 3287 727 3365; x_wconf 82' lang='lat' dir='ltr'>aemulemur,</span> <span class='ocrx_word' id='word_1_311' title='bbox 761 3286 815 3369; x_wconf 92' lang='lat' dir='ltr'>qui</span> <span class='ocrx_word' id='word_1_312' title='bbox 844 3287 924 3353; x_wconf 92' lang='lat' dir='ltr'>nihil</span> <span class='ocrx_word' id='word_1_313' title='bbox 954 3289 1020 3353; x_wconf 85' lang='lat' dir='ltr'>tale</span> <span class='ocrx_word' id='word_1_314' title='bbox 1042 3295 1130 3354; x_wconf 85' lang='lat' dir='ltr'>esset</span> <span class='ocrx_word' id='word_1_315' title='bbox 1152 3289 1342 3372; x_wconf 87' lang='lat' dir='ltr'>adgressus,</span> <span class='ocrx_word' id='word_1_316' title='bbox 1377 3290 1405 3356; x_wconf 91' lang='lat' dir='ltr'>si</span> <span class='ocrx_word' id='word_1_317' title='bbox 1429 3292 1502 3374; x_wconf 91' lang='lat' dir='ltr'>quis</span> <span class='ocrx_word' id='word_1_318' title='bbox 1524 3301 1599 3360; x_wconf 87' lang='lat' dir='ltr'>ante</span> <span class='ocrx_word' id='word_1_319' title='bbox 1622 3312 1658 3359; x_wconf 91' lang='lat' dir='ltr'>se</span> <span class='ocrx_word' id='word_1_320' title='bbox 1681 3293 1765 3359; x_wconf 91' lang='lat' dir='ltr'>alius</span> <span class='ocrx_word' id='word_1_321' title='bbox 1788 3294 1847 3360; x_wconf 92' lang='lat' dir='ltr'>de-</span> 
     </span>
     <span class='ocr_line' id='line_1_28' title="bbox 216 3389 1846 3478; baseline 0.007 -27"><span class='ocrx_word' id='word_1_322' title='bbox 216 3389 345 3455; x_wconf 88' lang='lat' dir='ltr'>viasset.</span> <span class='ocrx_word' id='word_1_323' title='bbox 393 3389 523 3473; x_wconf 89' lang='lat' dir='ltr'>corrigit</span> <span class='ocrx_word' id='word_1_324' title='bbox 555 3389 640 3454; x_wconf 91' lang='lat' dir='ltr'>enim</span> <span class='ocrx_word' id='word_1_325' title='bbox 672 3396 857 3472; x_wconf 86' lang='lat' dir='ltr'>sequentem</span> <span class='ocrx_word' id='word_1_326' title='bbox 884 3392 995 3475; x_wconf 90' lang='lat' dir='ltr'>lapsus</span> <span class='ocrx_word' id='word_1_327' title='bbox 1018 3392 1133 3476; x_wconf 90' lang='lat' dir='ltr'>prioris</span> <span class='ocrx_word' id='word_1_328' title='bbox 1156 3392 1251 3459; x_wconf 86' lang='lat' dir='ltr'>etde</span> <span class='ocrx_word' id='word_1_329' title='bbox 1274 3393 1524 3478; x_wconf 91' lang='lat' dir='ltr'>reprehensione</span> <span class='ocrx_word' id='word_1_330' title='bbox 1546 3397 1766 3464; x_wconf 87' lang='lat' dir='ltr'>antecedentis</span> <span class='ocrx_word' id='word_1_331' title='bbox 1788 3419 1846 3464; x_wconf 81' lang='lat' dir='ltr'>ex-</span> 
     </span>
     <span class='ocr_line' id='line_1_29' title="bbox 216 3492 1846 3579; baseline 0.007 -23"><span class='ocrx_word' id='word_1_332' title='bbox 216 3492 312 3577; x_wconf 90' lang='lat' dir='ltr'>empli</span> <span class='ocrx_word' id='word_1_333' title='bbox 340 3493 483 3559; x_wconf 88' lang='lat' dir='ltr'>nascitur</span> <span class='ocrx_word' id='word_1_334' title='bbox 512 3493 707 3558; x_wconf 90' lang='lat' dir='ltr'>emendatio.</span> <span class='ocrx_word' id='word_1_335' title='bbox 756 3493 807 3558; x_wconf 82' lang='lat' dir='ltr'>ias</span> <span class='ocrx_word' id='word_1_336' title='bbox 838 3494 922 3571; x_wconf 69' lang='lat' dir='ltr'>luia·</span> <span class='ocrx_word' id='word_1_337' title='bbox 949 3502 984 3560; x_wconf 92' lang='lat' dir='ltr'>ut</span> <span class='ocrx_word' id='word_1_338' title='bbox 1014 3516 1130 3579; x_wconf 91' lang='lat' dir='ltr'>parens</span> <span class='ocrx_word' id='word_1_339' title='bbox 1161 3496 1218 3561; x_wconf 91' lang='lat' dir='ltr'>ille</span> <span class='ocrx_word' id='word_1_340' title='bbox 1249 3497 1440 3563; x_wconf 88' lang='lat' dir='ltr'>clementiae</span> <span class='ocrx_word' id='word_1_341' title='bbox 1472 3500 1661 3565; x_wconf 84' lang='lat' dir='ltr'>vestraein</span> <span class='ocrx_word' id='word_1_342' title='bbox 1683 3520 1718 3567; x_wconf 88' lang='lat' dir='ltr'>re</span> <span class='ocrx_word' id='word_1_343' title='bbox 1740 3501 1846 3567; x_wconf 90' lang='lat' dir='ltr'>adhuc</span> 
     </span>
     <span class='ocr_line' id='line_1_30' title="bbox 214 3595 1845 3685; baseline 0.006 -26"><span class='ocrx_word' id='word_1_344' title='bbox 214 3616 298 3662; x_wconf 86' lang='lat' dir='ltr'>nora</span> <span class='ocrx_word' id='word_1_345' title='bbox 326 3616 389 3662; x_wconf 91' lang='lat' dir='ltr'>non</span> <span class='ocrx_word' id='word_1_346' title='bbox 420 3603 547 3661; x_wconf 87' lang='lat' dir='ltr'>caveret</span> <span class='ocrx_word' id='word_1_347' title='bbox 576 3595 748 3661; x_wconf 86' lang='lat' dir='ltr'>invidiam:</span> <span class='ocrx_word' id='word_1_348' title='bbox 781 3618 857 3662; x_wconf 90' lang='lat' dir='ltr'>num</span> <span class='ocrx_word' id='word_1_349' title='bbox 888 3606 993 3682; x_wconf 86' lang='lat' dir='ltr'>petest</span> <span class='ocrx_word' id='word_1_350' title='bbox 1022 3599 1119 3664; x_wconf 89' lang='lat' dir='ltr'>etiam</span> <span class='ocrx_word' id='word_1_351' title='bbox 1149 3600 1241 3665; x_wconf 92' lang='lat' dir='ltr'>nobis</span> <span class='ocrx_word' id='word_1_352' title='bbox 1271 3601 1384 3666; x_wconf 86' lang='lat' dir='ltr'>eadem</span> <span class='ocrx_word' id='word_1_353' title='bbox 1420 3600 1566 3668; x_wconf 82' lang='lat' dir='ltr'>defensio</span> <span class='ocrx_word' id='word_1_354' title='bbox 1596 3605 1782 3685; x_wconf 90' lang='lat' dir='ltr'>convenire,</span> <span class='ocrx_word' id='word_1_355' title='bbox 1817 3606 1845 3669; x_wconf 90' lang='lat' dir='ltr'>si</span> 
     </span>
    </p>

    <p class='ocr_par' dir='ltr' id='par_1_9' title="bbox 166 3698 1885 4200">
     <span class='ocr_line' id='line_1_31' title="bbox 166 3698 1885 3793; baseline 0.007 -35"><span class='ocrx_word' id='word_1_356' title='bbox 166 3720 197 3760; x_wconf 82' lang='lat' dir='ltr'>ao</span> <span class='ocrx_word' id='word_1_357' title='bbox 216 3698 392 3782; x_wconf 88' lang='lat' dir='ltr'>imitemur,</span> <span class='ocrx_word' id='word_1_358' title='bbox 411 3699 498 3781; x_wconf 90' lang='lat' dir='ltr'>qnod</span> <span class='ocrx_word' id='word_1_359' title='bbox 513 3699 717 3765; x_wconf 89' lang='lat' dir='ltr'>meminimus</span> <span class='ocrx_word' id='word_1_360' title='bbox 732 3700 956 3784; x_wconf 78' lang='lat' dir='ltr'>inprobatuml</span> <span class='ocrx_word' id='word_1_361' title='bbox 977 3702 1117 3787; x_wconf 89' lang='lat' dir='ltr'>accipiat</span> <span class='ocrx_word' id='word_1_362' title='bbox 1131 3704 1306 3769; x_wconf 89' lang='lat' dir='ltr'>aeternitas</span> <span class='ocrx_word' id='word_1_363' title='bbox 1321 3711 1431 3770; x_wconf 88' lang='lat' dir='ltr'>vestra</span> <span class='ocrx_word' id='word_1_364' title='bbox 1447 3706 1514 3769; x_wconf 89' lang='lat' dir='ltr'>alia</span> <span class='ocrx_word' id='word_1_365' title='bbox 1530 3706 1675 3771; x_wconf 90' lang='lat' dir='ltr'>eiusdem</span> <span class='ocrx_word' id='word_1_366' title='bbox 1691 3706 1843 3793; x_wconf 88' lang='lat' dir='ltr'>principis</span> <span class='ocrx_word' id='word_1_367' title='bbox 1869 3712 1885 3770; x_wconf 84' lang='lat'>7</span> 
     </span>
     <span class='ocr_line' id='line_1_32' title="bbox 216 3802 1840 3895; baseline 0.004 -28"><span class='ocrx_word' id='word_1_368' title='bbox 216 3802 311 3885; x_wconf 86' lang='lat' dir='ltr'>faeta,</span> <span class='ocrx_word' id='word_1_369' title='bbox 337 3822 419 3886; x_wconf 86' lang='lat' dir='ltr'>quae</span> <span class='ocrx_word' id='word_1_370' title='bbox 442 3802 476 3866; x_wconf 93' lang='lat' dir='ltr'>in</span> <span class='ocrx_word' id='word_1_371' title='bbox 499 3821 591 3868; x_wconf 89' lang='lat' dir='ltr'>usum</span> <span class='ocrx_word' id='word_1_372' title='bbox 615 3802 747 3886; x_wconf 84' lang='lat' dir='ltr'>dignius</span> <span class='ocrx_word' id='word_1_373' title='bbox 768 3804 886 3868; x_wconf 88' lang='lat' dir='ltr'>trahat.</span> <span class='ocrx_word' id='word_1_374' title='bbox 925 3805 1005 3870; x_wconf 92' lang='lat' dir='ltr'>nihil</span> <span class='ocrx_word' id='word_1_375' title='bbox 1028 3806 1085 3871; x_wconf 93' lang='lat' dir='ltr'>ille</span> <span class='ocrx_word' id='word_1_376' title='bbox 1109 3805 1272 3891; x_wconf 89' lang='lat' dir='ltr'>decerpsit</span> <span class='ocrx_word' id='word_1_377' title='bbox 1294 3826 1456 3873; x_wconf 86' lang='lat' dir='ltr'>sacrarum</span> <span class='ocrx_word' id='word_1_378' title='bbox 1472 3809 1631 3892; x_wconf 84' lang='lat' dir='ltr'>virginum</span> <span class='ocrx_word' id='word_1_379' title='bbox 1648 3809 1840 3895; x_wconf 89' lang='lat' dir='ltr'>privilegiis,</span> 
     </span>
     <span class='ocr_line' id='line_1_33' title="bbox 215 3906 1843 3996; baseline 0.004 -27"><span class='ocrx_word' id='word_1_380' title='bbox 215 3906 351 3990; x_wconf 83' lang='lat' dir='ltr'>replevit</span> <span class='ocrx_word' id='word_1_381' title='bbox 380 3906 541 3971; x_wconf 90' lang='lat' dir='ltr'>nobilibus</span> <span class='ocrx_word' id='word_1_382' title='bbox 564 3906 758 3985; x_wconf 76' lang='lat' dir='ltr'>sacerdotia,</span> <span class='ocrx_word' id='word_1_383' title='bbox 793 3908 945 3972; x_wconf 87' lang='lat' dir='ltr'>Romanis</span> <span class='ocrx_word' id='word_1_384' title='bbox 969 3909 1172 3974; x_wconf 91' lang='lat' dir='ltr'>caerimoniis</span> <span class='ocrx_word' id='word_1_385' title='bbox 1194 3929 1257 3974; x_wconf 91' lang='lat' dir='ltr'>non</span> <span class='ocrx_word' id='word_1_386' title='bbox 1281 3912 1415 3993; x_wconf 84' lang='lat' dir='ltr'>negavit</span> <span class='ocrx_word' id='word_1_387' title='bbox 1436 3911 1606 3995; x_wconf 89' lang='lat' dir='ltr'>inpensas,</span> <span class='ocrx_word' id='word_1_388' title='bbox 1642 3920 1674 3978; x_wconf 93' lang='lat' dir='ltr'>et</span> <span class='ocrx_word' id='word_1_389' title='bbox 1696 3933 1754 3996; x_wconf 91' lang='lat' dir='ltr'>per</span> <span class='ocrx_word' id='word_1_390' title='bbox 1776 3932 1843 3977; x_wconf 93' lang='lat' dir='ltr'>om-</span> 
     </span>
     <span class='ocr_line' id='line_1_34' title="bbox 215 4009 1845 4098; baseline 0.005 -26"><span class='ocrx_word' id='word_1_391' title='bbox 215 4027 272 4073; x_wconf 92' lang='lat' dir='ltr'>nes</span> <span class='ocrx_word' id='word_1_392' title='bbox 302 4009 372 4074; x_wconf 83' lang='lat' dir='ltr'>vias</span> <span class='ocrx_word' id='word_1_393' title='bbox 401 4015 553 4075; x_wconf 89' lang='lat' dir='ltr'>aeternae</span> <span class='ocrx_word' id='word_1_394' title='bbox 582 4009 670 4074; x_wconf 89' lang='lat' dir='ltr'>urbis</span> <span class='ocrx_word' id='word_1_395' title='bbox 699 4010 818 4075; x_wconf 89' lang='lat' dir='ltr'>laetum</span> <span class='ocrx_word' id='word_1_396' title='bbox 849 4016 977 4075; x_wconf 88' lang='lat' dir='ltr'>secutus</span> <span class='ocrx_word' id='word_1_397' title='bbox 1001 4018 1149 4077; x_wconf 88' lang='lat' dir='ltr'>senatum</span> <span class='ocrx_word' id='word_1_398' title='bbox 1173 4011 1254 4078; x_wconf 87' lang='lat' dir='ltr'>vidit</span> <span class='ocrx_word' id='word_1_399' title='bbox 1276 4014 1405 4096; x_wconf 89' lang='lat' dir='ltr'>placido</span> <span class='ocrx_word' id='word_1_400' title='bbox 1428 4035 1482 4080; x_wconf 91' lang='lat' dir='ltr'>ore</span> <span class='ocrx_word' id='word_1_401' title='bbox 1505 4016 1656 4097; x_wconf 89' lang='lat' dir='ltr'>delubra,</span> <span class='ocrx_word' id='word_1_402' title='bbox 1690 4014 1770 4098; x_wconf 86' lang='lat' dir='ltr'>legit</span> <span class='ocrx_word' id='word_1_403' title='bbox 1792 4016 1845 4080; x_wconf 92' lang='lat' dir='ltr'>in·</span> 
     </span>
     <span class='ocr_line' id='line_1_35' title="bbox 215 4112 1845 4200; baseline 0.005 -25"><span class='ocrx_word' id='word_1_404' title='bbox 215 4112 333 4197; x_wconf 84' lang='lat' dir='ltr'>scripta</span> <span class='ocrx_word' id='word_1_405' title='bbox 364 4112 503 4195; x_wconf 81' lang='lat' dir='ltr'>fastigiis</span> <span class='ocrx_word' id='word_1_406' title='bbox 532 4112 626 4177; x_wconf 90' lang='lat' dir='ltr'>deum</span> <span class='ocrx_word' id='word_1_407' title='bbox 649 4112 797 4195; x_wconf 88' lang='lat' dir='ltr'>nomina,</span> <span class='ocrx_word' id='word_1_408' title='bbox 831 4118 1035 4196; x_wconf 90' lang='lat' dir='ltr'>percontatus</span> <span class='ocrx_word' id='word_1_409' title='bbox 1058 4116 1249 4198; x_wconf 89' lang='lat' dir='ltr'>templorum</span> <span class='ocrx_word' id='word_1_410' title='bbox 1273 4116 1415 4200; x_wconf 88' lang='lat' dir='ltr'>origines</span> <span class='ocrx_word' id='word_1_411' title='bbox 1438 4123 1504 4197; x_wconf 89' lang='lat' dir='ltr'>est,</span> <span class='ocrx_word' id='word_1_412' title='bbox 1540 4119 1673 4183; x_wconf 84' lang='lat' dir='ltr'>miratus</span> <span class='ocrx_word' id='word_1_413' title='bbox 1696 4125 1745 4183; x_wconf 87' lang='lat' dir='ltr'>est</span> <span class='ocrx_word' id='word_1_414' title='bbox 1767 4138 1845 4183; x_wconf 93' lang='lat' dir='ltr'>con-</span> 
     </span>
    </p>

    <p class='ocr_par' dir='ltr' id='par_1_10' title="bbox 166 4213 1885 4401">
     <span class='ocr_line' id='line_1_36' title="bbox 166 4213 1885 4303; baseline 0.008 -29"><span class='ocrx_word' id='word_1_415' title='bbox 166 4213 349 4293; x_wconf 70' lang='lat' dir='ltr'>auditores,</span> <span class='ocrx_word' id='word_1_416' title='bbox 385 4234 521 4297; x_wconf 91' lang='lat' dir='ltr'>cumque</span> <span class='ocrx_word' id='word_1_417' title='bbox 551 4215 634 4279; x_wconf 80' lang='lat' dir='ltr'>olias</span> <span class='ocrx_word' id='word_1_418' title='bbox 663 4215 837 4298; x_wconf 88' lang='lat' dir='ltr'>religiones</span> <span class='ocrx_word' id='word_1_419' title='bbox 866 4216 936 4301; x_wconf 91' lang='lat' dir='ltr'>ipse</span> <span class='ocrx_word' id='word_1_420' title='bbox 969 4224 1172 4300; x_wconf 90' lang='lat' dir='ltr'>sequeretur,</span> <span class='ocrx_word' id='word_1_421' title='bbox 1207 4218 1267 4283; x_wconf 89' lang='lat' dir='ltr'>bas</span> <span class='ocrx_word' id='word_1_422' title='bbox 1297 4220 1440 4284; x_wconf 83' lang='lat' dir='ltr'>servavit</span> <span class='ocrx_word' id='word_1_423' title='bbox 1461 4220 1606 4303; x_wconf 92' lang='lat' dir='ltr'>imperio.</span> <span class='ocrx_word' id='word_1_424' title='bbox 1655 4239 1733 4285; x_wconf 88' lang='lat' dir='ltr'>suus</span> <span class='ocrx_word' id='word_1_425' title='bbox 1755 4221 1840 4286; x_wconf 90' lang='lat' dir='ltr'>enim</span> <span class='ocrx_word' id='word_1_426' title='bbox 1867 4228 1885 4288; x_wconf 76' lang='grc' dir='ltr'>ὃ</span> 
     </span>
     <span class='ocr_line' id='line_1_37' title="bbox 215 4317 1844 4401; baseline 0.005 -19"><span class='ocrx_word' id='word_1_427' title='bbox 215 4318 330 4400; x_wconf 89' lang='lat' dir='ltr'>cuique</span> <span class='ocrx_word' id='word_1_428' title='bbox 352 4337 431 4398; x_wconf 91' lang='lat' dir='ltr'>mos,</span> <span class='ocrx_word' id='word_1_429' title='bbox 459 4337 537 4382; x_wconf 88' lang='lat' dir='ltr'>suns</span> <span class='ocrx_word' id='word_1_430' title='bbox 559 4317 639 4382; x_wconf 88' lang='lat' dir='ltr'>ritus</span> <span class='ocrx_word' id='word_1_431' title='bbox 661 4326 726 4383; x_wconf 90' lang='lat' dir='ltr'>est:</span> <span class='ocrx_word' id='word_1_432' title='bbox 754 4318 862 4383; x_wconf 87' lang='lat' dir='ltr'>varios</span> <span class='ocrx_word' id='word_1_433' title='bbox 884 4318 1035 4385; x_wconf 88' lang='lat' dir='ltr'>custodes</span> <span class='ocrx_word' id='word_1_434' title='bbox 1058 4319 1191 4385; x_wconf 89' lang='lat' dir='ltr'>urbibus</span> <span class='ocrx_word' id='word_1_435' title='bbox 1213 4322 1318 4386; x_wconf 89' lang='lat' dir='ltr'>cultus</span> <span class='ocrx_word' id='word_1_436' title='bbox 1341 4342 1434 4387; x_wconf 88' lang='lat' dir='ltr'>mens</span> <span class='ocrx_word' id='word_1_437' title='bbox 1456 4322 1568 4388; x_wconf 87' lang='lat' dir='ltr'>divina</span> <span class='ocrx_word' id='word_1_438' title='bbox 1590 4323 1771 4401; x_wconf 78' lang='lat' dir='ltr'>distribuit3</span> <span class='ocrx_word' id='word_1_439' title='bbox 1808 4331 1844 4389; x_wconf 90' lang='lat' dir='ltr'>ut</span> 
     </span>
    </p>
   </div>
   <div class='ocr_carea' id='block_1_3' title="bbox 211 4612 1844 5881">
    <p class='ocr_par' dir='ltr' id='par_1_11' title="bbox 211 4612 1844 5881">
     <span class='ocr_line' id='line_1_38' title="bbox 301 4612 1813 4678; baseline 0.003 -17"><span class='ocrx_word' id='word_1_440' title='bbox 301 4612 311 4661; x_wconf 97' lang='grc'><strong>1</strong></span> <span class='ocrx_word' id='word_1_441' title='bbox 333 4627 359 4660; x_wconf 88' lang='lat' dir='ltr'>re</span> <span class='ocrx_word' id='word_1_442' title='bbox 378 4618 438 4662; x_wconf 77' lang='lat' dir='ltr'>oute</span> <span class='ocrx_word' id='word_1_443' title='bbox 455 4614 568 4662; x_wconf 79' lang='lat' dir='ltr'>obfuisse</span> <span class='ocrx_word' id='word_1_444' title='bbox 587 4615 660 4662; x_wconf 68' lang='lat' dir='ltr'>mser.</span> <span class='ocrx_word' id='word_1_445' title='bbox 683 4612 717 4660; x_wconf 71' lang='grc' dir='ltr'>Α2</span> <span class='ocrx_word' id='word_1_446' title='bbox 822 4617 858 4663; x_wconf 86' lang='lat' dir='ltr'>rel</span> <span class='ocrx_word' id='word_1_447' title='bbox 876 4616 976 4677; x_wconf 88' lang='lat' dir='ltr'>puplice</span> <span class='ocrx_word' id='word_1_448' title='bbox 996 4612 1039 4675; x_wconf 76' lang='lat' dir='ltr'>A2,</span> <span class='ocrx_word' id='word_1_449' title='bbox 1060 4630 1088 4678; x_wconf 89' lang='lat' dir='ltr'>rp</span> <span class='ocrx_word' id='word_1_450' title='bbox 1110 4616 1160 4663; x_wconf 80' lang='grc' dir='ltr'>ΤΜ</span> <span class='ocrx_word' id='word_1_451' title='bbox 1277 4617 1382 4666; x_wconf 72' lang='lat' dir='ltr'>leuem</span> <span class='ocrx_word' id='word_1_452' title='bbox 1401 4631 1448 4666; x_wconf 87' lang='lat' dir='ltr'>om.</span> <span class='ocrx_word' id='word_1_453' title='bbox 1471 4616 1499 4664; x_wconf 94' lang='lat' dir='ltr'><em>M</em></span> <span class='ocrx_word' id='word_1_454' title='bbox 1602 4622 1765 4670; x_wconf 88' lang='lat' dir='ltr'>contulerunt</span> <span class='ocrx_word' id='word_1_455' title='bbox 1784 4618 1813 4666; x_wconf 90' lang='lat' dir='ltr'><em>M</em></span> 
     </span>
     <span class='ocr_line' id='line_1_39' title="bbox 213 4696 1844 4767; baseline 0.002 -19"><span class='ocrx_word' id='word_1_456' title='bbox 213 4705 256 4748; x_wconf 79' lang='lat' dir='ltr'>sut</span> <span class='ocrx_word' id='word_1_457' title='bbox 276 4699 297 4745; x_wconf 77' lang='grc' dir='ltr'><em>Τ</em></span> <span class='ocrx_word' id='word_1_458' title='bbox 419 4698 435 4746; x_wconf 83' lang='grc'>4</span> <span class='ocrx_word' id='word_1_459' title='bbox 453 4700 518 4748; x_wconf 75' lang='lat' dir='ltr'>lecta</span> <span class='ocrx_word' id='word_1_460' title='bbox 536 4696 570 4746; x_wconf 74' lang='lat' dir='ltr'>A²</span> <span class='ocrx_word' id='word_1_461' title='bbox 692 4706 720 4748; x_wconf 90' lang='lat' dir='ltr'>tu</span> <span class='ocrx_word' id='word_1_462' title='bbox 737 4702 815 4749; x_wconf 80' lang='lat' dir='ltr'>maior</span> <span class='ocrx_word' id='word_1_463' title='bbox 833 4706 874 4749; x_wconf 85' lang='lat' dir='ltr'>est</span> <span class='ocrx_word' id='word_1_464' title='bbox 890 4698 932 4763; x_wconf 76' lang='lat' dir='ltr'>A2,</span> <span class='ocrx_word' id='word_1_465' title='bbox 954 4707 1008 4750; x_wconf 91' lang='lat' dir='ltr'>tum</span> <span class='ocrx_word' id='word_1_466' title='bbox 1026 4704 1144 4751; x_wconf 75' lang='lat' dir='ltr'>maiorem</span> <span class='ocrx_word' id='word_1_467' title='bbox 1163 4703 1196 4751; x_wconf 91' lang='lat' dir='ltr'>A¹</span> <span class='ocrx_word' id='word_1_468' title='bbox 1326 4704 1340 4752; x_wconf 89' lang='grc'><strong>5</strong></span> <span class='ocrx_word' id='word_1_469' title='bbox 1360 4704 1441 4753; x_wconf 86' lang='lat' dir='ltr'>dicere</span> <span class='ocrx_word' id='word_1_470' title='bbox 1461 4701 1495 4751; x_wconf 71' lang='grc' dir='ltr'>Α2</span> <span class='ocrx_word' id='word_1_471' title='bbox 1615 4708 1773 4767; x_wconf 81' lang='lat' dir='ltr'>respeximus</span> <span class='ocrx_word' id='word_1_472' title='bbox 1793 4704 1844 4751; x_wconf 75' lang='lat' dir='ltr'>TM</span> 
     </span>
     <span class='ocr_line' id='line_1_40' title="bbox 213 4782 1843 4855; baseline 0.004 -23"><span class='ocrx_word' id='word_1_473' title='bbox 213 4782 286 4847; x_wconf 83' lang='lat' dir='ltr'>brp.</span> <span class='ocrx_word' id='word_1_474' title='bbox 309 4784 330 4831; x_wconf 80' lang='lat' dir='ltr'>l&#39;</span> <span class='ocrx_word' id='word_1_475' title='bbox 435 4792 602 4835; x_wconf 86' lang='lat' dir='ltr'>numerentur</span> <span class='ocrx_word' id='word_1_476' title='bbox 619 4788 642 4833; x_wconf 89' lang='lat' dir='ltr'><em>A</em></span> <span class='ocrx_word' id='word_1_477' title='bbox 764 4786 778 4834; x_wconf 83' lang='lat' dir='ltr'>t</span> <span class='ocrx_word' id='word_1_478' title='bbox 798 4801 855 4849; x_wconf 77' lang='lat' dir='ltr'>pars</span> <span class='ocrx_word' id='word_1_479' title='bbox 873 4800 958 4835; x_wconf 88' lang='lat' dir='ltr'>eorum</span> <span class='ocrx_word' id='word_1_480' title='bbox 977 4785 1053 4854; x_wconf 87' lang='lat' dir='ltr'>prior]</span> <span class='ocrx_word' id='word_1_481' title='bbox 1074 4790 1202 4851; x_wconf 81' lang='lat' dir='ltr'>proximus</span> <span class='ocrx_word' id='word_1_482' title='bbox 1221 4804 1306 4838; x_wconf 90' lang='lat' dir='ltr'>eorum</span> <span class='ocrx_word' id='word_1_483' title='bbox 1325 4791 1346 4836; x_wconf 88' lang='lat' dir='ltr'><em>A</em></span> <span class='ocrx_word' id='word_1_484' title='bbox 1452 4792 1562 4839; x_wconf 84' lang='lat' dir='ltr'>retentio</span> <span class='ocrx_word' id='word_1_485' title='bbox 1583 4790 1610 4837; x_wconf 94' lang='lat' dir='ltr'><em>M</em></span> <span class='ocrx_word' id='word_1_486' title='bbox 1724 4792 1843 4855; x_wconf 79' lang='lat' dir='ltr'>8proxi·</span> 
     </span>
     <span class='ocr_line' id='line_1_41' title="bbox 213 4870 1810 4939; baseline 0.004 -21"><span class='ocrx_word' id='word_1_487' title='bbox 213 4884 307 4919; x_wconf 86' lang='lat' dir='ltr'>morum</span> <span class='ocrx_word' id='word_1_488' title='bbox 325 4885 374 4921; x_wconf 86' lang='lat' dir='ltr'>om.</span> <span class='ocrx_word' id='word_1_489' title='bbox 397 4870 425 4918; x_wconf 92' lang='lat' dir='ltr'><em>M</em></span> <span class='ocrx_word' id='word_1_490' title='bbox 538 4873 615 4932; x_wconf 82' lang='lat' dir='ltr'>lgltnr</span> <span class='ocrx_word' id='word_1_491' title='bbox 631 4878 687 4934; x_wconf 86' lang='lat' dir='ltr'>post</span> <span class='ocrx_word' id='word_1_492' title='bbox 704 4875 761 4935; x_wconf 88' lang='lat' dir='ltr'>quis</span> <span class='ocrx_word' id='word_1_493' title='bbox 780 4877 853 4923; x_wconf 78' lang='lat' dir='ltr'>isser.</span> <span class='ocrx_word' id='word_1_494' title='bbox 877 4872 929 4920; x_wconf 79' lang='grc' dir='ltr'>ΤΜ</span> <span class='ocrx_word' id='word_1_495' title='bbox 1048 4875 1064 4925; x_wconf 86' lang='grc'>9</span> <span class='ocrx_word' id='word_1_496' title='bbox 1084 4877 1191 4925; x_wconf 78' lang='lat' dir='ltr'>barbaris</span> <span class='ocrx_word' id='word_1_497' title='bbox 1209 4889 1256 4923; x_wconf 90' lang='lat' dir='ltr'>om.</span> <span class='ocrx_word' id='word_1_498' title='bbox 1282 4876 1332 4923; x_wconf 80' lang='grc' dir='ltr'>ΤΜ</span> <span class='ocrx_word' id='word_1_499' title='bbox 1447 4890 1495 4925; x_wconf 85' lang='grc' dir='ltr'>ηοη</span> <span class='ocrx_word' id='word_1_500' title='bbox 1514 4878 1625 4939; x_wconf 85' lang='lat' dir='ltr'>requirat</span> <span class='ocrx_word' id='word_1_501' title='bbox 1643 4879 1763 4928; x_wconf 75' lang='lat' dir='ltr'>uictoriae</span> <span class='ocrx_word' id='word_1_502' title='bbox 1782 4877 1810 4924; x_wconf 98' lang='lat' dir='ltr'><em>M</em></span> 
     </span>
     <span class='ocr_line' id='line_1_42' title="bbox 213 4953 1808 5026; baseline 0.004 -22"><span class='ocrx_word' id='word_1_503' title='bbox 213 4953 330 5023; x_wconf 78' lang='lat' dir='ltr'>silerum]</span> <span class='ocrx_word' id='word_1_504' title='bbox 347 4958 436 5005; x_wconf 82' lang='lat' dir='ltr'>tullum</span> <span class='ocrx_word' id='word_1_505' title='bbox 455 4959 478 5005; x_wconf 98' lang='lat' dir='ltr'><em>A</em></span> <span class='ocrx_word' id='word_1_506' title='bbox 620 4956 650 5006; x_wconf 87' lang='lat'>10</span> <span class='ocrx_word' id='word_1_507' title='bbox 669 4963 768 5007; x_wconf 82' lang='lat' dir='ltr'>ostenta</span> <span class='ocrx_word' id='word_1_508' title='bbox 787 4956 909 5026; x_wconf 83' lang='lat' dir='ltr'>ultamus]</span> <span class='ocrx_word' id='word_1_509' title='bbox 927 4963 1111 5010; x_wconf 85' lang='lat' dir='ltr'>ostentaulmus</span> <span class='ocrx_word' id='word_1_510' title='bbox 1130 4960 1160 5008; x_wconf 97' lang='grc' dir='ltr'><em>Μ</em></span> <span class='ocrx_word' id='word_1_511' title='bbox 1295 4967 1379 5011; x_wconf 66' lang='lat' dir='ltr'>nmen</span> <span class='ocrx_word' id='word_1_512' title='bbox 1399 4964 1483 5011; x_wconf 77' lang='lat' dir='ltr'>saltim</span> <span class='ocrx_word' id='word_1_513' title='bbox 1503 4966 1523 5009; x_wconf 93' lang='lat' dir='ltr'><em>A</em></span> <span class='ocrx_word' id='word_1_514' title='bbox 1664 4965 1761 5012; x_wconf 88' lang='lat' dir='ltr'>numini</span> <span class='ocrx_word' id='word_1_515' title='bbox 1782 4962 1808 5011; x_wconf 90' lang='grc' dir='ltr'><em>Μ</em></span> 
     </span>
     <span class='ocr_line' id='line_1_43' title="bbox 213 5042 1841 5108; baseline 0.004 -17"><span class='ocrx_word' id='word_1_516' title='bbox 213 5044 351 5104; x_wconf 76' lang='lat' dir='ltr'>denegatur</span> <span class='ocrx_word' id='word_1_517' title='bbox 371 5043 427 5105; x_wconf 84' lang='lat' dir='ltr'>(om.</span> <span class='ocrx_word' id='word_1_518' title='bbox 448 5045 495 5104; x_wconf 86' lang='lat' dir='ltr'>est)</span> <span class='ocrx_word' id='word_1_519' title='bbox 518 5042 543 5091; x_wconf 93' lang='lat' dir='ltr'><em>M</em></span> <span class='ocrx_word' id='word_1_520' title='bbox 667 5043 695 5094; x_wconf 92' lang='grc'>11</span> <span class='ocrx_word' id='word_1_521' title='bbox 717 5045 819 5094; x_wconf 88' lang='lat' dir='ltr'>debebit</span> <span class='ocrx_word' id='word_1_522' title='bbox 837 5046 909 5108; x_wconf 81' lang='lat' dir='ltr'>plura</span> <span class='ocrx_word' id='word_1_523' title='bbox 928 5043 969 5108; x_wconf 67' lang='lat' dir='ltr'>Al,</span> <span class='ocrx_word' id='word_1_524' title='bbox 991 5048 1095 5108; x_wconf 79' lang='lat' dir='ltr'>pulchra</span> <span class='ocrx_word' id='word_1_525' title='bbox 1113 5048 1216 5096; x_wconf 84' lang='lat' dir='ltr'>debebit</span> <span class='ocrx_word' id='word_1_526' title='bbox 1237 5048 1258 5094; x_wconf 79' lang='grc' dir='ltr'><em>Τ</em></span> <span class='ocrx_word' id='word_1_527' title='bbox 1370 5056 1518 5098; x_wconf 78' lang='lat' dir='ltr'>euertuntur</span> <span class='ocrx_word' id='word_1_528' title='bbox 1538 5046 1624 5097; x_wconf 78' lang='lat' dir='ltr'>TMA²</span> <span class='ocrx_word' id='word_1_529' title='bbox 1748 5047 1777 5098; x_wconf 77' lang='lat' dir='ltr'>tt</span> <span class='ocrx_word' id='word_1_530' title='bbox 1796 5050 1841 5098; x_wconf 87' lang='lat' dir='ltr'>dc-</span> 
     </span>
     <span class='ocr_line' id='line_1_44' title="bbox 212 5128 1840 5197; baseline 0.005 -21"><span class='ocrx_word' id='word_1_531' title='bbox 212 5129 294 5177; x_wconf 87' lang='lat' dir='ltr'>sidere</span> <span class='ocrx_word' id='word_1_532' title='bbox 308 5128 336 5175; x_wconf 89' lang='grc' dir='ltr'><em>Μ</em></span> <span class='ocrx_word' id='word_1_533' title='bbox 441 5128 471 5179; x_wconf 97' lang='grc'>13</span> <span class='ocrx_word' id='word_1_534' title='bbox 489 5132 577 5179; x_wconf 83' lang='lat' dir='ltr'>uotiua</span> <span class='ocrx_word' id='word_1_535' title='bbox 595 5136 634 5179; x_wconf 88' lang='lat' dir='ltr'>est</span> <span class='ocrx_word' id='word_1_536' title='bbox 651 5132 738 5179; x_wconf 77' lang='lat' dir='ltr'>istsT</span> <span class='ocrx_word' id='word_1_537' title='bbox 840 5134 989 5196; x_wconf 80' lang='lat' dir='ltr'>profitentur</span> <span class='ocrx_word' id='word_1_538' title='bbox 1007 5135 1142 5196; x_wconf 86' lang='lat' dir='ltr'>optandam</span> <span class='ocrx_word' id='word_1_539' title='bbox 1157 5134 1186 5195; x_wconf 78' lang='lat' dir='ltr'>T,</span> <span class='ocrx_word' id='word_1_540' title='bbox 1207 5135 1372 5196; x_wconf 78' lang='lat' dir='ltr'>profitendam</span> <span class='ocrx_word' id='word_1_541' title='bbox 1391 5142 1466 5197; x_wconf 81' lang='lat' dir='ltr'>neget</span> <span class='ocrx_word' id='word_1_542' title='bbox 1479 5135 1507 5182; x_wconf 92' lang='lat' dir='ltr'><em>M</em></span> <span class='ocrx_word' id='word_1_543' title='bbox 1612 5135 1644 5184; x_wconf 83' lang='grc'>14</span> <span class='ocrx_word' id='word_1_544' title='bbox 1662 5137 1770 5185; x_wconf 88' lang='lat' dir='ltr'>hominis</span> <span class='ocrx_word' id='word_1_545' title='bbox 1784 5137 1840 5197; x_wconf 74' lang='lat' dir='ltr'>TA,</span> 
     </span>
     <span class='ocr_line' id='line_1_45' title="bbox 213 5215 1838 5289; baseline 0.004 -27"><span class='ocrx_word' id='word_1_546' title='bbox 213 5217 320 5265; x_wconf 86' lang='lat' dir='ltr'>nominis</span> <span class='ocrx_word' id='word_1_547' title='bbox 339 5215 368 5262; x_wconf 94' lang='lat' dir='ltr'><em>M</em></span> <span class='ocrx_word' id='word_1_548' title='bbox 469 5218 552 5265; x_wconf 73' lang='lat' dir='ltr'>saltim</span> <span class='ocrx_word' id='word_1_549' title='bbox 573 5218 594 5263; x_wconf 88' lang='lat' dir='ltr'><em>A</em></span> <span class='ocrx_word' id='word_1_550' title='bbox 711 5218 742 5267; x_wconf 83' lang='lat' dir='ltr'>lb</span> <span class='ocrx_word' id='word_1_551' title='bbox 761 5222 886 5268; x_wconf 84' lang='lat' dir='ltr'>constanti</span> <span class='ocrx_word' id='word_1_552' title='bbox 905 5216 939 5266; x_wconf 66' lang='lat' dir='ltr'>Al</span> <span class='ocrx_word' id='word_1_553' title='bbox 1055 5220 1083 5269; x_wconf 83' lang='grc'>17</span> <span class='ocrx_word' id='word_1_554' title='bbox 1103 5222 1174 5269; x_wconf 86' lang='lat' dir='ltr'>nobis</span> <span class='ocrx_word' id='word_1_555' title='bbox 1195 5221 1216 5267; x_wconf 82' lang='grc' dir='ltr'><strong><em>Τ</em></strong></span> <span class='ocrx_word' id='word_1_556' title='bbox 1317 5222 1423 5282; x_wconf 58' lang='lat' dir='ltr'>plaude</span> <span class='ocrx_word' id='word_1_557' title='bbox 1441 5220 1512 5289; x_wconf 91' lang='lat' dir='ltr'>sunt]</span> <span class='ocrx_word' id='word_1_558' title='bbox 1530 5223 1574 5270; x_wconf 89' lang='lat' dir='ltr'>uel</span> <span class='ocrx_word' id='word_1_559' title='bbox 1593 5222 1695 5271; x_wconf 85' lang='lat' dir='ltr'>uidistis</span> <span class='ocrx_word' id='word_1_560' title='bbox 1713 5221 1772 5272; x_wconf 81' lang='lat' dir='ltr'>cdd.</span> <span class='ocrx_word' id='word_1_561' title='bbox 1794 5225 1838 5271; x_wconf 82' lang='lat' dir='ltr'>ist.</span> 
     </span>
     <span class='ocr_line' id='line_1_46' title="bbox 213 5300 1841 5375; baseline 0.004 -27"><span class='ocrx_word' id='word_1_562' title='bbox 213 5300 258 5351; x_wconf 80' lang='lat' dir='ltr'>liu.</span> <span class='ocrx_word' id='word_1_563' title='bbox 281 5300 308 5348; x_wconf 93' lang='lat' dir='ltr'><em>M</em></span> <span class='ocrx_word' id='word_1_564' title='bbox 413 5304 478 5352; x_wconf 77' lang='lat' dir='ltr'>lama</span> <span class='ocrx_word' id='word_1_565' title='bbox 496 5300 532 5352; x_wconf 83' lang='lat' dir='ltr'>A²</span> <span class='ocrx_word' id='word_1_566' title='bbox 647 5302 678 5353; x_wconf 88' lang='grc'>19</span> <span class='ocrx_word' id='word_1_567' title='bbox 698 5306 774 5353; x_wconf 83' lang='lat' dir='ltr'>uerbs</span> <span class='ocrx_word' id='word_1_568' title='bbox 791 5318 840 5353; x_wconf 86' lang='lat' dir='ltr'>em.</span> <span class='ocrx_word' id='word_1_569' title='bbox 863 5304 891 5352; x_wconf 91' lang='lat' dir='ltr'><em>M</em></span> <span class='ocrx_word' id='word_1_570' title='bbox 1004 5308 1145 5354; x_wconf 76' lang='lat' dir='ltr'>insanimus</span> <span class='ocrx_word' id='word_1_571' title='bbox 1165 5303 1198 5352; x_wconf 74' lang='grc' dir='ltr'>Α2</span> <span class='ocrx_word' id='word_1_572' title='bbox 1311 5307 1344 5357; x_wconf 79' lang='grc'>20</span> <span class='ocrx_word' id='word_1_573' title='bbox 1363 5308 1422 5355; x_wconf 84' lang='lat' dir='ltr'>adeo</span> <span class='ocrx_word' id='word_1_574' title='bbox 1441 5306 1476 5355; x_wconf 64' lang='lat' dir='ltr'>Al</span> <span class='ocrx_word' id='word_1_575' title='bbox 1589 5306 1617 5356; x_wconf 80' lang='lat'>21</span> <span class='ocrx_word' id='word_1_576' title='bbox 1640 5305 1766 5375; x_wconf 88' lang='lat' dir='ltr'>numinis]</span> <span class='ocrx_word' id='word_1_577' title='bbox 1784 5309 1841 5356; x_wconf 90' lang='lat' dir='ltr'>rell-</span> 
     </span>
     <span class='ocr_line' id='line_1_47' title="bbox 214 5389 1808 5457; baseline 0.003 -21"><span class='ocrx_word' id='word_1_578' title='bbox 214 5389 297 5449; x_wconf 80' lang='lat' dir='ltr'>gionls</span> <span class='ocrx_word' id='word_1_579' title='bbox 314 5390 337 5436; x_wconf 98' lang='lat' dir='ltr'><em>A</em></span> <span class='ocrx_word' id='word_1_580' title='bbox 442 5391 601 5439; x_wconf 83' lang='lat' dir='ltr'>concondiam</span> <span class='ocrx_word' id='word_1_581' title='bbox 616 5389 644 5436; x_wconf 92' lang='lat' dir='ltr'><em>M</em></span> <span class='ocrx_word' id='word_1_582' title='bbox 760 5390 1040 5441; x_wconf 61' lang='lat' dir='ltr'>reposuissem</span> <span class='ocrx_word' id='word_1_583' title='bbox 1155 5391 1186 5441; x_wconf 82' lang='lat' dir='ltr'>tt</span> <span class='ocrx_word' id='word_1_584' title='bbox 1207 5396 1300 5453; x_wconf 81' lang='lat' dir='ltr'>proflua</span> <span class='ocrx_word' id='word_1_585' title='bbox 1320 5394 1353 5441; x_wconf 84' lang='lat' dir='ltr'>A¹</span> <span class='ocrx_word' id='word_1_586' title='bbox 1458 5395 1580 5456; x_wconf 80' lang='lat' dir='ltr'>aperiuris</span> <span class='ocrx_word' id='word_1_587' title='bbox 1601 5393 1630 5456; x_wconf 79' lang='grc' dir='ltr'>Τ,</span> <span class='ocrx_word' id='word_1_588' title='bbox 1651 5395 1761 5457; x_wconf 82' lang='lat' dir='ltr'>speiurls</span> <span class='ocrx_word' id='word_1_589' title='bbox 1781 5395 1808 5441; x_wconf 91' lang='lat' dir='ltr'><em>M</em></span> 
     </span>
     <span class='ocr_line' id='line_1_48' title="bbox 212 5474 1843 5540; baseline 0.004 -19"><span class='ocrx_word' id='word_1_590' title='bbox 212 5475 293 5524; x_wconf 84' lang='lat' dir='ltr'>incliti</span> <span class='ocrx_word' id='word_1_591' title='bbox 313 5474 367 5522; x_wconf 86' lang='lat' dir='ltr'>AM</span> <span class='ocrx_word' id='word_1_592' title='bbox 499 5475 682 5525; x_wconf 75' lang='lat' dir='ltr'>strictura</span> <span class='ocrx_word' id='word_1_593' title='bbox 814 5477 847 5527; x_wconf 83' lang='lat' dir='ltr'>ts</span> <span class='ocrx_word' id='word_1_594' title='bbox 866 5480 991 5540; x_wconf 83' lang='lat' dir='ltr'>principes</span> <span class='ocrx_word' id='word_1_595' title='bbox 1012 5477 1039 5525; x_wconf 95' lang='lat' dir='ltr'><em>M</em></span> <span class='ocrx_word' id='word_1_596' title='bbox 1164 5480 1308 5528; x_wconf 82' lang='lat' dir='ltr'>emulantur</span> <span class='ocrx_word' id='word_1_597' title='bbox 1329 5480 1380 5526; x_wconf 84' lang='grc' dir='ltr'>ΤΜ</span> <span class='ocrx_word' id='word_1_598' title='bbox 1500 5481 1574 5527; x_wconf 79' lang='lat' dir='ltr'>talem</span> <span class='ocrx_word' id='word_1_599' title='bbox 1597 5479 1618 5526; x_wconf 81' lang='grc' dir='ltr'><em>Τ</em></span> <span class='ocrx_word' id='word_1_600' title='bbox 1740 5494 1795 5530; x_wconf 89' lang='lat' dir='ltr'>esse</span> <span class='ocrx_word' id='word_1_601' title='bbox 1814 5480 1843 5528; x_wconf 87' lang='lat' dir='ltr'><em>M</em></span> 
     </span>
     <span class='ocr_line' id='line_1_49' title="bbox 212 5558 1840 5625; baseline 0.002 -16"><span class='ocrx_word' id='word_1_602' title='bbox 212 5559 243 5610; x_wconf 78' lang='lat' dir='ltr'>at</span> <span class='ocrx_word' id='word_1_603' title='bbox 263 5565 289 5610; x_wconf 87' lang='lat' dir='ltr'>et</span> <span class='ocrx_word' id='word_1_604' title='bbox 307 5561 506 5625; x_wconf 86' lang='lat' dir='ltr'>deprehensione</span> <span class='ocrx_word' id='word_1_605' title='bbox 527 5560 579 5608; x_wconf 79' lang='grc' dir='ltr'>ΤΜ</span> <span class='ocrx_word' id='word_1_606' title='bbox 693 5560 726 5611; x_wconf 81' lang='grc'>28</span> <span class='ocrx_word' id='word_1_607' title='bbox 746 5563 788 5610; x_wconf 89' lang='lat' dir='ltr'>ille</span> <span class='ocrx_word' id='word_1_608' title='bbox 807 5576 856 5611; x_wconf 88' lang='lat' dir='ltr'>om.</span> <span class='ocrx_word' id='word_1_609' title='bbox 878 5563 907 5610; x_wconf 93' lang='lat' dir='ltr'><em>M</em></span> <span class='ocrx_word' id='word_1_610' title='bbox 1022 5564 1055 5613; x_wconf 75' lang='lat' dir='ltr'>ab</span> <span class='ocrx_word' id='word_1_611' title='bbox 1075 5578 1144 5612; x_wconf 86' lang='lat' dir='ltr'>nune</span> <span class='ocrx_word' id='word_1_612' title='bbox 1164 5563 1216 5611; x_wconf 76' lang='lat' dir='ltr'>l’M</span> <span class='ocrx_word' id='word_1_613' title='bbox 1331 5565 1364 5614; x_wconf 84' lang='grc'>30</span> <span class='ocrx_word' id='word_1_614' title='bbox 1382 5567 1499 5614; x_wconf 89' lang='lat' dir='ltr'>imitetur</span> <span class='ocrx_word' id='word_1_615' title='bbox 1516 5562 1551 5612; x_wconf 74' lang='lat' dir='ltr'>A²</span> <span class='ocrx_word' id='word_1_616' title='bbox 1663 5566 1786 5614; x_wconf 88' lang='lat' dir='ltr'>minimus</span> <span class='ocrx_word' id='word_1_617' title='bbox 1805 5558 1840 5612; x_wconf 62' lang='grc' dir='ltr'>Α2</span> 
     </span>
     <span class='ocr_line' id='line_1_50' title="bbox 212 5644 1836 5718; baseline 0.002 -23"><span class='ocrx_word' id='word_1_618' title='bbox 212 5646 241 5695; x_wconf 89' lang='grc'>31</span> <span class='ocrx_word' id='word_1_619' title='bbox 263 5649 299 5695; x_wconf 85' lang='grc' dir='ltr'>η11</span> <span class='ocrx_word' id='word_1_620' title='bbox 319 5649 341 5695; x_wconf 90' lang='lat' dir='ltr'><em>A</em></span> <span class='ocrx_word' id='word_1_621' title='bbox 475 5646 508 5696; x_wconf 77' lang='lat'>32</span> <span class='ocrx_word' id='word_1_622' title='bbox 526 5644 647 5713; x_wconf 90' lang='lat' dir='ltr'>repleuit]</span> <span class='ocrx_word' id='word_1_623' title='bbox 668 5648 698 5707; x_wconf 88' lang='lat' dir='ltr'>A,</span> <span class='ocrx_word' id='word_1_624' title='bbox 721 5648 832 5697; x_wconf 88' lang='lat' dir='ltr'>decreuit</span> <span class='ocrx_word' id='word_1_625' title='bbox 853 5648 903 5696; x_wconf 76' lang='grc' dir='ltr'>ΤΜ</span> <span class='ocrx_word' id='word_1_626' title='bbox 1023 5664 1140 5699; x_wconf 82' lang='lat' dir='ltr'>romanus</span> <span class='ocrx_word' id='word_1_627' title='bbox 1162 5651 1182 5697; x_wconf 74' lang='lat' dir='ltr'>t</span> <span class='ocrx_word' id='word_1_628' title='bbox 1303 5654 1450 5701; x_wconf 79' lang='lat' dir='ltr'>cerimonias</span> <span class='ocrx_word' id='word_1_629' title='bbox 1470 5650 1498 5698; x_wconf 94' lang='lat' dir='ltr'><em>M</em></span> <span class='ocrx_word' id='word_1_630' title='bbox 1630 5652 1662 5701; x_wconf 85' lang='grc'>33</span> <span class='ocrx_word' id='word_1_631' title='bbox 1681 5647 1756 5718; x_wconf 80' lang='lat' dir='ltr'>legit]</span> <span class='ocrx_word' id='word_1_632' title='bbox 1775 5652 1836 5700; x_wconf 75' lang='lat' dir='ltr'>AM,</span> 
     </span>
     <span class='ocr_line' id='line_1_51' title="bbox 211 5729 1839 5801; baseline 0.004 -21"><span class='ocrx_word' id='word_1_633' title='bbox 211 5733 278 5781; x_wconf 85' lang='lat' dir='ltr'>uidit</span> <span class='ocrx_word' id='word_1_634' title='bbox 304 5731 325 5778; x_wconf 79' lang='lat' dir='ltr'><em>T</em></span> <span class='ocrx_word' id='word_1_635' title='bbox 463 5732 495 5781; x_wconf 82' lang='grc'>31</span> <span class='ocrx_word' id='word_1_636' title='bbox 514 5734 620 5781; x_wconf 78' lang='lat' dir='ltr'>numina</span> <span class='ocrx_word' id='word_1_637' title='bbox 648 5729 683 5780; x_wconf 73' lang='lat' dir='ltr'>A²</span> <span class='ocrx_word' id='word_1_638' title='bbox 821 5741 997 5796; x_wconf 77' lang='lat' dir='ltr'>percunctatus</span> <span class='ocrx_word' id='word_1_639' title='bbox 1024 5733 1088 5784; x_wconf 83' lang='lat' dir='ltr'>A²M</span> <span class='ocrx_word' id='word_1_640' title='bbox 1225 5744 1265 5785; x_wconf 90' lang='lat' dir='ltr'>est</span> <span class='ocrx_word' id='word_1_641' title='bbox 1292 5738 1441 5801; x_wconf 85' lang='lat' dir='ltr'>templorum</span> <span class='ocrx_word' id='word_1_642' title='bbox 1468 5739 1577 5798; x_wconf 80' lang='lat' dir='ltr'>origines</span> <span class='ocrx_word' id='word_1_643' title='bbox 1605 5737 1648 5801; x_wconf 61' lang='grc' dir='ltr'>Αἱ,</span> <span class='ocrx_word' id='word_1_644' title='bbox 1677 5743 1718 5785; x_wconf 89' lang='lat' dir='ltr'>est</span> <span class='ocrx_word' id='word_1_645' title='bbox 1734 5751 1782 5786; x_wconf 84' lang='lat' dir='ltr'>orn.</span> <span class='ocrx_word' id='word_1_646' title='bbox 1804 5736 1839 5786; x_wconf 71' lang='lat' dir='ltr'>A²</span> 
     </span>
     <span class='ocr_line' id='line_1_52' title="bbox 212 5816 787 5881; baseline 0.003 -16"><span class='ocrx_word' id='word_1_647' title='bbox 212 5816 244 5865; x_wconf 80' lang='grc'>35</span> <span class='ocrx_word' id='word_1_648' title='bbox 262 5820 318 5881; x_wconf 88' lang='lat' dir='ltr'>ipse</span> <span class='ocrx_word' id='word_1_649' title='bbox 336 5831 383 5866; x_wconf 90' lang='lat' dir='ltr'>om.</span> <span class='ocrx_word' id='word_1_650' title='bbox 407 5816 458 5865; x_wconf 79' lang='lat' dir='ltr'>TM</span> <span class='ocrx_word' id='word_1_651' title='bbox 561 5817 593 5869; x_wconf 91' lang='grc'>36</span> <span class='ocrx_word' id='word_1_652' title='bbox 612 5834 675 5868; x_wconf 90' lang='lat' dir='ltr'>snus</span> <span class='ocrx_word' id='word_1_653' title='bbox 694 5834 743 5869; x_wconf 87' lang='lat' dir='ltr'>om.</span> <span class='ocrx_word' id='word_1_654' title='bbox 765 5820 787 5867; x_wconf 94' lang='lat' dir='ltr'><em>A</em></span> 
     </span>
    </p>
   </div>
   <div class='ocr_carea' id='block_1_4' title="bbox 264 5917 1627 5976">
    <p class='ocr_par' dir='ltr' id='par_1_12' title="bbox 264 5917 1627 5976">
     <span class='ocr_line' id='line_1_53' title="bbox 264 5917 1627 5976; baseline 0.003 -18"><span class='ocrx_word' id='word_1_655' title='bbox 264 5942 267 5947; x_wconf 89' lang='lat'>·</span> <span class='ocrx_word' id='word_1_656' title='bbox 290 5917 315 5967; x_wconf 80' lang='lat' dir='ltr'>Q.</span> <span class='ocrx_word' id='word_1_657' title='bbox 330 5918 443 5959; x_wconf 78' lang='lat' dir='ltr'>Avnsnrss</span> <span class='ocrx_word' id='word_1_658' title='bbox 457 5919 605 5960; x_wconf 74' lang='lat' dir='ltr'>Sunuscuvs.</span> <span class='ocrx_word' id='word_1_659' title='bbox 1595 5926 1627 5976; x_wconf 82' lang='grc'>36</span> 
     </span>
    </p>
   </div>
   <div class='ocr_carea' id='block_1_5' title="bbox 0 0 2376 6468">
    <p class='ocr_par' dir='ltr' id='par_1_13' title="bbox 0 0 2376 6468">
     <span class='ocr_line' id='line_1_54' title="bbox 0 0 2376 6468; baseline 0 0"><span class='ocrx_word' id='word_1_660' title='bbox 0 0 2376 6468; x_wconf 95' lang='lat' dir='ltr'> </span> 
     </span>
    </p>
   </div>
  </div>
 </body>
</html>
