<?xml version="1.0" encoding="UTF-8"?>
<!DOCTYPE html PUBLIC "-//W3C//DTD XHTML 1.0 Transitional//EN"
    "http://www.w3.org/TR/xhtml1/DTD/xhtml1-transitional.dtd">
<html xmlns="http://www.w3.org/1999/xhtml" xml:lang="en" lang="en">
 <head>
  <title>
</title>
<meta http-equiv="Content-Type" content="text/html;charset=utf-8" />
  <meta name='ocr-system' content='tesseract 3.04.00' />
  <meta name='ocr-capabilities' content='ocr_page ocr_carea ocr_par ocr_line ocrx_word'/>
</head>
<body>
  <div class='ocr_page' id='page_1' title='image "./qaureliisymmach00seecgoog_0315.png"; bbox 0 0 4736 6478; ppageno 0'>
   <div class='ocr_carea' id='block_1_1' title="bbox 517 458 1539 523">
    <p class='ocr_par' dir='ltr' id='par_1_1' title="bbox 517 458 1539 523">
     <span class='ocr_line' id='line_1_1' title="bbox 517 458 1539 523; baseline 0.001 -9"><span class='ocrx_word' id='word_1_1' title='bbox 517 462 559 523; x_wconf 85' lang='lat'>96</span> <span class='ocrx_word' id='word_1_2' title='bbox 1113 458 1310 515; x_wconf 84' lang='lat' dir='ltr'>SYMMAOllI</span> <span class='ocrx_word' id='word_1_3' title='bbox 1327 458 1539 515; x_wconf 85' lang='lat' dir='ltr'><strong>EPISTVLAE</strong></span> 
     </span>
    </p>
   </div>
   <div class='ocr_carea' id='block_1_2' title="bbox 465 649 2147 941">
    <p class='ocr_par' dir='ltr' id='par_1_2' title="bbox 465 649 2147 941">
     <span class='ocr_line' id='line_1_2' title="bbox 465 649 2147 737; baseline 0 -23"><span class='ocrx_word' id='word_1_4' title='bbox 465 653 498 714; x_wconf 91' lang='lat' dir='ltr'><em>P</em></span> <span class='ocrx_word' id='word_1_5' title='bbox 519 650 673 714; x_wconf 91' lang='lat' dir='ltr'>bonorum</span> <span class='ocrx_word' id='word_1_6' title='bbox 702 650 937 734; x_wconf 79' lang='lat' dir='ltr'>separationem</span> <span class='ocrx_word' id='word_1_7' title='bbox 967 650 1074 716; x_wconf 88' lang='lat' dir='ltr'>statim</span> <span class='ocrx_word' id='word_1_8' title='bbox 1105 650 1287 716; x_wconf 82' lang='lat' dir='ltr'>diuturnam</span> <span class='ocrx_word' id='word_1_9' title='bbox 1316 650 1431 716; x_wconf 84' lang='lat' dir='ltr'>uideri.</span> <span class='ocrx_word' id='word_1_10' title='bbox 1478 651 1564 733; x_wconf 88' lang='lat' dir='ltr'>quod</span> <span class='ocrx_word' id='word_1_11' title='bbox 1594 651 1640 734; x_wconf 90' lang='lat' dir='ltr'>si,</span> <span class='ocrx_word' id='word_1_12' title='bbox 1672 658 1708 716; x_wconf 90' lang='lat' dir='ltr'>nt</span> <span class='ocrx_word' id='word_1_13' title='bbox 1729 671 1920 737; x_wconf 86' lang='lat' dir='ltr'>praesumo,</span> <span class='ocrx_word' id='word_1_14' title='bbox 1953 649 2051 716; x_wconf 89' lang='lat' dir='ltr'>etiam</span> <span class='ocrx_word' id='word_1_15' title='bbox 2073 655 2147 715; x_wconf 84' lang='lat' dir='ltr'>tuns</span> 
     </span>
     <span class='ocr_line' id='line_1_3' title="bbox 517 752 2146 839; baseline -0.001 -22"><span class='ocrx_word' id='word_1_16' title='bbox 517 752 644 818; x_wconf 87' lang='lat' dir='ltr'>animus</span> <span class='ocrx_word' id='word_1_17' title='bbox 666 760 817 836; x_wconf 81' lang='lat' dir='ltr'>expertus</span> <span class='ocrx_word' id='word_1_18' title='bbox 840 760 899 833; x_wconf 86' lang='lat' dir='ltr'>est,</span> <span class='ocrx_word' id='word_1_19' title='bbox 927 753 978 818; x_wconf 86' lang='lat' dir='ltr'>fae</span> <span class='ocrx_word' id='word_1_20' title='bbox 999 754 1143 819; x_wconf 88' lang='lat' dir='ltr'>noverim</span> <span class='ocrx_word' id='word_1_21' title='bbox 1165 754 1318 819; x_wconf 87' lang='lat' dir='ltr'>festinata</span> <span class='ocrx_word' id='word_1_22' title='bbox 1340 754 1529 838; x_wconf 90' lang='lat' dir='ltr'>scriptorum</span> <span class='ocrx_word' id='word_1_23' title='bbox 1553 754 1634 837; x_wconf 87' lang='lat' dir='ltr'>vice,</span> <span class='ocrx_word' id='word_1_24' title='bbox 1659 760 1692 819; x_wconf 89' lang='lat' dir='ltr'>tc</span> <span class='ocrx_word' id='word_1_25' title='bbox 1713 774 1839 839; x_wconf 88' lang='lat' dir='ltr'>quoque</span> <span class='ocrx_word' id='word_1_26' title='bbox 1860 754 1921 819; x_wconf 90' lang='lat' dir='ltr'>hoc</span> <span class='ocrx_word' id='word_1_27' title='bbox 1942 752 2146 818; x_wconf 86' lang='lat' dir='ltr'>intervallum</span> 
     </span>
     <span class='ocr_line' id='line_1_4' title="bbox 518 856 943 941; baseline 0.002 -21"><span class='ocrx_word' id='word_1_28' title='bbox 518 856 643 921; x_wconf 87' lang='lat' dir='ltr'>dierum</span> <span class='ocrx_word' id='word_1_29' title='bbox 665 858 796 940; x_wconf 91' lang='lat' dir='ltr'>longum</span> <span class='ocrx_word' id='word_1_30' title='bbox 819 864 943 941; x_wconf 85' lang='lat' dir='ltr'>putare.</span> 
     </span>
    </p>
   </div>
   <div class='ocr_carea' id='block_1_3' title="bbox 1131 1157 2182 1371">
    <p class='ocr_par' dir='ltr' id='par_1_3' title="bbox 1131 1157 2182 1371">
     <span class='ocr_line' id='line_1_5' title="bbox 1131 1157 1532 1235; baseline 0.002 -3"><span class='ocrx_word' id='word_1_31' title='bbox 1131 1157 1284 1234; x_wconf 84' lang='lat' dir='ltr'>LXXXV</span> <span class='ocrx_word' id='word_1_32' title='bbox 1317 1174 1393 1234; x_wconf 88' lang='lat' dir='ltr'>ante</span> <span class='ocrx_word' id='word_1_33' title='bbox 1408 1189 1440 1234; x_wconf 88' lang='lat' dir='ltr'>a.</span> <span class='ocrx_word' id='word_1_34' title='bbox 1458 1171 1532 1235; x_wconf 76' lang='lat'>392.</span> 
     </span>
     <span class='ocr_line' id='line_1_6' title="bbox 1187 1306 2182 1371; baseline -0.007 -1"><span class='ocrx_word' id='word_1_35' title='bbox 1187 1306 1246 1370; x_wconf 88' lang='grc' dir='ltr'>ΑΙ)</span> <span class='ocrx_word' id='word_1_36' title='bbox 1269 1306 1474 1371; x_wconf 82' lang='lat' dir='ltr'>RVFINVM.</span> <span class='ocrx_word' id='word_1_37' title='bbox 2170 1326 2182 1363; x_wconf 77' lang='grc' dir='ltr'>ι</span> 
     </span>
    </p>
   </div>
   <div class='ocr_carea' id='block_1_4' title="bbox 519 1477 2199 2060">
    <p class='ocr_par' dir='ltr' id='par_1_4' title="bbox 519 1477 2199 2060">
     <span class='ocr_line' id='line_1_7' title="bbox 606 1477 2151 1565; baseline 0.001 -22"><span class='ocrx_word' id='word_1_38' title='bbox 606 1478 674 1543; x_wconf 84' lang='lat' dir='ltr'>Mos</span> <span class='ocrx_word' id='word_1_39' title='bbox 703 1486 735 1544; x_wconf 89' lang='lat' dir='ltr'>et</span> <span class='ocrx_word' id='word_1_40' title='bbox 764 1479 844 1543; x_wconf 85' lang='lat' dir='ltr'>ratio</span> <span class='ocrx_word' id='word_1_41' title='bbox 875 1477 1052 1560; x_wconf 85' lang='lat' dir='ltr'>flagitavit,</span> <span class='ocrx_word' id='word_1_42' title='bbox 1085 1484 1120 1544; x_wconf 93' lang='lat' dir='ltr'>ut</span> <span class='ocrx_word' id='word_1_43' title='bbox 1142 1498 1311 1544; x_wconf 87' lang='lat' dir='ltr'>mansurus</span> <span class='ocrx_word' id='word_1_44' title='bbox 1333 1478 1418 1543; x_wconf 89' lang='lat' dir='ltr'>domi</span> <span class='ocrx_word' id='word_1_45' title='bbox 1446 1478 1573 1544; x_wconf 89' lang='lat' dir='ltr'>veniam</span> <span class='ocrx_word' id='word_1_46' title='bbox 1601 1478 1642 1545; x_wconf 93' lang='lat' dir='ltr'>de</span> <span class='ocrx_word' id='word_1_47' title='bbox 1670 1479 1899 1562; x_wconf 87' lang='lat' dir='ltr'>angustissimo</span> <span class='ocrx_word' id='word_1_48' title='bbox 1920 1479 2066 1565; x_wconf 84' lang='lat' dir='ltr'>principe</span> <span class='ocrx_word' id='word_1_49' title='bbox 2089 1479 2151 1544; x_wconf 91' lang='lat' dir='ltr'>im-</span> 
     </span>
     <span class='ocr_line' id='line_1_8' title="bbox 519 1581 2150 1668; baseline -0.001 -21"><span class='ocrx_word' id='word_1_50' title='bbox 519 1582 619 1668; x_wconf 82' lang='lat' dir='ltr'>perati</span> <span class='ocrx_word' id='word_1_51' title='bbox 644 1582 721 1646; x_wconf 91' lang='lat' dir='ltr'>mihi</span> <span class='ocrx_word' id='word_1_52' title='bbox 742 1582 868 1647; x_wconf 89' lang='lat' dir='ltr'>itineris</span> <span class='ocrx_word' id='word_1_53' title='bbox 892 1582 1097 1666; x_wconf 82' lang='lat' dir='ltr'>postularem.</span> <span class='ocrx_word' id='word_1_54' title='bbox 1145 1582 1361 1647; x_wconf 77' lang='lat' dir='ltr'>excusationis</span> <span class='ocrx_word' id='word_1_55' title='bbox 1384 1602 1514 1647; x_wconf 87' lang='lat' dir='ltr'>oausam</span> <span class='ocrx_word' id='word_1_56' title='bbox 1537 1582 1653 1647; x_wconf 84' lang='lat' dir='ltr'>litteris</span> <span class='ocrx_word' id='word_1_57' title='bbox 1676 1582 1827 1664; x_wconf 85' lang='lat' dir='ltr'>indicavi,</span> <span class='ocrx_word' id='word_1_58' title='bbox 1859 1601 1939 1667; x_wconf 87' lang='lat' dir='ltr'>quas</span> <span class='ocrx_word' id='word_1_59' title='bbox 1961 1581 2053 1647; x_wconf 80' lang='lat' dir='ltr'>favor</span> <span class='ocrx_word' id='word_1_60' title='bbox 2074 1589 2150 1647; x_wconf 87' lang='lat' dir='ltr'>tuus</span> 
     </span>
     <span class='ocr_line' id='line_1_9' title="bbox 519 1685 2150 1773; baseline 0 -24"><span class='ocrx_word' id='word_1_61' title='bbox 519 1685 610 1750; x_wconf 92' lang='lat' dir='ltr'>molli</span> <span class='ocrx_word' id='word_1_62' title='bbox 631 1685 719 1750; x_wconf 89' lang='lat' dir='ltr'>aditu</span> <span class='ocrx_word' id='word_1_63' title='bbox 743 1691 776 1750; x_wconf 91' lang='lat' dir='ltr'>et</span> <span class='ocrx_word' id='word_1_64' title='bbox 797 1685 916 1750; x_wconf 90' lang='lat' dir='ltr'>blanda</span> <span class='ocrx_word' id='word_1_65' title='bbox 938 1685 1122 1773; x_wconf 55' lang='lat' dir='ltr'>mutatione</span> <span class='ocrx_word' id='word_1_66' title='bbox 1145 1685 1355 1751; x_wconf 89' lang='lat' dir='ltr'>commendet.</span> <span class='ocrx_word' id='word_1_67' title='bbox 1403 1685 1484 1750; x_wconf 88' lang='lat' dir='ltr'>nihil</span> <span class='ocrx_word' id='word_1_68' title='bbox 1510 1686 1595 1750; x_wconf 87' lang='lat' dir='ltr'>enim</span> <span class='ocrx_word' id='word_1_69' title='bbox 1623 1706 1766 1750; x_wconf 86' lang='lat' dir='ltr'>meorum</span> <span class='ocrx_word' id='word_1_70' title='bbox 1797 1686 1866 1752; x_wconf 86' lang='lat' dir='ltr'>sine</span> <span class='ocrx_word' id='word_1_71' title='bbox 1892 1685 1966 1751; x_wconf 90' lang='lat' dir='ltr'>honi</span> <span class='ocrx_word' id='word_1_72' title='bbox 1995 1685 2150 1768; x_wconf 88' lang='lat' dir='ltr'>cuiusque</span> 
     </span>
     <span class='ocr_line' id='line_1_10' title="bbox 520 1788 2147 1874; baseline -0.001 -21"><span class='ocrx_word' id='word_1_73' title='bbox 520 1788 641 1854; x_wconf 87' lang='lat' dir='ltr'>auxilio</span> <span class='ocrx_word' id='word_1_74' title='bbox 664 1790 814 1874; x_wconf 89' lang='lat' dir='ltr'>placeret.</span> <span class='ocrx_word' id='word_1_75' title='bbox 862 1809 927 1853; x_wconf 89' lang='lat' dir='ltr'>rem</span> <span class='ocrx_word' id='word_1_76' title='bbox 951 1788 1063 1872; x_wconf 90' lang='lat' dir='ltr'>loquor</span> <span class='ocrx_word' id='word_1_77' title='bbox 1091 1789 1239 1853; x_wconf 90' lang='lat' dir='ltr'>omnibns</span> <span class='ocrx_word' id='word_1_78' title='bbox 1265 1796 1390 1869; x_wconf 89' lang='lat' dir='ltr'>notam,</span> <span class='ocrx_word' id='word_1_79' title='bbox 1423 1788 1502 1853; x_wconf 89' lang='lat' dir='ltr'>mibi</span> <span class='ocrx_word' id='word_1_80' title='bbox 1533 1809 1705 1871; x_wconf 88' lang='lat' dir='ltr'>numquam</span> <span class='ocrx_word' id='word_1_81' title='bbox 1728 1788 1908 1854; x_wconf 81' lang='lat' dir='ltr'>tacendam.</span> <span class='ocrx_word' id='word_1_82' title='bbox 1956 1788 2017 1854; x_wconf 93' lang='lat' dir='ltr'>hoc</span> <span class='ocrx_word' id='word_1_83' title='bbox 2038 1788 2147 1871; x_wconf 87' lang='lat' dir='ltr'>amici,</span> 
     </span>
     <span class='ocr_line' id='line_1_11' title="bbox 520 1891 2199 1975; baseline -0.001 -19"><span class='ocrx_word' id='word_1_84' title='bbox 520 1892 582 1957; x_wconf 92' lang='lat' dir='ltr'>hoc</span> <span class='ocrx_word' id='word_1_85' title='bbox 604 1892 723 1957; x_wconf 84' lang='lat' dir='ltr'>aemuli</span> <span class='ocrx_word' id='word_1_86' title='bbox 746 1892 861 1956; x_wconf 89' lang='lat' dir='ltr'>sciunt.</span> <span class='ocrx_word' id='word_1_87' title='bbox 901 1912 1033 1974; x_wconf 84' lang='lat' dir='ltr'>quornm</span> <span class='ocrx_word' id='word_1_88' title='bbox 1057 1892 1112 1957; x_wconf 90' lang='lat' dir='ltr'>alii</span> <span class='ocrx_word' id='word_1_89' title='bbox 1135 1893 1287 1975; x_wconf 87' lang='lat' dir='ltr'>gaudent,</span> <span class='ocrx_word' id='word_1_90' title='bbox 1314 1911 1387 1956; x_wconf 86' lang='lat' dir='ltr'>esse</span> <span class='ocrx_word' id='word_1_91' title='bbox 1410 1891 1497 1975; x_wconf 90' lang='lat' dir='ltr'>apud</span> <span class='ocrx_word' id='word_1_92' title='bbox 1520 1900 1552 1957; x_wconf 85' lang='lat' dir='ltr'>te</span> <span class='ocrx_word' id='word_1_93' title='bbox 1574 1893 1679 1957; x_wconf 89' lang='lat' dir='ltr'>locum</span> <span class='ocrx_word' id='word_1_94' title='bbox 1702 1892 1834 1971; x_wconf 87' lang='lat' dir='ltr'>meritis,</span> <span class='ocrx_word' id='word_1_95' title='bbox 1860 1892 1918 1956; x_wconf 87' lang='lat' dir='ltr'>alii</span> <span class='ocrx_word' id='word_1_96' title='bbox 1940 1891 2060 1973; x_wconf 89' lang='lat' dir='ltr'>dolent,</span> <span class='ocrx_word' id='word_1_97' title='bbox 2086 1912 2150 1957; x_wconf 90' lang='lat' dir='ltr'>non</span> <span class='ocrx_word' id='word_1_98' title='bbox 2172 1909 2199 1950; x_wconf 86' lang='lat' dir='ltr'>ro</span> 
     </span>
     <span class='ocr_line' id='line_1_12' title="bbox 520 1995 748 2060; baseline -0.004 0"><span class='ocrx_word' id='word_1_99' title='bbox 520 2016 593 2060; x_wconf 87' lang='lat' dir='ltr'>csse</span> <span class='ocrx_word' id='word_1_100' title='bbox 616 1995 748 2060; x_wconf 90' lang='lat' dir='ltr'>divitiis.</span> 
     </span>
    </p>
   </div>
   <div class='ocr_carea' id='block_1_5' title="bbox 996 2291 1549 2506">
    <p class='ocr_par' dir='ltr' id='par_1_5' title="bbox 996 2291 1549 2506">
     <span class='ocr_line' id='line_1_13' title="bbox 996 2291 1549 2370; baseline -0.005 0"><span class='ocrx_word' id='word_1_101' title='bbox 996 2291 1004 2299; x_wconf 83' lang='lat'>&#39;</span> <span class='ocrx_word' id='word_1_102' title='bbox 1118 2305 1287 2370; x_wconf 74' lang='lat' dir='ltr'>cxxxvi</span> <span class='ocrx_word' id='word_1_103' title='bbox 1316 2326 1348 2369; x_wconf 73' lang='lat' dir='ltr'>a.</span> <span class='ocrx_word' id='word_1_104' title='bbox 1367 2306 1549 2369; x_wconf 79' lang='lat' dir='ltr'>asa-asa.</span> 
     </span>
     <span class='ocr_line' id='line_1_14' title="bbox 1191 2440 1477 2506; baseline 0 0"><span class='ocrx_word' id='word_1_105' title='bbox 1191 2440 1250 2506; x_wconf 82' lang='grc' dir='ltr'>ιιι)</span> <span class='ocrx_word' id='word_1_106' title='bbox 1274 2441 1477 2506; x_wconf 85' lang='lat' dir='ltr'>uvrruvu.</span> 
     </span>
    </p>
   </div>
   <div class='ocr_carea' id='block_1_6' title="bbox 481 2612 2207 3837">
    <p class='ocr_par' dir='ltr' id='par_1_6' title="bbox 520 2612 2202 3216">
     <span class='ocr_line' id='line_1_15' title="bbox 608 2612 2154 2702; baseline 0.001 -21"><span class='ocrx_word' id='word_1_107' title='bbox 608 2616 841 2699; x_wconf 87' lang='lat' dir='ltr'>Intellegebnm</span> <span class='ocrx_word' id='word_1_108' title='bbox 863 2635 927 2679; x_wconf 93' lang='lat' dir='ltr'>non</span> <span class='ocrx_word' id='word_1_109' title='bbox 949 2636 1023 2680; x_wconf 80' lang='lat' dir='ltr'>esse</span> <span class='ocrx_word' id='word_1_110' title='bbox 1046 2614 1087 2680; x_wconf 90' lang='lat' dir='ltr'>do</span> <span class='ocrx_word' id='word_1_111' title='bbox 1109 2613 1229 2695; x_wconf 86' lang='lat' dir='ltr'>nihilo,</span> <span class='ocrx_word' id='word_1_112' title='bbox 1262 2612 1347 2697; x_wconf 91' lang='lat' dir='ltr'>quod</span> <span class='ocrx_word' id='word_1_113' title='bbox 1374 2613 1429 2679; x_wconf 90' lang='lat' dir='ltr'>diu</span> <span class='ocrx_word' id='word_1_114' title='bbox 1452 2614 1609 2680; x_wconf 87' lang='lat' dir='ltr'>alitteris</span> <span class='ocrx_word' id='word_1_115' title='bbox 1631 2615 1847 2699; x_wconf 82' lang='lat' dir='ltr'>temperabas.</span> <span class='ocrx_word' id='word_1_116' title='bbox 1893 2615 2023 2681; x_wconf 87' lang='lat' dir='ltr'>tandem</span> <span class='ocrx_word' id='word_1_117' title='bbox 2047 2619 2154 2702; x_wconf 87' lang='lat' dir='ltr'>patuit</span> 
     </span>
     <span class='ocr_line' id='line_1_16' title="bbox 521 2717 2202 2806; baseline -0.003 -22"><span class='ocrx_word' id='word_1_118' title='bbox 521 2720 665 2806; x_wconf 88' lang='lat' dir='ltr'>inpedito</span> <span class='ocrx_word' id='word_1_119' title='bbox 703 2740 761 2804; x_wconf 94' lang='lat' dir='ltr'>per</span> <span class='ocrx_word' id='word_1_120' title='bbox 796 2718 1031 2803; x_wconf 78' lang='lat' dir='ltr'>aegritudinem</span> <span class='ocrx_word' id='word_1_121' title='bbox 1070 2718 1141 2783; x_wconf 90' lang='lat' dir='ltr'>visu</span> <span class='ocrx_word' id='word_1_122' title='bbox 1182 2717 1359 2782; x_wconf 83' lang='lat' dir='ltr'>officiomm</span> <span class='ocrx_word' id='word_1_123' title='bbox 1397 2717 1525 2783; x_wconf 87' lang='lat' dir='ltr'>stetisse</span> <span class='ocrx_word' id='word_1_124' title='bbox 1556 2717 1742 2783; x_wconf 88' lang='lat' dir='ltr'>sollertiam.</span> <span class='ocrx_word' id='word_1_125' title='bbox 1796 2718 1904 2802; x_wconf 87' lang='lat' dir='ltr'>itaque</span> <span class='ocrx_word' id='word_1_126' title='bbox 1934 2740 1996 2803; x_wconf 85' lang='lat' dir='ltr'>ego</span> <span class='ocrx_word' id='word_1_127' title='bbox 2026 2720 2081 2787; x_wconf 89' lang='lat' dir='ltr'>ille</span> <span class='ocrx_word' id='word_1_128' title='bbox 2111 2720 2153 2787; x_wconf 88' lang='lat' dir='ltr'>dc</span> <span class='ocrx_word' id='word_1_129' title='bbox 2174 2740 2202 2780; x_wconf 80' lang='grc' dir='ltr'>ιι</span> 
     </span>
     <span class='ocr_line' id='line_1_17' title="bbox 521 2820 2152 2907; baseline 0.001 -18"><span class='ocrx_word' id='word_1_130' title='bbox 521 2823 649 2889; x_wconf 88' lang='lat' dir='ltr'>silentio</span> <span class='ocrx_word' id='word_1_131' title='bbox 672 2822 831 2889; x_wconf 85' lang='lat' dir='ltr'>sollicitus</span> <span class='ocrx_word' id='word_1_132' title='bbox 853 2820 1297 2906; x_wconf 57' lang='lat' dir='ltr'>probaremmteoffluod</span> <span class='ocrx_word' id='word_1_133' title='bbox 1318 2839 1454 2907; x_wconf 85' lang='lat' dir='ltr'>asperae</span> <span class='ocrx_word' id='word_1_134' title='bbox 1477 2820 1622 2887; x_wconf 90' lang='lat' dir='ltr'>nuntium</span> <span class='ocrx_word' id='word_1_135' title='bbox 1645 2822 1692 2886; x_wconf 91' lang='lat' dir='ltr'>rei</span> <span class='ocrx_word' id='word_1_136' title='bbox 1714 2840 1815 2906; x_wconf 88' lang='lat' dir='ltr'>usque</span> <span class='ocrx_word' id='word_1_137' title='bbox 1838 2821 1882 2887; x_wconf 90' lang='lat' dir='ltr'>ad</span> <span class='ocrx_word' id='word_1_138' title='bbox 1904 2823 2054 2889; x_wconf 87' lang='lat' dir='ltr'>sanitatis</span> <span class='ocrx_word' id='word_1_139' title='bbox 2075 2830 2152 2890; x_wconf 90' lang='lat' dir='ltr'>tuae</span> 
     </span>
     <span class='ocr_line' id='line_1_18' title="bbox 521 2923 2154 3012; baseline -0.001 -19"><span class='ocrx_word' id='word_1_140' title='bbox 521 2928 644 3012; x_wconf 87' lang='lat' dir='ltr'>gaudia</span> <span class='ocrx_word' id='word_1_141' title='bbox 666 2926 829 3006; x_wconf 81' lang='lat' dir='ltr'>distulisti,</span> <span class='ocrx_word' id='word_1_142' title='bbox 857 2945 897 2991; x_wconf 92' lang='lat' dir='ltr'>ne</span> <span class='ocrx_word' id='word_1_143' title='bbox 921 2926 961 2991; x_wconf 89' lang='lat' dir='ltr'>de</span> <span class='ocrx_word' id='word_1_144' title='bbox 984 2932 1016 2991; x_wconf 90' lang='lat' dir='ltr'>te</span> <span class='ocrx_word' id='word_1_145' title='bbox 1038 2932 1113 2991; x_wconf 89' lang='lat' dir='ltr'>ante</span> <span class='ocrx_word' id='word_1_146' title='bbox 1136 2944 1284 3010; x_wconf 88' lang='lat' dir='ltr'>caperem</span> <span class='ocrx_word' id='word_1_147' title='bbox 1307 2924 1409 2990; x_wconf 83' lang='lat' dir='ltr'>exorti</span> <span class='ocrx_word' id='word_1_148' title='bbox 1431 2923 1624 2989; x_wconf 90' lang='lat' dir='ltr'>incommodi</span> <span class='ocrx_word' id='word_1_149' title='bbox 1646 2924 1895 2991; x_wconf 87' lang='lat' dir='ltr'>sollicitudinem</span> <span class='ocrx_word' id='word_1_150' title='bbox 1917 2947 2013 3010; x_wconf 90' lang='lat' dir='ltr'>quam</span> <span class='ocrx_word' id='word_1_151' title='bbox 2030 2927 2154 2992; x_wconf 86' lang='lat' dir='ltr'>securi-</span> 
     </span>
     <span class='ocr_line' id='line_1_19' title="bbox 520 3027 2153 3115; baseline 0 -19"><span class='ocrx_word' id='word_1_152' title='bbox 520 3037 618 3096; x_wconf 86' lang='lat' dir='ltr'>tatem</span> <span class='ocrx_word' id='word_1_153' title='bbox 649 3029 773 3096; x_wconf 90' lang='lat' dir='ltr'>remoti.</span> <span class='ocrx_word' id='word_1_154' title='bbox 819 3048 904 3094; x_wconf 91' lang='lat' dir='ltr'>nunc</span> <span class='ocrx_word' id='word_1_155' title='bbox 933 3028 1011 3112; x_wconf 90' lang='lat' dir='ltr'>quia</span> <span class='ocrx_word' id='word_1_156' title='bbox 1039 3034 1144 3093; x_wconf 90' lang='lat' dir='ltr'>tecum</span> <span class='ocrx_word' id='word_1_157' title='bbox 1166 3028 1318 3094; x_wconf 89' lang='lat' dir='ltr'>valetudo</span> <span class='ocrx_word' id='word_1_158' title='bbox 1339 3028 1374 3093; x_wconf 91' lang='lat' dir='ltr'>in</span> <span class='ocrx_word' id='word_1_159' title='bbox 1396 3027 1534 3111; x_wconf 89' lang='lat' dir='ltr'>gratiam</span> <span class='ocrx_word' id='word_1_160' title='bbox 1564 3027 1676 3109; x_wconf 81' lang='lat' dir='ltr'>rediit,</span> <span class='ocrx_word' id='word_1_161' title='bbox 1708 3028 2000 3113; x_wconf 81' lang='lat' dir='ltr'>indulgentioribus</span> <span class='ocrx_word' id='word_1_162' title='bbox 2022 3031 2153 3115; x_wconf 80' lang='lat' dir='ltr'>paginis</span> 
     </span>
     <span class='ocr_line' id='line_1_20' title="bbox 521 3131 2154 3216; baseline 0 -17"><span class='ocrx_word' id='word_1_163' title='bbox 521 3133 695 3199; x_wconf 88' lang='lat' dir='ltr'>amicitiam</span> <span class='ocrx_word' id='word_1_164' title='bbox 720 3152 907 3211; x_wconf 71' lang='lat' dir='ltr'>munerare,</span> <span class='ocrx_word' id='word_1_165' title='bbox 941 3132 1084 3216; x_wconf 87' lang='lat' dir='ltr'>alioquin</span> <span class='ocrx_word' id='word_1_166' title='bbox 1115 3132 1316 3197; x_wconf 86' lang='lat' dir='ltr'>cessantibus</span> <span class='ocrx_word' id='word_1_167' title='bbox 1339 3131 1486 3215; x_wconf 87' lang='lat' dir='ltr'>epistulis</span> <span class='ocrx_word' id='word_1_168' title='bbox 1509 3131 1615 3197; x_wconf 84' lang='lat' dir='ltr'>simile</span> <span class='ocrx_word' id='word_1_169' title='bbox 1637 3131 1760 3215; x_wconf 90' lang='lat' dir='ltr'>aliquid</span> <span class='ocrx_word' id='word_1_170' title='bbox 1782 3151 1892 3197; x_wconf 89' lang='lat' dir='ltr'>rursus</span> <span class='ocrx_word' id='word_1_171' title='bbox 1914 3132 2045 3199; x_wconf 90' lang='lat' dir='ltr'>timebo.</span> <span class='ocrx_word' id='word_1_172' title='bbox 2092 3132 2154 3200; x_wconf 88' lang='lat' dir='ltr'>sed</span> 
     </span>
    </p>

    <p class='ocr_par' dir='ltr' id='par_1_7' title="bbox 481 3234 2207 3837">
     <span class='ocr_line' id='line_1_21' title="bbox 481 3234 2204 3319; baseline -0.004 -16"><span class='ocrx_word' id='word_1_173' title='bbox 481 3236 564 3303; x_wconf 82' lang='lat' dir='ltr'>2de</span> <span class='ocrx_word' id='word_1_174' title='bbox 586 3237 647 3302; x_wconf 90' lang='lat' dir='ltr'>hoc</span> <span class='ocrx_word' id='word_1_175' title='bbox 669 3235 749 3302; x_wconf 83' lang='lat' dir='ltr'>satis</span> <span class='ocrx_word' id='word_1_176' title='bbox 771 3236 939 3301; x_wconf 83' lang='lat' dir='ltr'>verbomrn</span> <span class='ocrx_word' id='word_1_177' title='bbox 962 3242 1023 3301; x_wconf 89' lang='lat' dir='ltr'>est.</span> <span class='ocrx_word' id='word_1_178' title='bbox 1069 3235 1278 3315; x_wconf 78' lang='lat' dir='ltr'>Flavianum,</span> <span class='ocrx_word' id='word_1_179' title='bbox 1313 3234 1452 3319; x_wconf 87' lang='lat' dir='ltr'>pectoris</span> <span class='ocrx_word' id='word_1_180' title='bbox 1475 3234 1538 3300; x_wconf 90' lang='lat' dir='ltr'>mei</span> <span class='ocrx_word' id='word_1_181' title='bbox 1560 3234 1740 3317; x_wconf 87' lang='lat' dir='ltr'>dominum,</span> <span class='ocrx_word' id='word_1_182' title='bbox 1772 3235 1818 3301; x_wconf 92' lang='lat' dir='ltr'>tui</span> <span class='ocrx_word' id='word_1_183' title='bbox 1847 3236 1985 3318; x_wconf 87' lang='lat' dir='ltr'>socium,</span> <span class='ocrx_word' id='word_1_184' title='bbox 2018 3236 2204 3303; x_wconf 84' lang='lat' dir='ltr'>haererem</span> 
     </span>
     <span class='ocr_line' id='line_1_22' title="bbox 524 3337 2152 3423; baseline -0.001 -16"><span class='ocrx_word' id='word_1_185' title='bbox 524 3342 631 3406; x_wconf 87' lang='lat' dir='ltr'>animo</span> <span class='ocrx_word' id='word_1_186' title='bbox 652 3348 707 3407; x_wconf 93' lang='lat' dir='ltr'>tuo</span> <span class='ocrx_word' id='word_1_187' title='bbox 730 3337 895 3422; x_wconf 89' lang='lat' dir='ltr'>usquead</span> <span class='ocrx_word' id='word_1_188' title='bbox 918 3339 1121 3423; x_wconf 87' lang='lat' dir='ltr'>inproborum</span> <span class='ocrx_word' id='word_1_189' title='bbox 1145 3338 1287 3404; x_wconf 89' lang='lat' dir='ltr'>dolorem</span> <span class='ocrx_word' id='word_1_190' title='bbox 1309 3338 1406 3403; x_wconf 89' lang='lat' dir='ltr'>nimis</span> <span class='ocrx_word' id='word_1_191' title='bbox 1427 3338 1587 3421; x_wconf 85' lang='lat' dir='ltr'>gratulor,</span> <span class='ocrx_word' id='word_1_192' title='bbox 1614 3359 1688 3403; x_wconf 86' lang='lat' dir='ltr'>narn</span> <span class='ocrx_word' id='word_1_193' title='bbox 1711 3358 1810 3423; x_wconf 87' lang='lat' dir='ltr'>saepe</span> <span class='ocrx_word' id='word_1_194' title='bbox 1832 3339 1920 3423; x_wconf 91' lang='lat' dir='ltr'>apud</span> <span class='ocrx_word' id='word_1_195' title='bbox 1941 3360 1993 3406; x_wconf 88' lang='lat' dir='ltr'>me</span> <span class='ocrx_word' id='word_1_196' title='bbox 2022 3340 2064 3407; x_wconf 90' lang='lat' dir='ltr'>de</span> <span class='ocrx_word' id='word_1_197' title='bbox 2093 3341 2152 3407; x_wconf 88' lang='lat' dir='ltr'>tali</span> 
     </span>
     <span class='ocr_line' id='line_1_23' title="bbox 525 3441 2151 3528; baseline 0.001 -19"><span class='ocrx_word' id='word_1_198' title='bbox 525 3443 668 3509; x_wconf 87' lang='lat' dir='ltr'>amicitia</span> <span class='ocrx_word' id='word_1_199' title='bbox 690 3442 855 3526; x_wconf 86' lang='lat' dir='ltr'>gloriatur.</span> <span class='ocrx_word' id='word_1_200' title='bbox 903 3442 963 3506; x_wconf 93' lang='lat' dir='ltr'>hoc</span> <span class='ocrx_word' id='word_1_201' title='bbox 986 3462 1047 3524; x_wconf 88' lang='lat' dir='ltr'>ego</span> <span class='ocrx_word' id='word_1_202' title='bbox 1071 3442 1211 3507; x_wconf 83' lang='lat' dir='ltr'>futurum</span> <span class='ocrx_word' id='word_1_203' title='bbox 1234 3448 1309 3507; x_wconf 89' lang='lat' dir='ltr'>ante</span> <span class='ocrx_word' id='word_1_204' title='bbox 1332 3460 1562 3526; x_wconf 85' lang='lat' dir='ltr'>prospexeram</span> <span class='ocrx_word' id='word_1_205' title='bbox 1586 3441 1720 3507; x_wconf 88' lang='lat' dir='ltr'>virtutes</span> <span class='ocrx_word' id='word_1_206' title='bbox 1743 3441 1908 3526; x_wconf 89' lang='lat' dir='ltr'>utriusque</span> <span class='ocrx_word' id='word_1_207' title='bbox 1931 3444 2151 3528; x_wconf 85' lang='lat' dir='ltr'>considerans,</span> 
     </span>
     <span class='ocr_line' id='line_1_24' title="bbox 524 3543 2155 3632; baseline 0.001 -20"><span class='ocrx_word' id='word_1_208' title='bbox 524 3568 660 3631; x_wconf 86' lang='lat' dir='ltr'>quarum</span> <span class='ocrx_word' id='word_1_209' title='bbox 683 3545 859 3612; x_wconf 85' lang='lat' dir='ltr'>similitudo</span> <span class='ocrx_word' id='word_1_210' title='bbox 882 3545 1082 3610; x_wconf 87' lang='lat' dir='ltr'>concordiam</span> <span class='ocrx_word' id='word_1_211' title='bbox 1105 3545 1198 3619; x_wconf 81' lang='lat' dir='ltr'>fecit,</span> <span class='ocrx_word' id='word_1_212' title='bbox 1231 3550 1264 3610; x_wconf 89' lang='lat' dir='ltr'>et</span> <span class='ocrx_word' id='word_1_213' title='bbox 1291 3543 1365 3610; x_wconf 87' lang='lat' dir='ltr'>ideo</span> <span class='ocrx_word' id='word_1_214' title='bbox 1394 3544 1467 3630; x_wconf 88' lang='lat' dir='ltr'>plus</span> <span class='ocrx_word' id='word_1_215' title='bbox 1496 3543 1608 3627; x_wconf 86' lang='lat' dir='ltr'>gaudii</span> <span class='ocrx_word' id='word_1_216' title='bbox 1637 3564 1733 3627; x_wconf 90' lang='lat' dir='ltr'>quam</span> <span class='ocrx_word' id='word_1_217' title='bbox 1762 3545 1908 3611; x_wconf 89' lang='lat' dir='ltr'>miraculi</span> <span class='ocrx_word' id='word_1_218' title='bbox 1937 3553 2030 3631; x_wconf 88' lang='lat' dir='ltr'>capto</span> <span class='ocrx_word' id='word_1_219' title='bbox 2059 3554 2155 3632; x_wconf 83' lang='lat' dir='ltr'>teque</span> 
     </span>
     <span class='ocr_line' id='line_1_25' title="bbox 511 3645 2156 3731; baseline 0.001 -16"><span class='ocrx_word' id='word_1_220' title='bbox 511 3672 590 3729; x_wconf 87' lang='lat' dir='ltr'>oro,</span> <span class='ocrx_word' id='word_1_221' title='bbox 616 3671 657 3715; x_wconf 91' lang='lat' dir='ltr'>ne</span> <span class='ocrx_word' id='word_1_222' title='bbox 680 3648 758 3731; x_wconf 88' lang='lat' dir='ltr'>quid</span> <span class='ocrx_word' id='word_1_223' title='bbox 779 3649 813 3713; x_wconf 90' lang='lat' dir='ltr'>in</span> <span class='ocrx_word' id='word_1_224' title='bbox 835 3648 919 3714; x_wconf 88' lang='lat' dir='ltr'>tales</span> <span class='ocrx_word' id='word_1_225' title='bbox 941 3648 1062 3713; x_wconf 89' lang='lat' dir='ltr'>amicos</span> <span class='ocrx_word' id='word_1_226' title='bbox 1085 3648 1207 3713; x_wconf 89' lang='lat' dir='ltr'>fascino</span> <span class='ocrx_word' id='word_1_227' title='bbox 1229 3648 1335 3714; x_wconf 88' lang='lat' dir='ltr'>liceat.</span> <span class='ocrx_word' id='word_1_228' title='bbox 1375 3647 1433 3713; x_wconf 89' lang='lat' dir='ltr'>ille</span> <span class='ocrx_word' id='word_1_229' title='bbox 1455 3647 1541 3712; x_wconf 89' lang='lat' dir='ltr'>enim</span> <span class='ocrx_word' id='word_1_230' title='bbox 1562 3645 1640 3711; x_wconf 84' lang='lat' dir='ltr'>milri</span> <span class='ocrx_word' id='word_1_231' title='bbox 1656 3667 1719 3712; x_wconf 90' lang='lat' dir='ltr'>non</span> <span class='ocrx_word' id='word_1_232' title='bbox 1734 3653 1784 3712; x_wconf 89' lang='lat' dir='ltr'>est</span> <span class='ocrx_word' id='word_1_233' title='bbox 1799 3647 1972 3731; x_wconf 89' lang='lat' dir='ltr'>rogandus,</span> <span class='ocrx_word' id='word_1_234' title='bbox 1998 3649 2049 3713; x_wconf 89' lang='lat' dir='ltr'>cui</span> <span class='ocrx_word' id='word_1_235' title='bbox 2065 3650 2156 3716; x_wconf 89' lang='lat' dir='ltr'>aliud</span> 
     </span>
     <span class='ocr_line' id='line_1_26' title="bbox 526 3752 2207 3837; baseline -0.003 -18"><span class='ocrx_word' id='word_1_236' title='bbox 526 3755 612 3821; x_wconf 86' lang='lat' dir='ltr'>velle</span> <span class='ocrx_word' id='word_1_237' title='bbox 634 3774 697 3818; x_wconf 92' lang='lat' dir='ltr'>non</span> <span class='ocrx_word' id='word_1_238' title='bbox 720 3752 862 3837; x_wconf 88' lang='lat' dir='ltr'>expedit.</span> <span class='ocrx_word' id='word_1_239' title='bbox 2177 3773 2207 3815; x_wconf 79' lang='lat' dir='ltr'>aa</span> 
     </span>
    </p>
   </div>
   <div class='ocr_carea' id='block_1_7' title="bbox 1125 4058 1555 4262">
    <p class='ocr_par' dir='ltr' id='par_1_8' title="bbox 1125 4058 1555 4262">
     <span class='ocr_line' id='line_1_27' title="bbox 1125 4058 1555 4124; baseline -0.002 -1"><span class='ocrx_word' id='word_1_240' title='bbox 1125 4058 1310 4124; x_wconf 89' lang='lat' dir='ltr'>LXXXVII</span> <span class='ocrx_word' id='word_1_241' title='bbox 1340 4066 1415 4124; x_wconf 89' lang='lat' dir='ltr'>ante</span> <span class='ocrx_word' id='word_1_242' title='bbox 1430 4079 1462 4123; x_wconf 87' lang='lat' dir='ltr'>a.</span> <span class='ocrx_word' id='word_1_243' title='bbox 1481 4059 1555 4122; x_wconf 77' lang='lat'>392.</span> 
     </span>
     <span class='ocr_line' id='line_1_28' title="bbox 1197 4156 1485 4262; baseline -0.01 0"><span class='ocrx_word' id='word_1_244' title='bbox 1197 4197 1256 4262; x_wconf 76' lang='lat' dir='ltr'>au</span> <span class='ocrx_word' id='word_1_245' title='bbox 1279 4156 1485 4262; x_wconf 79' lang='lat' dir='ltr'>curruum.</span> 
     </span>
    </p>
   </div>
   <div class='ocr_carea' id='block_1_8' title="bbox 527 4367 2208 4973">
    <p class='ocr_par' dir='ltr' id='par_1_9' title="bbox 527 4367 2208 4973">
     <span class='ocr_line' id='line_1_29' title="bbox 616 4367 2157 4454; baseline 0.002 -19"><span class='ocrx_word' id='word_1_246' title='bbox 616 4371 726 4454; x_wconf 85' lang='lat' dir='ltr'>Longo</span> <span class='ocrx_word' id='word_1_247' title='bbox 755 4369 908 4436; x_wconf 88' lang='lat' dir='ltr'>orationis</span> <span class='ocrx_word' id='word_1_248' title='bbox 938 4368 1060 4434; x_wconf 89' lang='lat' dir='ltr'>ambitu</span> <span class='ocrx_word' id='word_1_249' title='bbox 1090 4368 1351 4445; x_wconf 86' lang='lat' dir='ltr'>commendentur</span> <span class='ocrx_word' id='word_1_250' title='bbox 1378 4367 1550 4450; x_wconf 80' lang='lat' dir='ltr'>incogniti3</span> <span class='ocrx_word' id='word_1_251' title='bbox 1586 4367 1752 4433; x_wconf 84' lang='lat' dir='ltr'>Severiani</span> <span class='ocrx_word' id='word_1_252' title='bbox 1782 4376 1889 4435; x_wconf 88' lang='lat' dir='ltr'>autem</span> <span class='ocrx_word' id='word_1_253' title='bbox 1920 4388 1948 4435; x_wconf 91' lang='lat' dir='ltr'>c.</span> <span class='ocrx_word' id='word_1_254' title='bbox 1981 4391 2011 4435; x_wconf 87' lang='lat' dir='ltr'>v.</span> <span class='ocrx_word' id='word_1_255' title='bbox 2041 4372 2157 4438; x_wconf 85' lang='lat' dir='ltr'>merite</span> 
     </span>
     <span class='ocr_line' id='line_1_30' title="bbox 528 4470 2155 4560; baseline -0.001 -19"><span class='ocrx_word' id='word_1_256' title='bbox 528 4493 670 4541; x_wconf 85' lang='lat' dir='ltr'>annosae</span> <span class='ocrx_word' id='word_1_257' title='bbox 693 4473 826 4539; x_wconf 89' lang='lat' dir='ltr'>militiae</span> <span class='ocrx_word' id='word_1_258' title='bbox 848 4473 984 4557; x_wconf 88' lang='lat' dir='ltr'>probata</span> <span class='ocrx_word' id='word_1_259' title='bbox 1005 4472 1204 4538; x_wconf 84' lang='lat' dir='ltr'>documentis</span> <span class='ocrx_word' id='word_1_260' title='bbox 1226 4472 1423 4536; x_wconf 88' lang='lat' dir='ltr'>elaboratum</span> <span class='ocrx_word' id='word_1_261' title='bbox 1446 4470 1662 4538; x_wconf 87' lang='lat' dir='ltr'>testimonium</span> <span class='ocrx_word' id='word_1_262' title='bbox 1685 4491 1748 4536; x_wconf 91' lang='lat' dir='ltr'>non</span> <span class='ocrx_word' id='word_1_263' title='bbox 1764 4471 1939 4556; x_wconf 88' lang='lat' dir='ltr'>requirunt.</span> <span class='ocrx_word' id='word_1_264' title='bbox 1978 4474 2155 4560; x_wconf 89' lang='lat' dir='ltr'>principem</span> 
     </span>
     <span class='ocr_line' id='line_1_31' title="bbox 528 4574 2208 4665; baseline -0.001 -21"><span class='ocrx_word' id='word_1_265' title='bbox 528 4579 631 4665; x_wconf 92' lang='lat' dir='ltr'>locum</span> <span class='ocrx_word' id='word_1_266' title='bbox 655 4576 807 4660; x_wconf 89' lang='lat' dir='ltr'>regendis</span> <span class='ocrx_word' id='word_1_267' title='bbox 829 4576 1050 4661; x_wconf 87' lang='lat' dir='ltr'>praefecturae</span> <span class='ocrx_word' id='word_1_268' title='bbox 1073 4576 1214 4641; x_wconf 89' lang='lat' dir='ltr'>urbanae</span> <span class='ocrx_word' id='word_1_269' title='bbox 1236 4575 1420 4641; x_wconf 86' lang='lat' dir='ltr'>cohortibus</span> <span class='ocrx_word' id='word_1_270' title='bbox 1441 4594 1544 4658; x_wconf 88' lang='lat' dir='ltr'>nuper</span> <span class='ocrx_word' id='word_1_271' title='bbox 1565 4574 1713 4655; x_wconf 87' lang='lat' dir='ltr'>obtinuit,</span> <span class='ocrx_word' id='word_1_272' title='bbox 1737 4575 1772 4641; x_wconf 92' lang='lat' dir='ltr'>in</span> <span class='ocrx_word' id='word_1_273' title='bbox 1794 4575 1938 4643; x_wconf 89' lang='lat' dir='ltr'>ordinem</span> <span class='ocrx_word' id='word_1_274' title='bbox 1961 4579 2155 4643; x_wconf 87' lang='lat' dir='ltr'>senatorium</span> <span class='ocrx_word' id='word_1_275' title='bbox 2177 4602 2208 4643; x_wconf 82' lang='lat' dir='ltr'>ao</span> 
     </span>
     <span class='ocr_line' id='line_1_32' title="bbox 528 4676 2153 4766; baseline -0.001 -18"><span class='ocrx_word' id='word_1_276' title='bbox 528 4683 602 4766; x_wconf 88' lang='lat' dir='ltr'>lege</span> <span class='ocrx_word' id='word_1_277' title='bbox 623 4681 834 4765; x_wconf 87' lang='lat' dir='ltr'>transcriptus</span> <span class='ocrx_word' id='word_1_278' title='bbox 856 4686 917 4746; x_wconf 86' lang='lat' dir='ltr'>est.</span> <span class='ocrx_word' id='word_1_279' title='bbox 964 4684 1080 4744; x_wconf 87' lang='lat' dir='ltr'>restat.</span> <span class='ocrx_word' id='word_1_280' title='bbox 1114 4685 1149 4743; x_wconf 92' lang='lat' dir='ltr'>ut</span> <span class='ocrx_word' id='word_1_281' title='bbox 1178 4685 1253 4763; x_wconf 89' lang='lat' dir='ltr'>post</span> <span class='ocrx_word' id='word_1_282' title='bbox 1275 4678 1466 4761; x_wconf 84' lang='lat' dir='ltr'>dignitatem</span> <span class='ocrx_word' id='word_1_283' title='bbox 1489 4676 1613 4759; x_wconf 90' lang='lat' dir='ltr'>curiae,</span> <span class='ocrx_word' id='word_1_284' title='bbox 1648 4697 1731 4762; x_wconf 88' lang='lat' dir='ltr'>quae</span> <span class='ocrx_word' id='word_1_285' title='bbox 1761 4677 1934 4744; x_wconf 88' lang='lat' dir='ltr'>honoribus</span> <span class='ocrx_word' id='word_1_286' title='bbox 1962 4680 2064 4746; x_wconf 90' lang='lat' dir='ltr'>maior</span> <span class='ocrx_word' id='word_1_287' title='bbox 2093 4687 2153 4762; x_wconf 85' lang='lat' dir='ltr'>est,</span> 
     </span>
     <span class='ocr_line' id='line_1_33' title="bbox 527 4779 2156 4870; baseline -0.001 -19"><span class='ocrx_word' id='word_1_288' title='bbox 527 4785 625 4851; x_wconf 89' lang='lat' dir='ltr'>etiam</span> <span class='ocrx_word' id='word_1_289' title='bbox 648 4784 727 4870; x_wconf 90' lang='lat' dir='ltr'>reip.</span> <span class='ocrx_word' id='word_1_290' title='bbox 752 4782 939 4869; x_wconf 79' lang='lat' dir='ltr'>prouinciali</span> <span class='ocrx_word' id='word_1_291' title='bbox 963 4782 1125 4867; x_wconf 88' lang='lat' dir='ltr'>specimen</span> <span class='ocrx_word' id='word_1_292' title='bbox 1148 4781 1198 4846; x_wconf 89' lang='lat' dir='ltr'>sui</span> <span class='ocrx_word' id='word_1_293' title='bbox 1220 4782 1389 4866; x_wconf 88' lang='lat' dir='ltr'>praebeat;</span> <span class='ocrx_word' id='word_1_294' title='bbox 1417 4779 1503 4863; x_wconf 91' lang='lat' dir='ltr'>quod</span> <span class='ocrx_word' id='word_1_295' title='bbox 1526 4780 1668 4846; x_wconf 76' lang='lat' dir='ltr'>futurum</span> <span class='ocrx_word' id='word_1_296' title='bbox 1690 4780 1872 4865; x_wconf 86' lang='lat' dir='ltr'>arbitratur,</span> <span class='ocrx_word' id='word_1_297' title='bbox 1899 4782 1927 4848; x_wconf 87' lang='lat' dir='ltr'>si</span> <span class='ocrx_word' id='word_1_298' title='bbox 1949 4782 2070 4849; x_wconf 90' lang='lat' dir='ltr'>domini</span> <span class='ocrx_word' id='word_1_299' title='bbox 2092 4784 2156 4850; x_wconf 90' lang='lat' dir='ltr'>mei</span> 
     </span>
     <span class='ocr_line' id='line_1_34' title="bbox 527 4882 1697 4973; baseline -0.003 -20"><span class='ocrx_word' id='word_1_300' title='bbox 527 4887 682 4973; x_wconf 86' lang='lat' dir='ltr'>praefecti</span> <span class='ocrx_word' id='word_1_301' title='bbox 703 4885 775 4952; x_wconf 89' lang='lat' dir='ltr'>urbi</span> <span class='ocrx_word' id='word_1_302' title='bbox 798 4905 895 4971; x_wconf 88' lang='lat' dir='ltr'>super</span> <span class='ocrx_word' id='word_1_303' title='bbox 915 4886 976 4951; x_wconf 90' lang='lat' dir='ltr'>hoc</span> <span class='ocrx_word' id='word_1_304' title='bbox 998 4884 1122 4951; x_wconf 88' lang='lat' dir='ltr'>litteras</span> <span class='ocrx_word' id='word_1_305' title='bbox 1143 4890 1309 4969; x_wconf 90' lang='lat' dir='ltr'>promptus</span> <span class='ocrx_word' id='word_1_306' title='bbox 1332 4882 1545 4968; x_wconf 86' lang='lat' dir='ltr'>adstipulator</span> <span class='ocrx_word' id='word_1_307' title='bbox 1566 4884 1697 4950; x_wconf 83' lang='lat' dir='ltr'>iuveris.</span> 
     </span>
    </p>
   </div>
   <div class='ocr_carea' id='block_1_9' title="bbox 526 5230 2158 5558">
    <p class='ocr_par' dir='ltr' id='par_1_10' title="bbox 613 5230 1438 5299">
     <span class='ocr_line' id='line_1_35' title="bbox 613 5230 1438 5299; baseline -0.005 -15"><span class='ocrx_word' id='word_1_308' title='bbox 613 5234 630 5284; x_wconf 86' lang='grc'><strong>6</strong></span> <span class='ocrx_word' id='word_1_309' title='bbox 647 5230 777 5299; x_wconf 79' lang='lat' dir='ltr'>imperati]</span> <span class='ocrx_word' id='word_1_310' title='bbox 797 5232 898 5291; x_wconf 70' lang='lat' dir='ltr'>Merces,</span> <span class='ocrx_word' id='word_1_311' title='bbox 917 5234 986 5296; x_wconf 85' lang='lat' dir='ltr'>impe</span> <span class='ocrx_word' id='word_1_312' title='bbox 1003 5236 1051 5281; x_wconf 81' lang='lat' dir='ltr'>ml</span> <span class='ocrx_word' id='word_1_313' title='bbox 1069 5232 1115 5281; x_wconf 78' lang='grc' dir='ltr'>ΡΙ</span> <span class='ocrx_word' id='word_1_314' title='bbox 1129 5248 1174 5294; x_wconf 88' lang='lat' dir='ltr'>m.,</span> <span class='ocrx_word' id='word_1_315' title='bbox 1194 5232 1323 5294; x_wconf 78' lang='lat' dir='ltr'>impetrari</span> <span class='ocrx_word' id='word_1_316' title='bbox 1341 5231 1438 5281; x_wconf 74' lang='lat' dir='ltr'>Pam.</span> 
     </span>
    </p>

    <p class='ocr_par' dir='ltr' id='par_1_11' title="bbox 526 5315 2158 5468">
     <span class='ocr_line' id='line_1_36' title="bbox 615 5315 2158 5386; baseline -0.001 -17"><span class='ocrx_word' id='word_1_317' title='bbox 615 5320 712 5371; x_wconf 72' lang='lat' dir='ltr'>lbom.</span> <span class='ocrx_word' id='word_1_318' title='bbox 733 5322 756 5368; x_wconf 80' lang='lat' dir='ltr'><em>P</em></span> <span class='ocrx_word' id='word_1_319' title='bbox 861 5318 891 5369; x_wconf 87' lang='lat'>15</span> <span class='ocrx_word' id='word_1_320' title='bbox 910 5316 968 5383; x_wconf 73' lang='lat' dir='ltr'>nisu</span> <span class='ocrx_word' id='word_1_321' title='bbox 988 5320 1011 5367; x_wconf 89' lang='lat' dir='ltr'><em>P</em></span> <span class='ocrx_word' id='word_1_322' title='bbox 1112 5320 1156 5368; x_wconf 92' lang='lat' dir='ltr'>lllo</span> <span class='ocrx_word' id='word_1_323' title='bbox 1175 5318 1310 5367; x_wconf 74' lang='lat' dir='ltr'>Mommsen</span> <span class='ocrx_word' id='word_1_324' title='bbox 1426 5319 1454 5366; x_wconf 81' lang='lat' dir='ltr'>li</span> <span class='ocrx_word' id='word_1_325' title='bbox 1474 5315 1567 5386; x_wconf 82' lang='lat' dir='ltr'>exorti]</span> <span class='ocrx_word' id='word_1_326' title='bbox 1586 5318 1726 5377; x_wconf 59' lang='lat' dir='ltr'>PQmJ&#39;,</span> <span class='ocrx_word' id='word_1_327' title='bbox 1746 5324 1836 5367; x_wconf 82' lang='lat' dir='ltr'>exortu</span> <span class='ocrx_word' id='word_1_328' title='bbox 1855 5319 1949 5366; x_wconf 75' lang='lat' dir='ltr'>Plau.</span> <span class='ocrx_word' id='word_1_329' title='bbox 2060 5318 2091 5369; x_wconf 88' lang='grc'>18</span> <span class='ocrx_word' id='word_1_330' title='bbox 2110 5335 2158 5368; x_wconf 81' lang='lat' dir='ltr'>ua-</span> 
     </span>
     <span class='ocr_line' id='line_1_37' title="bbox 526 5401 1683 5468; baseline -0.003 -12"><span class='ocrx_word' id='word_1_331' title='bbox 526 5409 609 5456; x_wconf 88' lang='lat' dir='ltr'>litndo</span> <span class='ocrx_word' id='word_1_332' title='bbox 626 5412 710 5455; x_wconf 83' lang='lat' dir='ltr'>tecum</span> <span class='ocrx_word' id='word_1_333' title='bbox 730 5408 752 5453; x_wconf 81' lang='lat' dir='ltr'><em>F</em></span> <span class='ocrx_word' id='word_1_334' title='bbox 853 5408 918 5454; x_wconf 87' lang='lat' dir='ltr'>redit</span> <span class='ocrx_word' id='word_1_335' title='bbox 938 5406 983 5453; x_wconf 84' lang='lat' dir='ltr'>PF</span> <span class='ocrx_word' id='word_1_336' title='bbox 1083 5404 1116 5454; x_wconf 81' lang='lat'>23</span> <span class='ocrx_word' id='word_1_337' title='bbox 1134 5401 1217 5468; x_wconf 69' lang='lat' dir='ltr'>capito</span> <span class='ocrx_word' id='word_1_338' title='bbox 1236 5405 1259 5452; x_wconf 89' lang='lat' dir='ltr'><em>P</em></span> <span class='ocrx_word' id='word_1_339' title='bbox 1360 5403 1393 5452; x_wconf 79' lang='lat'>25</span> <span class='ocrx_word' id='word_1_340' title='bbox 1412 5405 1527 5467; x_wconf 86' lang='lat' dir='ltr'>suppetit</span> <span class='ocrx_word' id='word_1_341' title='bbox 1547 5405 1683 5453; x_wconf 78' lang='lat' dir='ltr'>Mommsen</span> 
     </span>
    </p>

    <p class='ocr_par' dir='ltr' id='par_1_12' title="bbox 613 5487 1828 5558">
     <span class='ocr_line' id='line_1_38' title="bbox 613 5487 1828 5558; baseline -0.002 -17"><span class='ocrx_word' id='word_1_342' title='bbox 613 5493 645 5541; x_wconf 81' lang='lat'>33</span> <span class='ocrx_word' id='word_1_343' title='bbox 664 5494 828 5554; x_wconf 76' lang='lat' dir='ltr'>adstipulator</span> <span class='ocrx_word' id='word_1_344' title='bbox 846 5487 954 5558; x_wconf 86' lang='lat' dir='ltr'>luucriu]</span> <span class='ocrx_word' id='word_1_345' title='bbox 971 5505 1024 5555; x_wconf 77' lang='lat' dir='ltr'>epo,</span> <span class='ocrx_word' id='word_1_346' title='bbox 1045 5492 1180 5554; x_wconf 76' lang='lat' dir='ltr'>stipulator</span> <span class='ocrx_word' id='word_1_347' title='bbox 1197 5491 1327 5538; x_wconf 79' lang='lat' dir='ltr'>adlnncrls</span> <span class='ocrx_word' id='word_1_348' title='bbox 1348 5488 1400 5553; x_wconf 85' lang='grc' dir='ltr'>ΡΓ,</span> <span class='ocrx_word' id='word_1_349' title='bbox 1421 5492 1564 5539; x_wconf 76' lang='lat' dir='ltr'>stimulator</span> <span class='ocrx_word' id='word_1_350' title='bbox 1581 5492 1710 5539; x_wconf 81' lang='lat' dir='ltr'>adiuuerlo</span> <span class='ocrx_word' id='word_1_351' title='bbox 1729 5492 1828 5538; x_wconf 76' lang='lat' dir='ltr'>locetur</span> 
     </span>
    </p>
   </div>
   <div class='ocr_carea' id='block_1_10' title="bbox 0 0 2383 6468">
    <p class='ocr_par' dir='ltr' id='par_1_13' title="bbox 0 0 2383 6468">
     <span class='ocr_line' id='line_1_39' title="bbox 0 0 2383 6468; baseline 0 0"><span class='ocrx_word' id='word_1_352' title='bbox 0 0 2383 6468; x_wconf 95' lang='lat' dir='ltr'> </span> 
     </span>
    </p>
   </div>
  </div>
 </body>
</html>
