4736 6478
1125 482 1320 547 sannicffl
1337 483 1548 541 EPISTVLAE

1176 845 1220 910 nr
1241 845 1497 931 (xxxxvrnq.

1117 982 1379 1050 erumnosus
1401 983 1556 1051 oneror.

608 1156 707 1221 Amor
729 1155 857 1239 quidem
879 1162 955 1222 tuus
977 1153 1096 1239 suasit,
1121 1161 1157 1220 ui
1179 1154 1371 1238 scriberem,
1397 1156 1631 1242 praetereuntis
1653 1156 1834 1239 festinatio,
1861 1163 1897 1222 ut
1919 1177 2024 1243 pauca
2046 1158 2151 1224 dicta-

522 1280 601 1326 rem.
648 1280 748 1342 quare
771 1260 964 1327 salutatione
987 1264 1170 1342 contentus,
1203 1279 1286 1341 quae
1309 1259 1371 1324 etsi
1392 1280 1457 1325 non
1484 1261 1593 1345 explet
1623 1260 1784 1343 officium,
1818 1268 1926 1327 tamen
1955 1268 2152 1328 contestatur

523 1362 696 1445 adiectum,
722 1362 821 1430 redde
842 1363 991 1442 invicem,
1016 1383 1099 1445 qnae
1122 1362 1280 1445 legamus,
1308 1369 1340 1428 ei
1362 1363 1390 1428 si
1411 1383 1545 1429 necesse
1567 1371 1627 1446 est,
1654 1365 1818 1430 aemulare
1833 1365 2032 1432 brevitatem.
2073 1386 2182 1431 name

522 1486 594 1532 oum
618 1466 678 1531 sim
701 1465 883 1532 nitidissimi
907 1465 1063 1531 sermonis
1085 1465 1132 1530 tui
1156 1465 1309 1550 cupidus,
1341 1467 1536 1532 conscientia
1564 1473 1672 1533 tamum
1694 1467 1790 1532 buius
1821 1475 1980 1551 angustae
2009 1468 2149 1554 paginae

521 1589 584 1634 nou
608 1568 712 1634 audeo
734 1589 754 1634 a
776 1576 808 1635 te
830 1570 998 1636 verborum
1021 1567 1146 1652 copiam
1167 1570 1343 1654 postulare.
1515 1552 1520 1562 ’

1189 1845 1248 1910 nn
1268 1846 1314 1929 (n)
1348 1867 1380 1911 a.
1399 1848 1484 1910 soar

1118 1982 1377 2049 sunnsonvs
1400 1983 1553 2049 remor.

611 2155 738 2221 Vectori
765 2153 967 2220 iudicialium
997 2154 1175 2219 litterarum
1204 2153 1403 2220 reddendam
1426 2154 1483 2220 tibi
1511 2155 1664 2238 paginam
1687 2154 1780 2237 dedi,
1813 2156 1976 2223 amicitiae
1999 2157 2149 2230 deterens
2169 2176 2199 2217 ιο

523 2259 643 2325 cultum
666 2257 868 2324 salutationis
891 2256 1049 2340 simulque
1072 2276 1267 2340 suggerens,
1299 2257 1430 2323 adrem
1452 2256 1516 2322 mei
1538 2257 1683 2342 pignoris
1711 2257 1889 2342 pertinere,
1922 2259 2009 2343 quod
2038 2260 2151 2326 relatio

524 2362 651 2428 docebit
672 2363 713 2429 de
736 2361 848 2427 tutoris
871 2360 1018 2426 faucibus
1046 2360 1291 2426 extrahendum.
1339 2380 1398 2426 nec
1428 2362 1538 2426 laboro
1567 2382 1623 2445 pro
1654 2361 1835 2428 adsertione
1864 2363 2024 2446 iustitiae,
2060 2364 2150 2429 cuius

523 2466 582 2532 tibi
604 2487 681 2533 cura
702 2465 878 2552 praecipua
900 2470 966 2546 est,
999 2464 1057 2530 sed
1086 2463 1145 2530 hoc
1174 2471 1297 2531 tantum
1327 2465 1430 2531 audeo
1459 2465 1636 2550 postulare,
1668 2473 1703 2533 ut
1731 2466 1966 2551 quamprimum
1995 2488 2151 2552 respousa

523 2569 677 2635 caelestia
698 2569 795 2635 robur
815 2568 963 2634 adierant
984 2565 1147 2632 iudicatis.

1173 2841 1499 2926 fflfflaw

1118 2977 1378 3045 erumnosus
1401 2978 1555 3045 sanior.
1643 2992 1650 3001 ·

609 3157 754 3223 Fratrem
777 3161 918 3220 nostrum
933 3152 1118 3237 Helpidium
1140 3172 1204 3217 non
1226 3150 1331 3221 minus
1354 3151 1549 3219 desiderium
1571 3153 1617 3218 tui
1639 3173 1735 3237 quam
1758 3156 1899 3241 epistula
1916 3157 2060 3223 consulis
2075 3177 2151 3224 evo-

524 3260 618 3326 cavit.
667 3259 719 3325 cui
741 3258 801 3324 etsi
823 3277 965 3324 amorem
987 3262 1076 3321 tuum
1099 3255 1206 3340 prisca
1228 3256 1311 3321 inter
1340 3275 1397 3320 vos
1427 3255 1607 3322 coniunctio
1636 3258 1823 3342 pollicetur,
1857 3260 2002 3325 nonnihil
2028 3267 2145 3340 tamen,

523 3369 559 3429 ut
579 3362 723 3443 arbitror,
750 3361 847 3428 etiam
870 3358 982 3446 petitio
1003 3380 1078 3425 mea
1099 3359 1384 3425 commendationis
1407 3359 1537 3425 adiciet.
1578 3366 1690 3425 extrue
1712 3361 1820 3444 igitur,
1846 3382 1967 3445 quaeso
1988 3370 2032 3445 te,
2058 3365 2150 3430 novis

524 3486 603 3550 erga
626 3465 763 3532 amioum
786 3463 951 3531 benefieiis
973 3471 1113 3529 veterem
1145 3462 1362 3546 diligentiam,
1401 3468 1559 3546 quatenus
1588 3464 1712 3548 possint
1738 3464 1884 3550 perfecta
1912 3467 2087 3549 cumulari,
2120 3475 2152 3534 et
2169 3486 2200 3526 ao

523 3569 584 3635 hoc
605 3568 684 3634 mihi
706 3588 821 3633 munus
843 3566 1009 3648 adtribue,
1036 3573 1072 3632 ut
1092 3567 1224 3649 merita,
1259 3587 1341 3649 quae
1370 3566 1438 3632 suis
1465 3565 1553 3650 apud
1581 3575 1613 3632 to
1644 3567 1792 3634 fundavit
1820 3569 1999 3653 obsequiis,
2034 3571 2152 3637 sentiat

524 3693 595 3738 meo
617 3672 728 3739 favore
752 3652 934 3738 crevisse.'

1108 3945 1200 4010 uun
1220 3945 1300 4029 (nn)
1333 3966 1365 4010 a.
1385 3946 1566 4012 asc-aar.

1119 4082 1378 4149 studiosus
1401 4083 1555 4151 nncrcr.

611 4257 763 4343 Quisquis
786 4257 882 4324 amici
904 4256 1050 4341 neglegit
1071 4257 1201 4338 famam,
1228 4255 1292 4322 lide
1315 4256 1440 4322 lubrica
1462 4262 1524 4322 esi.
1562 4257 1622 4323 hoc
1643 4258 1724 4324 milri
1745 4280 1786 4325 ne
1809 4258 1886 4325 vitio
1909 4259 1979 4327 iure
2001 4261 2146 4343 ducatur,
2169 4280 2201 4322 rs

525 4362 622 4429 etiam
645 4363 677 4428 in
700 4363 835 4428 aliorum
857 4361 982 4427 iniuriis
1004 4382 1061 4446 pro
1083 4368 1139 4426 tua
1160 4359 1398 4426 existimatione
1421 4360 1585 4426 sollicitor.
1632 4382 1697 4445 qua
1718 4362 1806 4446 lege,
1832 4382 1894 4446 quo
1916 4363 2000 4430 bono
2023 4366 2151 4450 publico

524 4466 658 4532 Eusebii
670 4487 702 4532 v.
720 4486 762 4548 c.‚
788 4465 842 4549 qui
865 4465 1020 4530 meruisse
1042 4464 1127 4528 inter
1147 4461 1287 4528 notarios
1310 4461 1419 4546 lemur,
1444 4462 1585 4528 incertus
1607 4471 1704 4547 atque
1727 4465 1947 4549 inexploratus
1969 4475 2152 4552 procurator

524 4567 648 4649 elicuit,
680 4574 716 4633 ut
744 4568 848 4634 civilis
873 4567 985 4653 petitio
1007 4567 1128 4649 urbano
1150 4565 1316 4632 abstrahat
1339 4566 1405 4631 foro
1427 4565 1645 4650 possidentem
1668 4575 1864 4650 matronam,
1897 4570 2016 4652 quain
2038 4591 2147 4653 causa,

524 4692 598 4737 cum
621 4671 812 4757 supplicatio
834 4671 991 4756 privatam
1013 4677 1123 4736 teneat
1145 4670 1321 4749 actionem,
1355 4689 1463 4735 sacros
1484 4670 1594 4735 titulos
1616 4689 1771 4755 responsa
1793 4672 2002 4739 minitantur?
2032 4694 2151 4759 quaeso

482 4782 501 4843 2
525 4782 567 4856 te,
594 4775 724 4858 cogites,
752 4775 829 4858 quid
852 4775 892 4841 de
914 4782 1051 4858 augusto
1073 4774 1188 4859 adyto,
1215 4773 1306 4838 ouius
1329 4773 1468 4857 loqueris
1490 4775 1635 4857 oracula,
1661 4774 1774 4841 deceat
1795 4776 1970 4862 impetrari.
2009 4776 2201 4843 fraternam

524 4886 629 4945 tecum
652 4878 868 4945 sollicitudine
891 4879 1018 4962 loquor:
1053 4877 1278 4960 rescriptorum
1301 4878 1442 4943 omnium
1466 4876 1554 4942 fama
1576 4884 1607 4942 te
1631 4878 1770 4962 respicit.
1818 4878 1896 4961 quid
1926 4879 1953 4944 si
1984 4880 2081 4946 etiam
2104 4881 2149 4945 rei

524 4983 679 5049 memoria
699 4983 796 5049 fidem
818 4990 906 5049 tuam
928 4982 1099 5048 convenit?
1120 4980 1304 5066 Ampelium
1327 4981 1434 5046 clarae
1456 4987 1488 5048 et
1509 4980 1655 5046 inlustris
1670 4981 1898 5047 recordationis
1914 4983 2017 5049 virum
2032 5003 2150 5069 parvas

612 5277 676 5328 iad
695 5278 802 5328 eundern
821 5277 849 5339 Μ,
870 5293 919 5328 om.
938 5278 959 5326 V
1060 5277 1075 5326 3
1094 5277 1225 5339 pauccaP
1329 5276 1481 5326 tenacium
1504 5277 1526 5325 V
1627 5275 1826 5330 boonsoientia!
1847 5276 1870 5324 P

612 5366 627 5415 9
645 5379 694 5415 om.
713 5364 762 5414 Vn
865 5366 896 5415 io
914 5366 1014 5415 reddam
1035 5365 1127 5413 Pim.
1237 5364 1267 5413 12
1286 5364 1389 5412 docebat
1411 5364 1431 5410 V
1532 5365 1672 5412 adsertione
1692 5365 1724 5425 ad
1742 5364 1855 5414 institiae
1874 5364 1897 5411 P

614 5452 645 5502 16
663 5453 693 5501 ad
713 5453 822 5501 eundem
841 5454 870 5516 F,
890 5469 938 5503 om.
956 5453 977 5501 V
1109 5451 1139 5500 li
1158 5450 1279 5513 elpidium
1301 5451 1351 5513 (elp
1370 5452 1430 5499 im.
1451 5452 1479 5498 ia
1496 5450 1558 5513 rus.)
1581 5449 1603 5496 P
1736 5449 1766 5498 te
1786 5452 1826 5499 oui
1844 5464 1893 5501 orn.
1914 5451 1937 5498 F
2068 5466 2114 5500 nos
2135 5454 2156 5500 Ρ

529 5539 560 5588 19
578 5541 649 5588 nobie
668 5538 712 5588 Pr
726 5555 762 5590 m.
780 5540 800 5587 V

613 5624 646 5674 24
663 5639 711 5674 om.
735 5623 784 5673 vti
901 5625 934 5675 25
952 5625 1058 5687 qusquis
1080 5624 1099 5670 V
1217 5619 1335 5689 dueatur]
1354 5621 1453 5683 Merces,
1478 5622 1576 5671 dicetur
1594 5621 1666 5669 PVM
1786 5622 1820 5672 ib
1838 5637 1871 5671 ex
1889 5625 2034 5672 elimatione
2052 5624 2099 5672 Pl
2115 5641 2151 5674 m.

526 5708 783 5777 ituresnimium,
804 5714 934 5761 eusebium
954 5710 1011 5773 Pili,
1031 5711 1117 5759 om.V
1228 5709 1260 5758 ΜΘ
1279 5723 1327 5771 qua
1345 5705 1383 5773 iu]
1401 5723 1474 5770 quem
1497 5709 1522 5771 V,
1544 5723 1593 5770 que
1614 5708 1640 5755 M
1752 5708 1786 5758 29
1804 5724 1946 5771 responsam
1965 5712 2099 5758 imitentur
2123 5712 2149 5771 l',

526 5815 575 5849 om.
598 5799 625 5847 Μ
728 5799 761 5847 30
779 5795 862 5864 adyto]
880 5799 950 5846 adsto
973 5799 997 5859 V,
1018 5812 1066 5845 om.
1084 5797 1110 5843 Μ
