4746 6472
493 474 593 543 CCVI
1018 470 1284 529 cnuouonooln
1300 470 1589 529 suuncfflnun.

579 699 628 764 IX
651 702 704 763 47.
730 700 771 763 48
804 696 913 764 vorbis
936 694 1121 782 conspirant
1142 702 1182 761 47
1206 698 1329 783 siquid
1352 700 1446 782 igitur
1463 698 1538 761 miti
1551 698 1671 762 tribuis.
1719 698 1761 762 48
1784 699 1903 783 siquid
1919 701 2013 784 igitur
2029 703 2125 762 iuter-

493 824 599 883 oentui
620 840 682 882 meo
705 820 830 883 tribues.
863 857 905 866 —
934 821 975 880 47
996 818 1201 900 familiaritas
1223 828 1327 882 costra
1348 839 1408 882 uon
1431 819 1588 881 deserat.
1636 819 1677 882 48
1700 822 1754 902 qui
1775 820 1997 902 aparentibus
2020 821 2125 883 dese-

495 950 641 1004 rantur.
688 939 830 1025 epistula
852 943 891 1003 47
916 938 1072 1003 Flaviano
1095 936 1214 1003 tradita
1236 945 1295 1021 est,
1325 958 1396 1004 cum
1419 958 1450 1003 a.
1477 940 1539 1003 398
1562 944 1701 1004 exeunte
1723 938 1955 1006 Mediolanium
1978 939 2124 1024 55511515-

492 1066 627 1127 5555155.
674 1078 705 1125 v.
731 1059 807 1125 adn.
834 1061 907 1124 327.
955 1056 1061 1123 eidem
1083 1056 1182 1140 igitur
1202 1057 1337 1142 tempori
1360 1062 1400 1123 48
1424 1077 1549 1142 quoque
1571 1057 1711 1124 adscribi
1736 1058 1842 1126 debet.

579 1181 628 1246 IX
651 1184 686 1244 51
719 1178 915 1266 Apollodoro
945 1176 1210 1244 commendantur
1237 1178 1375 1244 curiales
1405 1177 1545 1243 civitatis
1567 1177 1755 1257 Africanae,
1792 1179 1878 1263 quod
1900 1185 2028 1265 tempus
2051 1202 2126 1265 pro-

496 1302 682 1368 consulatus
705 1300 775 1368 sius
797 1321 828 1366 a.
856 1298 1181 1364 399-4991551551.

581 1422 629 1487 IX
653 1426 693 1486 54
717 1422 813 1487 simul
836 1421 955 1505 scripta
978 1419 1117 1485 5555111
1141 1422 1192 1498 56,
1220 1417 1274 1484 ubi
1298 1418 1383 1484 vide.

1057 1919 1107 2001 111
1135 1920 1183 2001 55
1229 1920 1277 2001 59
1310 1916 1435 1999 Aurio
1464 1917 1564 2002 397?

579 2109 739 2175 Eusebius
768 2109 801 2173 in
831 2108 937 2174 5111515
966 2108 1075 2191 aliquo
1105 2108 1247 2172 militaus
1278 2084 1518 2174 commendatur
1543 2108 1690 2195 epistulis
1714 2114 1754 2171 55
1779 2113 1892 2187 5159;
1927 2129 1997 2175 cum
2027 2110 2123 2195 igitur

492 2231 554 2296 hae
586 2231 621 2296 in
650 2229 736 2295 idem
759 2236 885 2314 tempus
907 2228 1069 2308 incidant,
1103 2228 1144 2293 de
1166 2228 1438 2295 intercedentibus
1461 2249 1588 2312 quoque
1611 2229 1696 2295 idem
1719 2229 1881 2314 praesumi
1903 2230 2010 2297 debet.
2057 2239 2124 2298 tota

492 2349 701 2436 epistularum
736 2349 835 2415 series
870 2350 992 2434 scripta
1024 2355 1074 2414 est
1101 2355 1260 2443 5515515
1290 2348 1400 2415 Sancti
1428 2348 1589 2415 Ambrosii
1618 2348 1739 2415 obitum
1774 2349 1816 2434 (d.
1842 2356 1861 2413 4
1885 2350 1964 2435 Apr.
1989 2372 2021 2416 a.
2048 2354 2118 2436 391)

494 2479 635 2537 autnon
657 2470 759 2545 multo
782 2477 870 2554 post,
902 2490 977 2534 nam
1001 2468 1221 2550 Caecilianus,
1254 2467 1369 2552 quiec
1392 2469 1563 2553 superstite
1586 2468 1770 2554 praelectus
1792 2490 1939 2537 annonae
1961 2474 2103 2557 erat¹⁰³⁰l

492 2589 605 2657 eodem
628 2611 760 2657 munere
783 2590 993 2674 fungebatur,
1026 2609 1098 2654 cum
1122 2587 1283 2673 5515558
1308 2596 1464 2669 sumeret,
1499 2598 1534 2657 ut
1555 2610 1596 2655 ex
1618 2595 1807 2674 argumento
1831 2590 1901 2656 eius
1923 2591 2119 2674 agnoscitur.

493 2711 551 2777 sed
579 2731 620 2776 55
650 2711 785 2776 multum
811 2711 897 2776 ultra
918 2732 949 2775 a.
976 2713 1036 2774 397
1062 2708 1268 2790 recedamus,
1301 2715 1388 2774 vetat
1410 2715 1502 2775 55155
1524 2710 1706 2790 hominum,
1741 2711 1795 2794 qui
1818 2711 1952 2795 reliquis
1975 2710 2122 2797 epistulis

492 2831 665 2898 bonoribus
693 2829 832 2916 praediti
854 2829 1127 2916 praescribuntur.
1174 2849 1249 2894 uam
1273 2829 1432 2895 Eusebius
1460 2831 1521 2912 (55)
1548 2850 1633 2895 5555
1656 2833 1718 2895 395
1742 2851 1849 2897 comes
1872 2851 2035 2898 sacrarum
2059 2832 2122 2896 lar-

492 2952 646 3035 gitionum
671 2958 750 3034 erat,
777 2951 880 3017 donec
901 2957 976 3016 ante
999 2949 1032 3015 d.
1054 2949 1179 3014 17155.
1205 2948 1388 3033 praelectus
1412 2950 1571 3035 praetorio
1593 2970 1652 3036 per
1665 2951 1793 3017 ltaliam
1816 2951 1921 3017 iactus
1943 2958 2002 3033 est,
2028 2973 2120 3036 quem

493 3071 717 3155 magistratum
740 3070 873 3137 retinuit
894 3071 1010 3136 saltem
1032 3089 1134 3152 nsque
1158 3069 1201 3135 ad
1224 3069 1411 3135 (1.231155.
1437 3090 1468 3135 a.
1487 3073 1647 3156 396¹⁰³⁷);
1675 3070 1888 3137 dominianus
1916 3074 1977 3157 (561
2004 3093 2036 3138 5.
2061 3075 2122 3139 398

492 3193 600 3258 -399
622 3192 849 3277 proconsulatu
872 3191 1003 3257 Africae
1026 3189 1222 3274 fungebatur
1248 3192 1288 3272 (v.
1314 3189 1356 3254 ad
1379 3210 1431 3274 55.
1458 3190 1507 3254 111
1532 3193 1600 3272 151;
1628 3190 1737 3256 lovios
1763 3193 1825 3277 (59)
1852 3214 1883 3258 a.
1907 3193 2122 3259 3991555515

493 3313 677 3380 comitivam
699 3312 835 3397 accepit,
862 3311 921 3377 sed
943 3311 1007 3376 iam
1031 3318 1106 3376 ante
1129 3310 1339 3393 magistratus
1361 3311 1442 3376 alios
1465 3310 1567 3395 gessit
1581 3312 1659 3396 ¹⁰³⁸).
1706 3311 1815 3407 itaque
1838 3332 1949 3379 ornnes
1972 3312 2123 3397 1555551-

494 3435 596 3499 stulas
620 3452 683 3499 555
706 3432 776 3498 5155
799 3430 909 3514 aliqua
932 3430 1157 3516 probabilitate
1179 3430 1222 3496 ad
1244 3452 1276 3496 a.
1302 3433 1365 3494 396
1387 3430 1507 3510 551555,
1534 3438 1591 3497 551
1613 3431 1640 3496 51
1663 3432 1756 3516 epist.
1783 3437 1824 3497 oo
1847 3432 1922 3498 huic
1946 3433 2042 3499 seriei
2064 3433 2122 3498 ad-

492 3555 661 3639 iungatur,
687 3554 730 3621 ad
753 3553 873 3639 primos
895 3552 1053 3618 5551397
1076 3571 1214 3635 meuses,
1242 3551 1358 3636 quibus
1381 3552 1549 3634 Probinus,
1576 3552 1626 3617 cui
1649 3552 1887 3636 155551515551,
1914 3554 2121 3637 proconsula-

492 3682 559 3740 tum
582 3675 710 3742 Africae
733 3673 845 3759 gessit.
891 3694 923 3739 v.
950 3695 981 3758 5.
1008 3672 1073 3738 CV.

1060 4170 1110 4253 111
1138 4170 1273 4255 51--65
1310 4170 1436 4254 Auno
1464 4172 1551 4254 390.

578 4362 670 4428 Duae
701 4382 741 4428 ex
771 4361 821 4427 his
850 4359 999 4446 epistulis
1027 4362 1207 4442 (6151641
1239 4362 1282 4428 ad
1305 4362 1457 4427 Pacatum
1486 4361 1520 4427 in
1551 4361 1659 4444 aliquo
1689 4362 1807 4429 honore
1835 4362 1973 4448 positum
2004 4363 2121 4429 missae

494 4490 578 4563 5551,
606 4483 661 4566 qni
683 4504 714 4547 a.
733 4480 796 4548 399
819 4482 1001 4567 555555551,
1028 4501 1059 4546 5.
1086 4483 1147 4545 393
1171 4500 1405 4547 comestorum
1429 4481 1625 4568 privatarum
1649 4489 1728 4548 erat.
1768 4503 1799 4547 v.
1818 4505 1851 4568 p.
1870 4483 2016 4550 CXCHI.
2065 4483 2122 4549 sed

491 4603 570 4686 quia
593 4623 632 4669 eo
655 4603 861 4686 magistratu,
896 4622 991 4686 quem
1015 4601 1161 4667 ultimum
1184 4599 1327 4685 gessisse
1349 4600 1492 4684 videtur,
1518 4602 1552 4667 in
1575 4602 1651 4668 aula
1672 4602 1847 4668 Theodosii
1868 4602 1998 4670 iunctus
2020 4611 2122 4670 55151

493 4744 531 4790 55
560 4722 690 4807 quidem
719 4729 880 4807 tempore,
913 4742 976 4805 quo
999 4721 1144 4806 Eugeuio
1167 4721 1293 4787 ltaliam
1325 4721 1488 4788 obtinente
1517 4723 1640 4789 nullum
1664 4723 1886 4789 commercium
1908 4723 1992 4789 iuter
2013 4731 2121 4809 555155

493 4842 619 4928 imperii
641 4843 867 4909 Occidentales
896 4849 930 4909 et
951 4842 1133 4909 Orientales
1163 4848 1246 4924 erat,
1281 4842 1467 4927 Symmachi
1496 4843 1623 4910 litterae
1650 4844 1693 4910 ad
1714 4864 1832 4910 annum
1856 4843 1963 4930 potius
1987 4847 2049 4909 3911
2071 4864 2122 4909 55-

496 5037 795 5044 --..--.-
804 5038 857 5043 ..—
871 5037 906 5043 —

580 5155 655 5217 1936)
676 5154 719 5217 82,
739 5155 754 5204 3
773 5156 812 5205 Ad
831 5157 1003 5204 Ambrosium:
1024 5156 1091 5221 tilius
1108 5170 1177 5204 meua
1199 5155 1355 5205 Caecilianus
1372 5158 1411 5204 uir
1427 5157 1595 5218 5155555555,
1617 5160 1744 5218 puteano
1762 5160 2013 5217 commuuirpntrtoe
2030 5158 2119 5218 puber·

491 5246 537 5291 551
555 5254 692 5291 55555555.

580 5334 654 5394 lost)
676 5335 765 5386 Comes
789 5351 911 5385 sacrarum
934 5337 1095 5397 largitionum
1120 5339 1299 5397 praescribitur
1323 5341 1372 5399 legi
1392 5338 1465 5386 datae
1483 5338 1508 5388 d.
1529 5336 1562 5387 22
1581 5338 1641 5389 Μ51.
1662 5353 1686 5387 a.
1706 5338 1756 5387 395
1775 5338 1835 5389 Cod.
1857 5338 1951 5388 Tbaod.
1973 5338 2022 5387 IV
2043 5337 2068 5401 1,
2087 5336 2120 5387 32

493 5422 610 5483 tunditur
629 5423 732 5471 1111551.
756 5424 816 5485 lat,
837 5424 880 5471 sed
899 5426 1018 5485 quonism
1036 5424 1164 5472 Eusebius
1182 5425 1232 5473 1555
1250 5426 1346 5486 aliquot
1363 5425 1417 5472 dies
1436 5430 1494 5473 5515
1513 5426 1657 5487 praelectus
1675 5426 1800 5487 praetorio
1817 5432 2039 5486 commemoratur,
2061 5426 2122 5472 5551·

491 5508 603 5557 bendnm
621 5516 661 5556 551
677 5509 717 5555 ΧΙ
728 5509 778 5558 isal.
792 5509 875 5570 lun),
895 5511 1036 5573 praelectus
1055 5511 1178 5571 praetorto
1196 5510 1221 5559 d.
1239 5509 1268 5560 l'l
1282 5512 1339 5560 lun.
1361 5526 1383 5562 5.
1399 5510 1449 5560 395
1469 5510 1528 5560 Cod.
1549 5511 1643 5560 Theod.
1663 5510 1711 5559 XV
1726 5509 1765 5572 14,
1783 5508 1823 5560 12.
1861 5510 1886 5559 d.
1903 5507 2009 5559 191155.
2029 5525 2052 5559 5.
2067 5507 2117 5558 395

492 5593 553 5643 Cod.
575 5594 670 5642 Theod.
690 5595 703 5641 1
723 5594 763 5649 15,
787 5594 827 5645 14.
865 5609 899 5647 m.
915 5596 969 5644 155.
984 5611 1006 5644 a.
1022 5595 1073 5644 396
1091 5597 1192 5647 Ρ55115.
1214 5598 1259 5647 vit.
1280 5599 1368 5646 Ambr.
1389 5595 1431 5646 34.
1469 5597 1495 5646 cl.
1510 5596 1629 5645 2911551.
1644 5611 1667 5645 ι.
1683 5595 1733 5646 396
1754 5597 1813 5646 eon.
1835 5595 1930 5645 Theod.
1950 5595 2014 5644 11111
2037 5595 2077 5657 11,
2094 5594 2119 5644 8.

491 5679 517 5729 d.
536 5677 620 5729 9151.
640 5694 663 5727 s.
685 5678 735 5728 396
753 5679 813 5730 (lod.
835 5680 929 5731 I'lrood.
949 5682 1011 5729 xlv
1029 5681 1055 5744 3,
1079 5680 1117 5731 19.
1155 5683 1181 5732 d.
1202 5681 1234 5732 23
1253 5684 1314 5732 Dec.
1336 5698 1358 5731 5.
1379 5682 1428 5731 3911
1448 5683 1508 5733 (lod.
1530 5683 1623 5732 Theod.
1644 5683 1752 5744 x1115‚
1773 5680 1817 5733 26.

580 5771 655 5833 1938)
675 5774 739 5822 VIII
758 5773 791 5824 31)
810 5774 925 5836 interfuit
940 5776 1053 5838 publicae
1071 5778 1198 5838 utilitatis,
1220 5783 1249 5826 ut
1267 5778 1311 5826 1151
1328 5781 1453 5827 maiora
1470 5781 1567 5841 negotia
1585 5778 1751 5829 crederentur.
