4716 6476
1102 443 1319 500 'SYMMACHI
1337 443 1550 501 EPISTVLAE

1190 806 1327 871 LXVIII
1356 827 1386 872 a.
1407 810 1480 871 395.

1193 960 1253 1025 ΑΙ)
1278 960 1480 1025 ALYPIVM.

608 1134 768 1217 Intellego
796 1133 1017 1215 diligentiam,
1048 1153 1146 1217 qnam
1176 1138 1308 1198 sanctae
1339 1132 1446 1197 domui
1473 1139 1550 1198 tuae
1572 1133 1699 1216 defero,
1733 1135 1866 1200 nimium
1889 1135 1948 1200 tibi
1970 1154 2043 1202 esse
2065 1157 2150 1202 com-

522 1243 658 1321 pertam.
705 1236 778 1302 hinc
808 1243 875 1317 est,
908 1236 994 1319 quod
1023 1256 1148 1302 mecum
1171 1237 1259 1302 laeta
1281 1235 1496 1301 communicas
1518 1243 1550 1302 et
1572 1236 1720 1302 dominae
1742 1257 1781 1303 ac
1802 1237 1889 1303 tiliae
1912 1258 2003 1305 meae
2026 1239 2149 1305 valetn-
2199 1291 2202 1301 .

523 1338 631 1405 dinem
654 1340 728 1405 stilo
750 1339 875 1406 indicas
896 1339 931 1404 in
955 1358 1047 1424 spem
1069 1338 1193 1405 redime
1216 1340 1392 1405 meliorem.
1432 1360 1495 1423 ago
1518 1340 1617 1423 igitur
1639 1341 1754 1406 uberes
1776 1340 1899 1424 gratias
1921 1348 1953 1407 et
1976 1341 2056 1408 deos
2077 1363 2149 1426 pre·
2169 1364 2182 1403 s

523 1463 593 1525 cor,
627 1450 662 1508 nt
690 1449 747 1508 tua
775 1442 917 1509 secunda
942 1441 1119 1528 proficiant.
1166 1442 1260 1508 nobis
1281 1441 1403 1509 tardior
1424 1442 1647 1508 Africanarum
1670 1443 1801 1508 navium
1823 1452 2019 1511 commeatus
2041 1446 2151 1512 incutit

524 1565 616 1611 ouras
642 1553 675 1611 et
697 1546 849 1611 sterilitas
872 1546 1081 1611 conditorum.
1128 1552 1323 1631 quapropter
1345 1544 1387 1610 ad
1409 1546 1623 1611 conlationem
1646 1547 1751 1612 vocati
1773 1547 1917 1613 remedia
1938 1549 2062 1633 patriae
2084 1550 2149 1615 usi·
2177 1590 2181 1597 ·

523 1655 591 1714 tata
619 1649 835 1734 promisimus.
882 1649 941 1715 sed
969 1649 1052 1715 votis
1080 1668 1160 1733 opus
1190 1656 1255 1731 est,
1288 1655 1323 1714 nt
1351 1649 1551 1716 voluntariae
1581 1650 1749 1734 sponsioni
1777 1650 1894 1716 solutio
1922 1660 2070 1737 prompta
2097 1672 2149 1718 re-

524 1750 691 1837 spondeat.

1252 2045 1418 2110 LXVIIII.

1193 2198 1252 2263 AD
1276 2197 1477 2263 ALYPIVM.

609 2370 826 2436 Tradidernnt
847 2371 1033 2449 memoriae,
1060 2370 1116 2453 qui
1138 2389 1189 2435 res
1212 2369 1336 2454 priscas
1358 2370 1455 2435 locuti
1478 2377 1566 2453 sunt,
1592 2371 1626 2434 in
1648 2370 1802 2437 indicium
1824 2372 1983 2457 qnondam
2005 2383 2147 2438 vocatum

520 2474 621 2559 surb,
654 2474 741 2557 qnod
762 2474 870 2539 Aricia
899 2479 993 2538 tenus
1018 2473 1196 2558 precarium
1220 2471 1261 2538 de
1283 2472 1386 2538 amico
1410 2473 1608 2539 cantherium
1631 2481 1796 2541 mutuatus
1819 2476 1977 2542 ulterioris
1999 2476 2075 2541 clivi
2096 2497 2147 2541 ar-

524 2577 589 2644 dna
617 2577 833 2664 praeterisset.
880 2577 976 2642 fuerit
1003 2577 1084 2642 haec
1112 2575 1310 2661 parsimonia
1339 2582 1372 2642 et
1399 2575 1571 2659 diligentia
1599 2578 1752 2662 pauperis
1777 2579 1916 2661 saeculi,
1948 2586 1983 2645 nt
2005 2586 2147 2664 praeter-

523 2688 634 2747 veetus
666 2680 829 2759 decretum
863 2681 968 2745 locum
1001 2679 1198 2745 commisisse
1231 2679 1265 2744 in
1297 2679 1472 2745 amicitiam
1505 2678 1678 2759 diceretur3
1716 2688 1750 2747 at
1779 2701 1839 2766 ego
1868 2702 1932 2748 non
1961 2703 2072 2749 vereor
2099 2683 2149 2748 iu·
2170 2703 2198 2747 rs

524 2792 650 2865 menta,
683 2805 766 2867 quae
796 2783 951 2865 dederas,
985 2783 1183 2863 demoratus,
1217 2803 1258 2848 ne
1286 2783 1321 2848 in
1349 2783 1447 2848 tantis
1475 2782 1622 2849 fortunae
1651 2790 1726 2850 tuae
1755 2784 1856 2869 copiis
1878 2792 1911 2851 et
1932 2785 2031 2851 animi
2053 2787 2150 2853 bene-

482 2888 501 2947 2
525 2887 668 2953 volentia
689 2887 907 2971 usurpationis
929 2906 1085 2953 arcessar.
1125 2886 1293 2970 adsumpsi
1314 2886 1422 2969 igitur,
1449 2887 1535 2969 quod
1557 2907 1646 2952 amor
1667 2894 1741 2953 tuus
1762 2888 1941 2972 ingerebat,
1966 2895 2150 2974 tantumque

523 2992 637 3056 absum
659 3010 680 3055 a
702 2996 789 3056 metu
811 2991 1028 3056 suscensionis
1050 2997 1135 3070 tuae,
1163 2996 1199 3056 nt
1220 3009 1346 3075 sperem
1370 2989 1411 3055 de
1433 2996 1465 3055 te
1487 2991 1571 3055 ultro
1593 2991 1710 3056 bonam
1731 2990 1869 3057 fiduciae
1890 3012 1982 3059 meae
2000 2993 2148 3075 gratiam.

524 3112 657 3159 necesse
680 3099 730 3159 est
752 3093 836 3157 eninr
859 3094 992 3178 probes,
1028 3092 1114 3177 qnod
1135 3093 1206 3177 ipse
1229 3093 1374 3158 fecisses.
1422 3092 1480 3158 sed
1502 3093 1580 3177 qnid
1601 3093 1682 3159 haec
1703 3088 1871 3177 tamquam*
1889 3098 2058 3179 purganda
2079 3117 2152 3181 pro-

524 3197 626 3262 duoo‘?
670 3196 711 3262 de
733 3197 902 3262 Formiano
930 3196 972 3262 ad
994 3204 1026 3262 te
1049 3196 1153 3262 scribo
1176 3195 1302 3279 integer
1323 3194 1537 3275 valetudinis,
1570 3197 1656 3263 unde
1678 3217 1830 3280 equomm
1853 3205 2030 3264 vestrorum
2053 3220 2151 3285 copu-
2169 3218 2199 3261 ro

524 3300 588 3364 lam
612 3299 716 3381 magis
738 3299 910 3365 exercitam
933 3321 1029 3383 quam
1054 3298 1222 3383 fatigatam
1244 3297 1363 3364 remisi.
1412 3300 1513 3364 mulos
1534 3299 1700 3384 paulisper
1720 3302 1853 3381 tenebo;
1880 3301 1964 3366 hanc
1986 3302 2072 3368 enirn
2095 3302 2151 3369 de-

524 3402 620 3468 deras
642 3403 813 3487 optionem.
854 3424 950 3486 quam
973 3403 1001 3468 si
1022 3401 1259 3487 repudiassem,
1286 3402 1413 3468 viderer
1435 3402 1587 3468 libentius
1609 3402 1641 3467 in
1665 3404 1859 3488 usurpandis
1882 3404 1929 3470 uti
1952 3404 2059 3472 animo
2081 3426 2151 3472 meo

525 3525 621 3589 qnam
642 3505 678 3570 iu
699 3505 864 3591 permissis
886 3513 940 3572 tuo
962 3506 1089 3573 cedere.

1287 3798 1389 3863 LXX.

1193 3952 1251 4016 AD
1278 3953 1480 4018 ALYPIVM.
2172 3977 2200 4019 us

611 4127 691 4193 Cum
714 4126 878 4191 molestias
901 4125 1041 4190 urbanas
1063 4131 1210 4205 retracto,
1237 4126 1353 4190 abesse
1376 4125 1529 4203 delectat3
1557 4147 1628 4191 cum
1652 4147 1708 4191 vos
1731 4126 1923 4209 cogitatione
1942 4129 2150 4213 contemplor,

524 4228 634 4296 taedet
655 4229 820 4295 absentiae
842 4248 947 4293 meae.
993 4227 1135 4293 medium
1158 4234 1208 4292 est
1229 4227 1328 4310 igitur
1350 4229 1498 4294 levamen
1520 4229 1555 4293 in
1577 4229 1711 4311 litteris,
1744 4249 1825 4312 quas
1846 4228 1920 4295 ideo
1942 4230 1985 4294 ad
2007 4237 2039 4296 te
2063 4230 2150 4310 dedi,

524 4340 560 4397 ut
588 4333 684 4399 simul
711 4339 744 4399 et
773 4332 933 4397 amicitiae
964 4330 1167 4396 satisfaciens
1198 4338 1230 4397 et
1259 4338 1388 4397 secutus
1411 4333 1594 4417 exemplum
1617 4338 1690 4398 tuas
1712 4331 1791 4396 mibi
1813 4332 1971 4416 epIstnlas
1993 4342 2150 4417 praestes,

523 4435 557 4500 in
580 4436 697 4520 quibus
718 4435 811 4501 vides
834 4436 907 4520 plus
930 4453 1003 4501 case
1026 4434 1149 4500 solacii.

584 4643 650 4723 m
662 4641 727 4721 yar.
747 4642 821 4697 uax.
841 4641 911 4715 vnn
929 4644 954 4705 r,
975 4642 1001 4695 r.

527 4838 569 4844 ...-
602 4837 694 4843 ψ,.-
708 4836 747 4843 .-
766 4836 935 4843 --I...—---

611 4971 694 5022 Vom.
720 4970 770 5019 VM
872 4972 887 5021 3
907 4972 1021 5022 deletum
1045 4973 1073 5033 V,
1093 4974 1212 5022 deferunt
1229 4973 1258 5021 M
1371 4973 1385 5020 7
1405 4974 1524 5021 lationem
1548 4974 1574 5033 V,
1594 4987 1665 5035 opem
1685 4974 1813 5021 serendam
1832 4972 1862 5020 M
1965 4973 2101 5036 Spromlsi
2125 4975 2149 5035 V,

525 5059 673 5121 promisistls
692 5058 721 5105 M
824 5059 967 5121 sponsionis
987 5059 1034 5106 ΡΥ
1136 5058 1227 5109 9urle
1244 5059 1303 5108 odd.
1329 5059 1378 5107 VM

612 5144 642 5194 ll
661 5158 711 5194 om.
736 5144 784 5191 VM
888 5144 918 5193 12
937 5142 1043 5211 priscas]
1061 5145 1172 5208 lpsasP
1274 5152 1389 5196 uocatum
1408 5142 1481 5212 furti]
1499 5160 1552 5207 epo,
1572 5146 1608 5205 cf.
1631 5146 1685 5195 Vol.
1702 5144 1768 5194 Mus.
1790 5149 1809 5195 t.
1830 5148 1859 5205 l.,
1880 5149 1962 5196 uocati
1982 5147 2009 5209 P,
2030 5153 2102 5196 uocat
2123 5147 2148 5203 V,

525 5237 640 5280 uocatum
662 5230 689 5278 M
794 5231 824 5279 15
843 5227 1048 5295 commlslsisel’
1151 5232 1246 5280 diceret
1268 5231 1318 5279 VM
1432 5232 1460 5280 li
1480 5245 1588 5281 arcessar
1610 5232 1637 5292 V,
1657 5234 1776 5280 accerslrr
1795 5232 1824 5279 Μ
1933 5232 1964 5283 18
1982 5234 2109 5281 nbsnmam
2128 5239 2153 5279 et

526 5332 587 5366 usus
605 5317 731 5366 ceuslools
756 5315 805 5379 VI',
826 5331 950 5365 assumam
970 5316 999 5364 Μ
1110 5316 1141 5366 19
1158 5319 1286 5379 improbes
1305 5316 1331 5366 Γ
1431 5313 1504 5385 qnid]
1522 5319 1588 5380 quod
1612 5318 1632 5364 V
1733 5316 1872 5385 purgandi]
1893 5319 1922 5369 0.
1939 5320 1966 5367 Υ.
1986 5319 2024 5367 W.
2040 5318 2151 5375 Mueller,

524 5410 630 5465 purgata
647 5403 722 5451 PVM
852 5402 886 5453 20
904 5403 1016 5465 capulam
1039 5404 1060 5448 V
1189 5402 1217 5451 21
1241 5406 1352 5452 exerceri
1371 5410 1496 5466 tamquam
1522 5403 1542 5449 V
1660 5405 1747 5452 remlsi
1766 5405 1850 5453 mulus
1867 5404 1915 5452 Pl
1928 5422 1974 5467 m.,
1994 5407 2057 5454 rami
2075 5407 2154 5454 simu·

525 5490 566 5537 lna
589 5489 615 5549 V,
637 5503 685 5537 om.
706 5488 732 5536 M
837 5487 870 5537 22
887 5490 989 5550 optione
1014 5489 1033 5533 V
1136 5489 1168 5539 23
1188 5487 1329 5557 permissis]
1351 5489 1409 5553 (Γ),
1429 5490 1560 5553 promissis
1580 5489 1652 5536 PVM

612 5574 644 5623 25
662 5588 712 5624 om.
737 5573 784 5621 VM
888 5574 922 5623 26
940 5576 1066 5629 urbinens
1089 5577 1109 5622 V
1212 5574 1243 5631 27
1264 5578 1379 5625 leuamen
1398 5572 1438 5650 in]
1456 5576 1576 5623 leusmiui
1597 5574 1643 5627 Pr
1657 5592 1692 5628 m,
1715 5576 1735 5621 V
1838 5575 1870 5628 28
1889 5578 2040 5629 mtlrfaclam
2058 5577 2151 5628 P2m.

525 5659 559 5715 29
577 5662 635 5713 nale
653 5659 712 5711 cdd.
734 5660 782 5716 VM
