4736 6478
1107 468 1304 531 summanr
1322 470 1533 530 EPISTVLAE

1071 838 1162 903 LXII
1182 838 1310 924 (LXIII)
1347 845 1420 924 post
1433 859 1464 904 a.
1487 842 1561 904 390.

1127 992 1187 1057 AD
1215 992 1499 1061 EVPHRASIVII.

586 1161 789 1230 deamicitia
811 1171 922 1228 nostra
942 1163 977 1230 in
1000 1184 1055 1231 ore
1078 1165 1249 1231 multorum
1272 1172 1336 1247 est,
1363 1172 1396 1232 et
1417 1166 1490 1231 laus
1511 1183 1664 1247 equorum
1685 1171 1812 1232 tuorum
1833 1166 2009 1252 longinqua
2030 1187 2133 1252 peue-

499 1266 606 1331 travit.
653 1265 728 1331 hiuc
749 1266 801 1350 fit,
833 1274 868 1332 ut
890 1286 969 1333 suae
991 1267 1127 1350 quisque
1149 1268 1272 1353 patriae
1295 1267 1504 1351 magistratus
1526 1287 1619 1334 meae
1648 1269 1934 1335 commendationis
1956 1290 2049 1354 opem
2072 1289 2132 1354 po-

499 1368 614 1451 stulet,
644 1389 778 1452 gregum
801 1377 927 1436 tuorum
949 1368 1069 1436 famam
1092 1380 1233 1438 secutus.
1280 1377 1346 1451 iao
1368 1379 1538 1456 propterea
1560 1378 1731 1440 summates
1752 1372 2016 1439 Antiochensium
2038 1373 2131 1438 missi
2152 1395 2166 1433 s

498 1471 541 1537 ad
568 1471 755 1539 mercandas
785 1473 961 1558 quadrigas
988 1474 1091 1540 iuvari
1121 1474 1211 1560 apud
1239 1482 1270 1540 te
1291 1475 1447 1541 sermonis
1475 1474 1575 1542 nostri
1597 1475 1822 1543 conciliatione
1845 1477 2023 1543 voluerunt.
2070 1497 2132 1541 an-

497 1595 578 1656 nue,
604 1595 675 1655 oro,
701 1576 833 1659 longum
855 1577 1066 1662 peregrinatis
1088 1583 1121 1643 et
1143 1578 1309 1643 electionis
1332 1584 1365 1643 et
1386 1579 1479 1663 pretii
1501 1579 1619 1645 iustam
1648 1578 1891 1662 benignitatem,
1918 1598 2002 1663 quae
2025 1579 2131 1643 bomi-

498 1697 557 1743 nes
578 1678 759 1762 opinionem
783 1679 936 1744 blandam
959 1688 1084 1746 secutos
1107 1680 1147 1746 de
1169 1687 1224 1746 tuo
1246 1680 1353 1747 studio
1375 1702 1509 1764 meoque
1524 1682 1637 1747 merito
1652 1702 1764 1748 verum
1786 1701 1935 1767 sperasse
1950 1681 2126 1748 confirmet.

1094 2058 1202 2124 LXIII
1222 2058 1366 2145 (LXIIII)
1399 2080 1431 2125 a.
1450 2064 1524 2125 400.

1122 2214 1181 2279 ΑΙ)
1210 2214 1496 2280 EVPHRASIVM.
2150 2241 2180 2280 ro

581 2386 647 2450 Fas
669 2386 711 2451 sit
734 2385 853 2467 dicere,
879 2407 1032 2470 equorum
1055 2386 1211 2451 curulium
1235 2390 1331 2471 copto
1346 2385 1411 2452 iam
1425 2406 1490 2452 non
1505 2407 1655 2472 egemus:
1682 2387 1741 2452 sed
1755 2387 1867 2453 incitat
1881 2405 1939 2451 nos
1954 2393 2124 2471 praeturae

494 2508 583 2554 mora
605 2488 647 2554 ad
670 2487 864 2554 desiderium
887 2490 1012 2555 numeri
1034 2489 1193 2575 largioris.
1231 2490 1260 2556 si
1281 2490 1380 2575 igitur
1402 2490 1507 2556 dulcis
1529 2497 1588 2573 est,
1615 2497 1651 2556 ut
1672 2489 1765 2572 solet,
1791 2488 1936 2555 mandati
1958 2488 2023 2555 mei
2045 2508 2122 2554 exe-

494 2591 594 2675 cutio,
628 2599 777 2675 quattuor
799 2613 840 2658 ex
862 2613 963 2677 grege
985 2593 1254 2659 Laudicianorum
1276 2593 1468 2677 quadrigas,
1503 2613 1583 2678 quas
1606 2600 1663 2660 tua
1684 2592 1818 2659 defloret
1838 2593 1971 2675 electio,
2005 2591 2049 2657 ad
2070 2612 2122 2658 me

493 2701 567 2781 opto
590 2695 717 2779 deduci,
743 2716 814 2761 cum
837 2696 976 2781 primum
991 2717 1080 2763 mare
1101 2697 1267 2782 navigatio
1288 2717 1389 2764 verna
1410 2696 1609 2783 patefecerit.
1649 2716 1710 2781 ego
1727 2695 1876 2781 pretium,
1901 2695 1988 2779 quod
2010 2694 2124 2779 signa-

493 2798 596 2864 verint
618 2797 745 2866 litterae
766 2806 859 2881 tuae,
896 2800 929 2865 in
952 2819 1019 2866 rem
1042 2800 1150 2866 missis
1172 2801 1394 2866 renumerabo.
1441 2820 1636 2884 quamquam
1659 2799 1720 2864 hoc
1742 2796 1901 2885 spondere
1923 2819 1987 2865 non
2009 2796 2118 2880 debui,
2145 2826 2176 2866 rs

450 2910 469 2968 ⁴2
492 2900 568 2982 quia
589 2900 671 2967 tides
694 2901 855 2968 amicitiae
877 2903 1097 2989 syngrapham
1120 2924 1184 2970 non
1206 2903 1350 2988 requirit.
1397 2902 1491 2969 credo
1514 2902 1658 2986 mireris,
1691 2921 1747 2969 cur
1767 2922 1832 2968 non
1853 2901 1960 2987 potius
1983 2901 2024 2967 de
2046 2922 2123 2986 gre-

490 3005 585 3088 gibus
607 3005 671 3071 tuis
693 3006 861 3091 postulem,
888 3007 943 3090 qui
965 3006 1148 3092 potissimos
1163 3007 1353 3073 Hiberorum
1375 3006 1543 3073 nobilitate
1565 3011 1781 3091 praevertunt.
1822 3004 1987 3071 fastidium
2002 3004 2124 3089 patitur
2246 3014 2248 3018 “

490 3108 657 3174 uniformis
687 3108 863 3194 spectaculi
886 3109 1000 3175 civitas
1026 3118 1153 3193 nostra,
1187 3109 1279 3176 cuius
1307 3109 1440 3176 satietas
1470 3108 1549 3174 milri
1578 3108 1735 3175 varietate
1757 3107 1916 3174 vincenda
1937 3113 1997 3172 est.
2045 3113 2122 3172 tuae

491 3210 583 3275 modo
606 3211 796 3295 diligentiae
819 3211 863 3277 sit
884 3212 1038 3279 adhibere
1061 3213 1214 3279 iudicium
1245 3221 1340 3279 etex
1361 3213 1478 3280 alienis
1501 3213 1639 3279 stabulis
1662 3230 1803 3295 aequare
1826 3209 1955 3276 laudem
1979 3218 2119 3275 tuorum.

489 3334 564 3378 nam
587 3334 659 3379 cum
684 3334 735 3379 res
757 3315 853 3380 amici
876 3315 996 3397 agitur,
1024 3316 1083 3382 hos
1106 3337 1232 3400 quoque
1254 3316 1399 3402 proprios
1420 3316 1522 3382 debes
1544 3323 1670 3400 putare,
1698 3334 1779 3398 quos
1801 3314 1908 3397 eligis.
2142 3343 2172 3384 ro

1167 3694 1294 3760 nxrnr
1314 3694 1437 3778 (axv).

358 3855 471 3917 Pvrr
1111 3849 1171 3914 un
1199 3849 1483 3945 nvnunrsrvu.

572 4021 674 4086 Nemo
697 4042 847 4106 umquam
871 4027 1038 4108 pervector
1060 4021 1268 4107 epistularum
1299 4027 1425 4087 tuarum
1448 4040 1570 4085 vacuus
1598 4019 1744 4086 eiusdem
1766 4020 1909 4086 muneris
1930 4020 1994 4086 mei
2017 4019 2061 4085 ad
2083 4027 2116 4087 te

484 4123 630 4201 revertit3
663 4131 698 4189 tu
727 4131 836 4190 tamen
865 4123 1112 4209 infrequentiam
1140 4124 1234 4190 nobis
1262 4123 1341 4189 vitio
1369 4123 1462 4189 ducis
1493 4129 1525 4188 et
1553 4123 1637 4189 ultro
1667 4143 1775 4188 curam
1804 4130 1880 4189 tuae
1907 4122 2115 4189 adsiduitatis

482 4228 668 4312 exprobras.
714 4226 796 4292 facis
818 4228 879 4293 hoc
899 4226 1075 4292 amantium
1096 4246 1194 4307 more,
1221 4227 1310 4311 apud
1332 4245 1412 4309 quos
1427 4225 1603 4291 officiorum
1625 4225 1748 4306 talium,
1775 4226 1873 4291 etiam
1897 4245 1969 4292 cum
1991 4226 2111 4291 redun—
2134 4253 2167 4295 rs

483 4328 576 4412 dant,
609 4330 679 4396 sitis
701 4351 822 4414 magua
849 4338 910 4396 est.
955 4349 1017 4396 nec
1045 4336 1169 4396 tantum
1198 4329 1358 4415 epistulas
1387 4349 1477 4395 meas
1498 4329 1622 4413 poscis,
1657 4327 1714 4394 sed
1742 4328 1960 4395 oratiunculas
1981 4349 2109 4413 quoque

441 4442 459 4501 2
482 4440 607 4499 nostras
628 4432 769 4500 noudum
798 4433 857 4501 tibi
879 4433 984 4500 editas
1015 4432 1134 4499 deferri
1164 4434 1197 4498 in
1220 4452 1334 4498 manus
1356 4440 1429 4498 tuas
1451 4431 1624 4517 praecipis.
1670 4452 1753 4514 quae
1777 4452 1829 4498 res
1851 4431 1977 4498 videtur
1998 4438 2108 4498 osten-

482 4535 575 4617 dere,
609 4536 686 4619 quid
715 4536 828 4603 iudicii
858 4536 980 4602 habeas
1009 4535 1051 4602 de
1074 4536 1129 4615 ris,
1162 4555 1244 4620 quas
1266 4542 1341 4600 ante
1363 4534 1542 4618 sumpsisti.
1589 4534 1712 4600 nullum
1735 4534 1820 4600 enim
1846 4534 2042 4600 desiderium
2064 4534 2107 4599 ad

481 4639 623 4706 secunda
651 4639 869 4725 progreditur,
903 4639 931 4705 si
961 4640 1067 4725 priora
1095 4639 1298 4724 displiceant.
1345 4638 1418 4703 misi
1448 4637 1547 4721 igitur
1577 4659 1618 4702 er
1647 4637 1876 4703 recentioribus
1898 4637 2107 4703 oratiunculis

481 4744 561 4809 meis
584 4744 723 4827 quinque
746 4763 887 4823 numero,
916 4764 1052 4826 quarum
1075 4742 1153 4808 mihi
1175 4743 1239 4808 iam
1263 4741 1412 4807 fiduciam
1436 4740 1512 4806 feeit
1535 4741 1683 4825 publicus
1705 4740 1806 4807 favor.
1855 4740 1914 4807 sed
1936 4748 2010 4826 post
2032 4761 2107 4806 sen-
2129 4770 2160 4809 uo

1581 4850 1590 4887 t

567 5089 582 5139 2
600 5091 629 5139 sd
648 5092 785 5140 eufrasium
805 5091 834 5152 P,
854 5093 929 5140 etita
947 5091 1067 5153 deinceps,
1087 5104 1135 5140 om.
1156 5088 1204 5137 VM
1324 5090 1414 5137 lllsus
1431 5102 1480 5137 em.
1501 5088 1548 5136 VM
1662 5084 2109 5155 esoproptsres]1>vu,nomrna

481 5177 679 5226 Antiochensium
692 5177 715 5225 1.
729 5179 747 5226 l.
763 5177 971 5237 munoldentur,
991 5192 1011 5226 e.
1026 5193 1050 5238 p.
1072 5190 1101 5225 eo
1119 5177 1223 5238 Prosper
1240 5183 1267 5224 et
1284 5176 1393 5224 Obserea
1497 5158 1630 5222 summatis
1648 5174 1847 5223 autblooensIum
1867 5173 1913 5223 ΡΥ
2014 5178 2071 5223 misi
2089 5176 2110 5223 V

479 5263 495 5312 6
513 5266 603 5313 uolnei
622 5264 715 5314 le.
820 5278 905 5312 annue
922 5260 975 5329 oro]
995 5263 1125 5326 Kiessltnp,
1145 5277 1177 5311 su
1196 5276 1255 5310 uero
1274 5262 1326 5324 ΡΥ,
1347 5275 1429 5309 suune
1447 5274 1540 5323 quaeso
1559 5259 1586 5307 Μ
1688 5259 1702 5309 t
1722 5257 1901 5327 peregrinatis]
1920 5262 2028 5323 Iunctus,
2049 5276 2108 5324 per-

479 5351 619 5410 egrinantis
637 5350 690 5411 ΡΥ,
710 5351 929 5412 peregrtnsutlbns
947 5348 975 5396 Μ
1077 5348 1094 5398 8
1112 5355 1214 5399 secutus
1232 5348 1278 5396 ΡΥ

566 5435 597 5485 ld
613 5450 662 5485 om.
686 5437 730 5485 ΥΡ
866 5436 894 5485 11
916 5437 985 5499 copis
1003 5433 1065 5502 ism]
1084 5435 1228 5497 Mommsen,
1249 5436 1344 5497 copiam
1364 5434 1410 5483 ΡΥ
1537 5432 1698 5482 inmunem
1722 5433 1763 5480 VI*
1896 5432 1926 5482 13
1944 5434 2106 5484 laudaciano-

478 5538 533 5571 rum
556 5520 635 5586 vql'),
654 5524 897 5573 lsndstisncrnmP
1007 5523 1119 5584 deploret
1141 5524 1184 5570 ΥΡ
1301 5521 1332 5570 14
1349 5522 1459 5583 pretInm
1477 5526 1556 5568 tuum⁴
1569 5519 1635 5581 quod
1659 5520 1679 5567 V
1801 5519 1831 5568 15
1848 5522 1876 5567 in
1895 5521 2009 5569 remissis
2031 5521 2074 5569 Vs

477 5610 639 5658 remunerabo
658 5610 686 5671 P,
707 5611 860 5659 renunciabo
882 5610 903 5658 V
1005 5608 1036 5659 16
1055 5610 1196 5670 syugrsIsm
1215 5608 1261 5655 ΡΥ
1366 5606 1395 5656 ti
1414 5610 1561 5669 potissimus
1580 5608 1603 5654 P

563 5694 597 5745 22
615 5712 664 5745 om.
690 5696 736 5744 ΥΜ
873 5695 906 5745 24
924 5692 999 5762 ultio]
1016 5696 1109 5744 ludlelo
1133 5696 1152 5743 V
1288 5697 1388 5743 exultro
1405 5694 1456 5742 Pl
1477 5710 1511 5744 m.
1652 5699 1812 5741 tnesaurum
1836 5692 1863 5753 Υ,
1887 5706 1971 5740 curam
1990 5707 2059 5742 mese
2079 5692 2108 5741 Μ

478 5781 706 5833 idestisle.
813 5781 1046 5831 itsdruPrm.
1152 5779 1338 5829 renisam
