4746 6472
1034 494 1150 552 LIBER
1166 494 1204 551 11.

822 855 981 921 LXXXII
1000 855 1163 942 (LXXXI)
1195 861 1320 923 antea.
1340 859 1413 922 395.

773 991 1035 1061 SYMMAOHVS
1055 992 1274 1060 FLAVIANO
1296 993 1466 1060 FRATRI.
1954 995 1988 1057 P

393 1163 487 1230 Multi
508 1185 530 1231 a
551 1185 603 1231 me
625 1164 881 1231 conciliationem
904 1164 1092 1231 litterariam
1114 1172 1344 1251 poposccmnt,
1377 1165 1436 1231 sed
1458 1164 1657 1249 quorundam
1680 1164 1821 1247 meritis,
1854 1164 1936 1231 alio-

314 1290 376 1334 mm
398 1268 548 1355 precibus
571 1287 682 1354 parem
704 1269 842 1353 gratiam
865 1268 953 1335 dedi.
996 1288 1057 1335 nec
1077 1276 1186 1335 tamen
1208 1289 1331 1354 vereor,
1357 1289 1398 1336 ne
1418 1269 1478 1336 tibi
1501 1269 1616 1336 civium
1639 1268 1751 1353 ignota
1772 1267 1935 1335 distinctio

288 1372 351 1438 rsit
370 1371 525 1457 iudicium
548 1371 589 1439 de
611 1370 662 1437 his
685 1392 852 1438 commune
873 1372 1038 1445 recolenti.
1086 1371 1180 1438 dabis
1209 1373 1308 1457 igitur
1333 1373 1368 1439 in
1390 1372 1585 1456 quibusdam
1607 1371 1821 1438 verecundiae
1843 1392 1935 1438 meae

313 1476 453 1559 veniam,
485 1495 568 1560 quac
590 1474 688 1541 cessit
709 1474 893 1559 orantibus,
922 1475 1068 1558 sequeris
1090 1481 1217 1559 antem,
1249 1476 1334 1560 qnod
1357 1475 1422 1542 scis
1444 1475 1486 1542 de
1508 1474 1645 1560 singulis
1668 1481 1836 1558 utrumque
1859 1494 1936 1541 sen-

311 1579 378 1645 tire.
425 1584 502 1664 puto
530 1598 571 1644 ex
599 1577 651 1643 his
679 1577 806 1661 verbis,
838 1598 903 1662 quo
932 1578 966 1644 in
987 1598 1120 1645 numero
1141 1578 1244 1644 filium
1265 1586 1408 1645 nostrum
1431 1578 1575 1644 Attalum
1597 1576 1806 1663 spectabilem
1828 1577 1930 1643 virum
1956 1580 1975 1640 2

312 1701 476 1763 censeam,
507 1681 603 1747 facile
632 1679 767 1747 dinosci.
813 1700 951 1765 namque
980 1681 1044 1748 ista
1073 1682 1177 1748 libera
1204 1688 1238 1748 et
1265 1688 1380 1766 aperta
1410 1680 1562 1748 discretio
1584 1680 1615 1747 ei
1636 1687 1705 1746 tuto
1727 1680 1850 1746 credita
1871 1687 1932 1762 est,

311 1785 361 1868 qui
388 1805 452 1851 non
482 1783 543 1849 fnit
564 1783 598 1849 in
620 1790 712 1869 parte
734 1791 912 1868 cogentum.
960 1805 1059 1867 quare
1080 1792 1135 1850 tuo
1157 1804 1197 1851 ac
1217 1805 1289 1851 meo
1311 1783 1439 1850 nomine
1461 1783 1623 1850 amicitias
1644 1781 1844 1849 adcurrentis
1865 1804 1936 1849 am-

269 1902 294 1944 ¹⁰
310 1889 467 1972 plectere,
501 1893 536 1952 ut
565 1886 641 1953 hnic
669 1886 704 1952 in
726 1887 830 1953 fructu
853 1887 895 1954 sit
916 1888 1022 1953 cultas
1043 1888 1217 1971 bonorum,
1251 1887 1361 1973 pravis
1382 1887 1502 1967 dolori,
1535 1885 1621 1970 quod
1643 1886 1840 1952 dissimiliter
1860 1886 1936 1951 dili-

307 1998 436 2072 guntur.
483 1990 569 2058 vale.

857 2248 1031 2315 LXXXIII
1051 2249 1226 2334 (LXXXII)
1260 2270 1290 2315 a.
1310 2253 1384 2316 393.

777 2385 1038 2453 SYMMAGHVS
1060 2385 1277 2453 FLAVIANO
1300 2386 1468 2451 FRATRI.

393 2557 590 2643 Iampridem
614 2555 744 2623 domino
767 2563 801 2623 ct
821 2557 913 2623 trani
934 2578 1007 2624 meo
1022 2557 1140 2644 Alypio
1167 2557 1352 2625 comitatum
1374 2576 1500 2623 sacrum
1522 2556 1627 2623 visere
1649 2563 1746 2641 atque
1768 2557 1858 2624 adire
1880 2577 1937 2623 cu-

245 2670 280 2713 ¹⁵
301 2662 409 2745 pienti
433 2681 507 2727 sera
528 2658 659 2743 quidem
681 2659 807 2727 occasio
829 2660 888 2726 sed
909 2661 998 2728 laeta
1019 2661 1183 2744 successit,
1210 2669 1246 2727 ut
1267 2681 1340 2727 eum
1363 2660 1475 2726 consul
1497 2659 1633 2743 accires,
1659 2665 1693 2726 ct
1714 2658 1787 2726 ideo
1808 2660 1842 2726 in
1860 2680 1937 2726 con-

301 2769 452 2849 spectum
481 2771 572 2830 tuum
601 2764 711 2830 alacer
739 2764 889 2847 occurrit,
921 2771 956 2830 nt
984 2764 1149 2831 beneficiis
1178 2764 1287 2830 votiva
1315 2763 1430 2830 reddat
1459 2762 1566 2829 officia
1587 2769 1621 2829 et
1642 2762 1746 2828 sancti
1769 2762 1867 2830 animi
1888 2763 1936 2829 tui

269 2867 391 2953 Μ
420 2868 538 2933 nubem
561 2865 702 2933 invidiae
725 2866 899 2952 superioris
921 2868 1116 2950 abstergeat.
1164 2866 1252 2951 quod
1272 2866 1323 2933 illi
1345 2867 1481 2934 arbitror
1502 2887 1543 2932 er
1565 2871 1639 2931 voto
1662 2884 1733 2931 esse
1756 2885 1933 2932 cessurum.

298 2990 411 3054 neque
433 2970 517 3036 enim
540 2968 648 3035 famae
670 2971 740 3036 eius
762 2968 885 3053 aliquid
907 2970 1022 3037 deesse
1045 2970 1189 3056 patieris,
1214 2970 1269 3055 qni
1291 2969 1456 3037 securitati
1479 2976 1594 3035 cuncta
1615 2968 1766 3034 tribuisti.
1813 2968 1898 3033 vale.

839 3261 1028 3327 sxmnu
1048 3262 1242 3346 (saxam)
1277 3283 1308 3329 a.
1327 3265 1401 3327 aas.

776 3398 1035 3466 arumnoflvs
1057 3399 1276 3466 smvmuo
1299 3399 1469 3465 nanum.

395 3575 495 3638 Recte
518 3578 551 3638 et
572 3570 781 3657 probabiliter
802 3569 963 3653 iudicasti,
992 3570 1123 3637 fratrem
1145 3578 1288 3638 nostrum
1310 3571 1481 3638 'ratianum
1504 3569 1713 3656 spectabilem
1735 3569 1839 3636 virum
1862 3566 1938 3635 con*-

302 3676 429 3743 snlatui
452 3682 505 3740 tuo
527 3674 686 3739 interesse
709 3673 844 3752 debere3
874 3673 1033 3757 siquidem
1056 3675 1202 3759 aequitas
1225 3675 1420 3760 postulabat,
1446 3680 1481 3739 ut
1502 3675 1568 3741 voti
1590 3673 1642 3740 sui
1663 3674 1828 3758 voluptate
1850 3673 1937 3739 frue-

301 3787 405 3848 retur.
452 3778 533 3845 nulli
563 3797 714 3860 nmquam
743 3784 884 3842 nostrum
915 3777 962 3842 tui
984 3797 1092 3844 amore
1115 3778 1228 3861 cessit,
1263 3778 1341 3863 quin
1363 3778 1460 3843 immo
1482 3797 1610 3861 semper
1631 3776 1752 3862 primas
1775 3775 1837 3841 sibi
1860 3797 1938 3860 erga

300 3890 338 3949 te
368 3887 477 3968 partes
506 3879 728 3946 observantiae
757 3879 943 3946 vindicavit.
991 3880 1100 3964 itaque
1130 3887 1246 3947 testem
1276 3881 1376 3947 alium
1406 3901 1469 3946 non
1495 3880 1638 3965 requirit.
1685 3879 1747 3946 scit
1767 3879 1852 3945 enirn
1875 3879 1937 3944 sibi

217 3984 268 4033 ²⁵
299 3986 381 4072 plus
412 4004 485 4050 csse
515 3983 577 4049 loci
606 3981 694 4067 apud
723 3990 813 4048 tuum
843 3982 1001 4066 animum,
1035 4004 1131 4066 quam
1154 3989 1265 4068 posset
1285 4004 1357 4050 meu
1380 4002 1525 4049 sermone
1547 3983 1744 4068 conquirere.
1791 3982 1936 4064 relinquo

298 4088 406 4172 igitur
427 4108 500 4153 eum
523 4085 660 4151 fiduciae
682 4105 779 4165 snae,
804 4084 881 4167 quia
903 4085 984 4151 nihil
1007 4093 1113 4170 potest
1135 4106 1206 4152 csse
1228 4086 1437 4169 cumulatius,
1463 4087 1524 4152 lroc
1544 4092 1668 4152 tantum
1691 4085 1837 4151 subicere
1859 4104 1937 4149 con-

300 4199 425 4271 tentus,
452 4211 504 4255 me
526 4209 652 4273 quoquc
674 4189 733 4255 tibi
755 4188 825 4255 eius
847 4189 986 4273 nomine,
1013 4190 1041 4254 si
1063 4190 1141 4274 quid
1162 4190 1286 4274 gratiae
1308 4190 1440 4275 ceperit,
1466 4190 1685 4274 obligandum.

849 4480 1001 4547 cxxxv
1021 4482 1230 4566 (cxxxnn)
1266 4503 1296 4548 a.
1316 4485 1392 4548 aaa.

775 4617 1035 4685 summissus
1057 4619 1275 4686 nnnvmuo
1298 4620 1467 4685 aarum.

219 4788 273 4839 ³⁰
394 4792 538 4858 Facilem
568 4790 700 4856 inanem
730 4798 873 4856 nostrum
903 4790 1089 4876 Helpidium
1118 4790 1162 4857 ad
1190 4790 1452 4883 proficiscendum
1482 4793 1635 4860 traxisset
1670 4792 1829 4876 adfectio,
1871 4792 1935 4860 nisi

310 4903 464 4976 leteumc
492 4894 576 4961 unici
606 4914 684 4959 cura
713 4893 876 4959 retineret.
918 4901 1041 4960 tantum
1070 4895 1192 4980 quippe
1215 4895 1320 4961 estin
1342 4915 1380 4961 ec
1402 4896 1597 4963 sinceritatis
1620 4903 1716 4979 atque
1739 4895 1931 4979 dulcedinis,

311 5008 344 5066 nt
365 4999 414 5066 illi
436 4999 523 5065 soloe
544 4995 801 5064 necessitudines
822 4997 1055 5083 praeferantur.
1102 4998 1187 5064 bunc
1215 4997 1261 5065 ita
1289 5006 1468 5084 spectatam
1498 5000 1579 5065 mihi
1606 5007 1702 5083 atquc
1730 4999 1933 5065 coniunctum

394 5276 605 5337 tcymmasucl’
695 5273 1012 5342 blndlclnm]deloppias,
1027 5276 1148 5325 ludlclum
1161 5276 1184 5323 P
1274 5276 1404 5341 bpartcnr
1418 5277 1447 5337 P,
1461 5283 1555 5339 partem
1570 5276 1595 5325 Φ
1680 5277 1824 5325 adcurassis
1839 5277 1883 5325 Pl
1897 5293 1931 5325 m.

314 5363 342 5413 10
359 5365 440 5414 cultos
457 5363 480 5412 P
582 5359 750 5429 dissimiliter]
768 5363 874 5412 Lullrras
894 5362 1241 5424 salamantinam

397 5451 428 5500 15
446 5445 551 5517 accires]
570 5450 676 5511 lardus,
697 5450 821 5511 acciperes
839 5449 862 5496 P
964 5450 1167 5512 lnucorrspcetnm
1186 5449 1210 5496 P

394 5536 428 5587 2³
445 5534 672 5591 amerellccssltl'
773 5548 850 5598 super
869 5535 964 5583 le.
1069 5534 1104 5585 26
1122 5549 1171 5597 qua
1189 5536 1253 5584 nihil
1271 5535 1333 5584 dare
1437 5535 1469 5584 Ἡ
1489 5536 1599 5597 coeperit
1618 5534 1641 5581 P

395 5622 429 5672 29
447 5622 625 5684 symmacnsP
725 5619 759 5670 30
777 5622 876 5683 ducilem
890 5620 913 5667 P
1005 5617 1119 5687 tratrem]
1138 5620 1167 5685 Γ,
1187 5628 1284 5683 patrem
1298 5621 1321 5668 P
1413 5622 1572 5684 elpidiumP
1674 5619 1703 5669 31
1725 5620 1902 5681 ctcnmat‘th

313 5707 370 5770 tort.
390 5711 464 5759 laclia
482 5712 509 5757 ln
528 5711 629 5758 fratrem
647 5714 759 5757 nostrum
778 5708 924 5769 Hclpldium
942 5708 972 5757 ad
991 5707 1198 5769 proficiscendum
1217 5709 1338 5756 traxlssct
1356 5707 1475 5767 adiectio,
1497 5709 1550 5755 rrlsl
1568 5712 1652 5754 contra
1670 5721 1710 5754 mc
1728 5706 1798 5753 unici
1815 5719 1875 5754 curs
1892 5721 1933 5754 rc-

313 5796 403 5845 tlncrst
504 5797 615 5844 retinere
634 5795 679 5842 Pl
693 5811 726 5842 m.
832 5792 866 5842 32
884 5788 962 5858 solae]
980 5792 1105 5855 Lnlr'nlac,
1124 5795 1171 5842 soli
1189 5793 1212 5840 P

1687 5896 1729 5943 91
