4722 6470
469 495 608 561 cxxiv
1000 476 1570 551 cnaouonocmsruuicnmun.

470 740 491 785 a
520 719 606 785 fame
635 718 833 785 vindicatam
863 738 935 785 esse
964 719 1075 785 scribit
1103 719 1365 803 Ambrosiuslssl.
1404 720 1494 786 huic
1522 718 1620 803 igitur
1648 721 1786 806 tempori
1817 722 1901 789 hauc
1930 721 2113 809 epistulam

471 838 723 924 adsignaverim.
1208 814 1211 819 ¹

559 963 599 1025 58
622 981 654 1026 v.
680 959 722 1026 ad
745 980 797 1045 ep.
827 964 919 1025 1--3,

562 1083 603 1145 69
627 1080 808 1164 designatio
831 1080 1016 1165 Symmachi
1047 1079 1107 1145 filii
1128 1079 1172 1146 ad
1193 1086 1397 1163 quaesturam
1419 1080 1509 1147 brevi
1531 1087 1674 1165 tempore
1696 1080 1730 1146 in
1754 1089 1869 1148 senatu
1889 1084 2000 1151 futura
2023 1094 2108 1153 erat

476 1199 596 1286 scripta
624 1200 722 1285 igitur
752 1207 802 1266 est
829 1206 904 1267 ante
934 1222 977 1265 m.
1002 1199 1214 1267 Decembrem
1243 1221 1274 1265 6.
1301 1203 1379 1280 393,
1413 1221 1477 1285 quo
1507 1221 1638 1266 munere
1666 1201 1850 1285 quaestorio
1880 1203 2012 1271 functus
2042 1214 2107 1273 est.

473 1342 506 1388 v.
531 1343 564 1406 p.
590 1321 705 1386 LVHI.

562 1445 615 1507 60.
641 1446 679 1506 61
705 1462 737 1507 v.
762 1442 806 1508 ad
828 1462 878 1527 ep.
908 1445 1002 1507 1—3.

520 1608 522 1611 -
564 1566 691 1629 61-64
714 1563 928 1647 Symmachus
951 1563 1062 1628 consul
1085 1560 1284 1646 designatus,
1311 1562 1433 1627 ultimis
1455 1562 1533 1628 anni
1557 1565 1614 1627 391
1641 1563 1817 1629 mensibus.

564 1687 604 1747 65
627 1682 784 1748 Flaviano
815 1682 1037 1767 magistratum
1067 1683 1206 1766 aliquem
1236 1681 1376 1765 gerenti,
1410 1681 1552 1748 Licinius
1584 1664 1625 1749 ex
1647 1683 1812 1769 provincia
1833 1684 1997 1753 decedens
2019 1708 2111 1754 com-

476 1804 662 1884 mendatur3
694 1802 750 1887 qui
780 1802 929 1886 quoniam
957 1823 988 1868 a.
1015 1786 1076 1867 387
1107 1803 1172 1868 iam
1202 1800 1245 1867 ad
1273 1821 1414 1867 summos
1443 1802 1477 1866 iu
1505 1784 1582 1868 aula
1607 1804 1746 1869 honores
1768 1815 1970 1890 processerat
1997 1810 2039 1893 (v.
2064 1810 2108 1875 ad

359 1968 363 1981 ,
477 1944 530 2009 66.
556 1926 584 1989 V
608 1927 765 2007 72-77),
800 1922 882 1990 haec
907 1909 1146 1990 'administratio
1176 1923 1383 2008 provincialis
1411 1923 1532 2007 primae
1555 1923 1703 1988 Flaviani
1734 1925 1957 2009 praefecturae
1982 1950 2015 1995 a.
2043 1931 2108 1996 383

479 2043 684 2129 adsignanda
706 2044 777 2111 erit.

565 2168 606 2228 66
628 2164 804 2229 Flavianus
834 2162 1022 2230 relationem
1052 2161 1169 2228 iudicis
1197 2162 1384 2246 spectabilis
1413 2168 1603 2248 accepturus
1633 2170 1696 2244 est,
1732 2164 1911 2230 cuiusmodi
1933 2169 2110 2237 relationes

477 2283 541 2349 nisi
563 2283 605 2349 ad
627 2284 851 2370 imperatorem
873 2283 979 2368 ipsum
1002 2304 1153 2368 eumque,
1185 2283 1241 2367 qui
1263 2283 1333 2348 eius
1355 2283 1481 2349 nomine
1503 2283 1555 2349 ius
1577 2284 1750 2366 reddebat,
1777 2292 2000 2368 quaestorem,
2027 2289 2111 2356 mitti

479 2425 542 2469 uon
564 2405 720 2470 solebant.
768 2424 845 2488 ergo
867 2405 987 2490 scripta
1008 2411 1059 2470 est
1081 2425 1112 2469 a.
1139 2405 1201 2467 382
1223 2409 1280 2469 661
1302 2406 1364 2468 383
1387 2404 1528 2470 1666616.

566 2527 693 2588 ev-vs
716 2546 746 2587 v.
773 2523 816 2589 ac
838 2545 889 2610 ep.
920 2529 1012 2590 1-3.

483 2694 487 2695 f
566 2646 620 2708 74.
646 2648 686 2707 76
709 2643 886 2709 Flavianus
907 2644 1090 2729 praefectus
1112 2644 1271 2728 praetorio
1294 2665 1324 2709 a.
1351 2647 1413 2709 383
1436 2652 1492 2711 aut
1515 2646 1696 2709 389-391.

568 2766 609 2829 76
632 2784 748 2830 munus
771 2765 986 2848 quaestorium
1010 2763 1196 2850 Symmachi
1218 2762 1277 2829 filii
1301 2769 1521 2849 praeparatur.
1568 2786 1600 2830 v.
1626 2764 1669 2830 ad
1691 2787 1743 2852 ep.
1770 2768 1821 2832 46.

568 2888 607 2950 77
630 2891 703 2969 6661
724 2885 960 2972 praelusionem
982 2884 1195 2970 quaestoriam
1220 2884 1339 2969 scripta
1362 2906 1404 2949 m.
1431 2886 1599 2952 Decembri
1622 2907 1653 2952 a.
1680 2890 1754 2954 393.
1800 2909 1832 2953 v.
1858 2888 1976 2975 adep.
2004 2895 2056 2955 46.

568 3008 608 3069 78
632 3004 719 3070 ludis
747 3005 938 3089 quaestoriis
966 3005 1105 3093 peractis
1128 3006 1339 3091 Symmachus
1370 3005 1411 3071 de
1434 3005 1507 3070 aliis
1530 3006 1564 3071 iu
1586 3007 1740 3092 populum
1763 3009 1943 3074 Romanum
1966 3011 2112 3095 largitio-

482 3125 575 3190 nibus
591 3124 738 3190 Flaviani
763 3146 871 3191 curam
895 3125 1057 3203 convenit3
1084 3145 1162 3209 ergo
1184 3125 1305 3210 scripta
1326 3133 1375 3192 est
1397 3124 1509 3211 primis
1531 3148 1562 3191 a.
1581 3130 1644 3192 394
1660 3129 1835 3194 mensibus.
1872 3149 1903 3195 v.
1922 3128 2034 3216 adep.
2053 3134 2106 3197 46.

569 3248 621 3312 79.
648 3249 688 3312 80
712 3267 744 3311 v.
769 3247 813 3313 ad
835 3267 887 3333 66.
917 3250 1009 3312 1-3.

555 3360 606 3431 ι81
632 3386 766 3432 munera
788 3367 970 3450 quaestoria
992 3366 1034 3434 ad
1056 3367 1247 3433 Flavianum
1270 3368 1446 3433 mittuntur.
1494 3389 1525 3432 v.
1551 3368 1592 3433 ad
1615 3389 1666 3453 66.
1694 3374 1746 3434 16.

568 3489 609 3552 82
632 3508 662 3552 v.
689 3488 733 3554 ad
755 3507 807 3574 66.
836 3490 927 3551 1-3.

570 3610 695 3674 83-86
720 3606 1004 3674 commendaticiae
1026 3606 1208 3674 hominibus
1231 3607 1274 3672 ad
1288 3609 1490 3673 consulatum
1505 3608 1654 3674 Flaviani
1669 3612 1811 3676 evocatis
1826 3611 1986 3692 traditae;
2013 3634 2111 3698 parvo

481 3728 580 3812 igitur
600 3735 743 3814 tempore
765 3734 840 3794 ante
863 3728 1021 3794 kalendas
1045 3728 1211 3794 lanuarias
1233 3748 1265 3793 a.
1291 3729 1354 3792 394
1377 3727 1515 3815 scriptae
1537 3737 1621 3795 sunt.

569 3853 609 3915 86
633 3872 663 3917 v.
689 3850 808 3934 adep.
838 3851 931 3913 1-3.

568 3973 609 4035 87
632 3969 810 4036 Flavianus
841 3971 882 4037 de
903 3969 1036 4056 praedio
1058 3968 1265 4054 Hispaniensi
1288 3967 1485 4035 iudicaturus
1508 3977 1573 4050 est3
1607 3971 1694 4054 quod
1714 3991 1819 4054 neque
1843 3973 1877 4037 in
1900 3974 2112 4059 praefecturis

482 4090 641 4175 praetorio
663 4091 779 4157 ltaliae
808 4110 913 4175 neque
942 4090 977 4156 in
1005 4090 1072 4155 ullo
1100 4089 1182 4171 alio,
1215 4109 1310 4172 quem
1339 4089 1457 4173 gessit,
1490 4090 1680 4174 magistratu
1712 4091 1818 4158 facere
1849 4094 1951 4178 potuit
1974 4102 2111 4180 excepta

483 4213 551 4278 sola
573 4218 762 4295 quaestura3
789 4232 820 4277 a.
847 4214 910 4276 382
932 4217 987 4276 661
1008 4209 1120 4297 primis
1144 4232 1176 4275 a.
1202 4213 1264 4275 383
1287 4210 1461 4276 mensibus.

568 4335 610 4399 88
633 4333 809 4399 Flavianus
832 4333 982 4401 honorem
1006 4332 1146 4416 aliquem
1170 4352 1208 4399 eo
1229 4338 1373 4417 tempore
1394 4332 1537 4417 accepit,
1567 4353 1629 4415 quo
1652 4333 1710 4399 filii
1734 4333 1804 4400 eius
1827 4354 1904 4400 cura
1927 4333 2112 4420 Symmachi

483 4453 580 4517 etiam
603 4460 670 4518 tum
693 4452 886 4536 indigerent.
926 4453 980 4536 qui
998 4473 1069 4518 cum
1086 4455 1148 4518 383
1172 4453 1237 4518 iam
1259 4472 1362 4518 annos
1385 4452 1526 4537 pueriles
1549 4454 1672 4536 egressi
1695 4462 1813 4535 666661,
1840 4455 1940 4520 honor
1955 4455 2011 4521 ille
2027 4462 2112 4521 certe

482 4592 587 4655 neque
617 4574 803 4639 consulatus
832 4592 936 4658 neque
966 4558 1070 4638 altera
1092 4573 1241 4638 Flaviani
1264 4573 1465 4658 praefectura
1487 4579 1556 4639 erat
1578 4593 1682 4657 neque
1706 4575 1806 4660 prior,
1840 4595 1937 4658 quam
1961 4594 2032 4640 curn
2056 4596 2112 4641 ac-

481 4694 577 4779 cepit,
605 4693 690 4759 filius
711 4695 794 4760 alter
815 4716 879 4761 non
893 4696 1014 4760 Romae
1037 4715 1109 4760 cum
1126 4693 1320 4779 Symmacho
1344 4693 1403 4759 scd
1424 4714 1496 4759 eum
1519 4695 1589 4780 ipso
1612 4701 1703 4781 patre
1725 4696 1759 4761 in
1778 4694 1893 4761 castris
1909 4697 2108 4780 versabatur,

483 4814 543 4881 sed
565 4820 621 4879 aut
642 4814 816 4881 vicariatus
838 4836 870 4881 a.
896 4816 958 4880 377
981 4820 1038 4880 661
1059 4821 1234 4897 quaestura
1255 4836 1287 4880 a.
1313 4817 1387 4880 382.

570 5109 629 5172 fill)
649 5112 688 5159 De
706 5112 769 5161 61116.
791 5112 900 5160 ministr.
922 5112 959 5159 lll
979 5110 1003 5173 7,
1024 5111 1057 5161 ss
1077 5115 1169 5173 qunato
1188 5113 1229 5159 1116
1246 5114 1350 5172 6661166,
1378 5113 1495 5173 6616661
1514 5114 1564 5159 ium
1581 5116 1695 5173 66666616
1711 5114 1865 5173 6666661661
1883 5116 1962 5162 661616
1980 5120 2002 5162 61
2018 5116 2113 5177 saman

482 5200 698 5248 1616666616161166
716 5204 800 5261 61666,
818 5204 847 5247 61
865 5202 891 5245 16
909 5198 999 5246 1611166
1016 5199 1084 5260 66161,
1102 5203 1211 5260 peterent
1228 5200 1318 5260 66166,
1339 5200 1507 5259 6166666161
1526 5198 1795 5259 66166661116666166,
1812 5198 2113 5259 6666166166666616666

480 5300 567 5333 mom
585 5287 669 5334 6616616
685 5287 804 5334 maiorem
821 5289 944 5334 sustineas
962 5288 1106 5334 6666666611
1123 5286 1254 5335 1666611166
1273 5290 1295 5333 61
1313 5286 1484 5346 166661616666
1501 5287 1576 5345 uiros,
1594 5289 1713 5347 poposcit,
1733 5288 1760 5332 61
1779 5288 1805 5333 16
1822 5285 1933 5335 mediam
1948 5288 2111 5347 6666616661,

482 5370 574 5430 diceas,
595 5375 646 5419 tom
664 5372 763 5421 famaue
781 5374 989 5433 6666666661666
1006 5374 1059 5433 6161,
1082 5384 1157 5433 qvam
1175 5372 1296 5420 bominem
1314 5371 1345 5419 61
1363 5371 1542 5434 1661666661,
1564 5373 1607 5433 661
1624 5371 1706 5420 eiham
1723 5374 1838 5421 66616611
1856 5377 1965 5432 6666661.
1984 5400 2020 5410 -
2039 5373 2114 5422 ‘sab-

481 5457 545 5506 61616
564 5470 687 5518 6666666,
708 5471 770 5520 6666
788 5457 824 5505 116
842 5457 996 5519 1666116666
1014 5462 1081 5518 sual,
1102 5459 1233 5506 6611611666
1250 5457 1409 5520 redimamus,
1430 5472 1571 5518 reparemus
1589 5458 1735 5507 66661’-
1753 5459 1812 5521 66161
1828 5459 1923 5519 plura?
1944 5460 2034 5507 6611616
2051 5473 2114 5508 auro

481 5549 565 5593 coactu
589 5544 715 5604 sarmenta
737 5551 801 5596 6661.
841 5547 874 5593 ito
891 5559 936 5594 666
954 5543 1134 5593 abundantium
1151 5544 1219 5593 66116
1236 5547 1327 5593 minuit
1345 5550 1367 5592 61
1383 5547 1520 5606 peregrinis
1538 5546 1684 5593 alimentum
1702 5545 1908 5594 66161616166611.
1946 5545 2114 5607 6666166166

480 5632 699 5683 commendationis
720 5632 788 5693 6666
811 5633 885 5681 dcam
908 5632 960 5691 fult
983 5634 1136 5680 sanctissino
1160 5634 1228 5691 6661,
1255 5638 1362 5694 6666166
1379 5632 1448 5692 opud
1466 5632 1572 5680 16661666
1589 5633 1699 5692 61661661
1727 5632 1764 5680 116
1784 5630 1893 5693 1166666
1911 5645 1966 5680 uere
1982 5631 2110 5696 66616166,

482 5723 524 5782 qut
548 5734 602 5769 om
624 5707 705 5780 661611
729 5722 869 5779 imperatori
892 5720 970 5769 (116666
994 5719 1165 5767 demonstraus
1187 5720 1330 5779 6666166166
1348 5721 1421 5768 totius
1438 5720 1555 5780 populos:
1585 5719 1642 5769 ‘bos
1660 5719 1703 5767 1111
1720 5732 1803 5767 omues
1820 5721 1955 5779 mewcoi,
1984 5717 2114 5768 liciebat

483 5806 781 5869 166666161616666166,
802 5805 844 5854 bos
862 5811 906 5855 166
924 5807 993 5855 curio
1011 5807 1084 5855 morti
1102 5804 1230 5855 6116161111ι
1265 5806 1296 5855 de
1314 5811 1426 5869 temporo
1443 5805 1520 5854 huius
1538 5806 1611 5854 famis
1630 5821 1654 5857 v.
1675 5805 1706 5855 ad
1726 5818 1767 5868 66.
1787 5805 1800 5852 1
1819 5803 1861 5855 lo.
