4744 6476
480 501 543 562 300
1068 499 1262 553 SYMMACHI
1282 498 1518 553 Runuuleuss

364 691 462 752 ΤΜΓ
482 688 576 753 batur
597 697 717 754 temere
739 687 910 768 credenda,
937 695 971 753 ut
993 688 1159 773 inpensius
1181 690 1403 771 requireretur,
1430 690 1592 754 admonui.
1639 690 1694 754 diu
1717 709 1874 773 nusquam
1890 690 2034 774 gentium
2050 691 2106 756 de-

481 791 676 876 prehensus,
711 791 764 855 ubi
796 792 979 857 comitatum
1009 811 1137 858 sacrum
1165 792 1307 857 numinis
1328 793 1427 858 vestri
1448 793 1538 857 adire
1559 793 1666 857 iussus
1689 799 1754 871 est,
1786 793 1937 858 evolavit.
1984 795 2106 859 interea

481 895 637 980 Cyriades
660 915 691 958 v.
717 916 745 960 e.
771 915 878 960 comcs
901 904 933 960 ct
956 895 1180 973 mechanicus,
1214 917 1285 960 cnm
1316 904 1467 961 statutum
1499 917 1603 961 meum
1629 896 1774 961 discessu
1797 896 1867 961 eius
1890 895 2014 961 videret
2037 897 2105 961 elu-

481 1020 562 1080 sum,
589 998 723 1062 multum
746 998 873 1079 anxins,
900 1018 939 1063 ne
961 997 1039 1081 quid
1060 999 1095 1062 in
1116 999 1283 1064 absentem
1306 998 1512 1064 adversarius
1535 1000 1694 1082 moliatur,
1721 1006 1756 1063 ut
1777 999 1958 1064 aeternitati
1981 1006 2105 1064 vestrae

439 1108 514 1167 let
536 1101 723 1166 relationem
747 1124 776 1165 v.
804 1122 831 1166 c.
859 1101 1094 1187 predecessoris
1116 1102 1179 1166 mci
1202 1109 1235 1167 et
1256 1123 1339 1167 nunc
1369 1110 1442 1167 acta
1473 1122 1697 1185 suggererem,
1731 1100 1927 1187 depoposcit.
1975 1102 2026 1167 cui
2049 1124 2138 1167 aus

481 1205 634 1272 dientiam
657 1225 777 1288 negare
799 1225 862 1270 neu
886 1205 990 1290 potui,
1018 1205 1131 1271 eadem
1154 1207 1208 1270 via
1230 1213 1400 1291 praecepte
1423 1206 1562 1271 numinis
1585 1206 1683 1270 vestri
1705 1205 1838 1289 cupiens
1861 1205 2003 1284 edoceri,
2031 1205 2106 1289 quid

480 1310 565 1374 facto
594 1329 672 1373 usus
703 1307 746 1373 sit
776 1308 816 1374 de
838 1308 1063 1374 aestimatione
1086 1316 1286 1392 sumptuum,
1319 1330 1399 1393 ques
1422 1310 1586 1392 utriusque
1607 1308 1781 1392 insumpsit
1802 1309 1974 1393 expensie;
2008 1309 2106 1391 siqni-

481 1412 555 1478 dem
586 1432 692 1477 meum
716 1419 839 1496 spectat
862 1411 1001 1476 efficium
1025 1413 1174 1476 lacunam
1198 1413 1355 1496 pecuniae
1379 1413 1526 1497 publicae
1548 1433 1611 1477 nen
1633 1420 1751 1478 tacere.
1798 1412 1893 1478 fidem
1917 1413 2033 1478 litteris
2055 1433 2106 1478 so-
2151 1456 2160 1466 ·

481 1516 565 1581 ciata
595 1522 690 1598 gesta
717 1515 938 1600 praestabunt.
985 1535 1068 1597 quae
1098 1517 1153 1581 ubi
1182 1516 1223 1580 ad
1246 1536 1356 1581 sacras
1378 1536 1473 1581 aures
1495 1516 1706 1600 perennitatis
1728 1523 1855 1582 vestrae
1877 1515 2012 1581 recitata
2034 1537 2106 1600 per·

480 1619 642 1700 venerint,
670 1638 724 1683 ere
745 1624 842 1701 atque
865 1618 1013 1700 ebsecro,
1045 1625 1079 1683 ut
1099 1619 1255 1685 incertum
1278 1620 1377 1684 animi
1399 1620 1462 1685 mci
1486 1620 1649 1703 responsis
1670 1619 1895 1703 imperialibus
1917 1619 2102 1684 instruatur.
2125 1639 2154 1678 re

885 1981 994 2046 XXVI
1019 1981 1231 2063 (XXXVIIII.
1250 1982 1432 2064 XXXXVIJ
1466 2004 1497 2048 a.
1518 1983 1700 2047 384-385.

569 2157 698 2222 Certum
728 2162 778 2220 est
805 2153 951 2237 quidem,
984 2154 1187 2220 clementiam
1216 2162 1354 2220 vestram
1385 2154 1461 2220 iidci
1490 2173 1597 2219 amere
1620 2161 1652 2219 et
1674 2153 1781 2219 studio
1803 2153 1950 2220 veritatis
1972 2154 2006 2219 in
2029 2175 2106 2219 exa-

482 2281 554 2326 men
585 2258 755 2325 adsiduum
787 2277 885 2342 saepe
915 2257 1081 2342 explorata
1104 2278 1268 2335 revocare,
1304 2257 1382 2322 ddd.
1407 2258 1545 2342 imppp,
1580 2257 1638 2322 sed
1666 2278 1738 2322 curn
1761 2257 1943 2323 Auxentius
1966 2279 1997 2321 v.
2023 2277 2051 2322 c.
2076 2264 2108 2322 et

482 2364 640 2447 Cyriades
670 2382 775 2428 cemes
803 2381 842 2427 ac
870 2360 1076 2426 mechanicus
1105 2360 1219 2444 parilis
1249 2360 1416 2444 dignitatis
1445 2360 1585 2443 quadam
1615 2360 1699 2425 inter
1726 2380 1761 2425 se
1783 2360 2018 2426 concertatione
2040 2360 2107 2425 dis-

439 2469 458 2528 2
482 2469 634 2546 sentiunt,
661 2465 805 2531 nonnihil
827 2464 1044 2549 superioribus
1066 2463 1227 2529 iudicibus
1250 2463 1434 2544 derogatur.
1472 2464 1536 2528 iarn
1561 2464 1681 2529 dudum
1704 2463 1790 2530 enirn
1812 2485 1843 2528 v.
1863 2485 1890 2529 c.
1910 2472 1943 2529 et
1964 2463 2108 2529 inlustris
2128 2484 2156 2523 rs

481 2571 667 2637 Auchenius
689 2570 810 2634 Bassus
840 2567 914 2634 nori
941 2569 1048 2651 pontis
1078 2587 1174 2651 opere
1205 2574 1373 2651 perspecte
1402 2567 1461 2632 sub
1490 2574 1633 2632 aeterum
1656 2567 1853 2632 coniectione
1876 2567 2018 2650 signavit
2040 2568 2108 2632 cul-

482 2697 556 2760 pam
579 2675 632 2739 vcl
655 2671 858 2756 diligentiam
881 2670 1097 2753 singulorum3
1132 2670 1238 2735 denuo
1264 2689 1429 2734 successor
1450 2670 1520 2736 eius
1543 2670 1656 2735 eadem
1680 2670 1752 2735 leca
1774 2669 1907 2735 rimatus
1929 2669 2103 2745 adseritur;

483 2778 599 2844 dehine
628 2797 699 2840 eum
730 2773 819 2858 apud
847 2793 899 2839 me
927 2794 968 2838 ex
996 2773 1169 2858 rescripto,
1202 2771 1287 2854 qued
1310 2772 1466 2856 Cyriades
1488 2794 1519 2837 v.
1545 2793 1572 2838 c.
1599 2773 1798 2858 impetravit,
1832 2772 1975 2839 recidiva
1996 2771 2107 2855 cogni-

482 2882 568 2949 tione
590 2878 800 2963 confligerent
822 2883 920 2960 etque
941 2877 1022 2961 ipsis
1046 2875 1265 2942 insistentibus
1288 2875 1497 2959 censuissem,
1523 2884 1558 2942 ut
1579 2877 1743 2958 utriusque
1764 2884 1830 2942 tam
1851 2884 1998 2961 sumptus
2012 2896 2106 2958 quam

481 2984 737 3051 aedificationem
760 2979 966 3062 investigatio
987 2978 1197 3044 discussionis
1219 2977 1404 3060 inquireret,
1429 2999 1461 3043 v.
1488 2999 1515 3044 c.
1541 2979 1720 3055 Auxentius
1743 2988 1874 3064 repente
1895 2979 2037 3044 descruit
2058 2979 2107 3042 iu·
2125 2998 2156 3039 ro

440 3089 634 3155 3dicatnm.
682 3085 723 3150 de
747 3083 838 3149 euius
861 3083 946 3148 facte
969 3083 1126 3148 missurus
1149 3082 1353 3163 relationem,
1387 3102 1483 3164 quam
1509 3081 1691 3148 sollicitudo
1713 3083 1888 3149 intermissi
1910 3081 2018 3167 operis
2039 3082 2106 3147 exi-

481 3193 593 3277 gebat,
621 3190 689 3256 alia
710 3187 849 3253 numinis
871 3185 969 3252 vestri
993 3186 1122 3252 decreta
1143 3203 1253 3250 rursus
1275 3184 1403 3270 accepi,
1428 3185 1545 3269 quibus
1568 3185 1708 3251 examini
1732 3207 1804 3252 meo
1827 3208 1859 3252 v.
1886 3207 1912 3251 e.
1939 3195 1972 3252 et
1993 3185 2107 3250 lauda-

481 3296 580 3361 bilem
608 3292 763 3358 ricarium
793 3290 986 3375 copulastis,
1024 3296 1058 3355 ut
1088 3296 1221 3372 utroque
1250 3288 1413 3354 residente
1443 3295 1597 3355 accusata
1623 3289 1730 3373 pontis
1758 3289 1839 3354 vitia
1867 3297 2103 3372 quaererentur.

482 3418 543 3464 nee
570 3395 757 3479 obsequium
788 3393 891 3459 defuit
919 3393 1095 3478 imperatis.
1142 3392 1251 3474 itaque
1273 3391 1418 3457 adhibite
1441 3413 1471 3455 v.
1498 3412 1526 3457 c.
1551 3391 1677 3458 tribuno
1700 3399 1733 3458 et
1754 3393 1877 3458 notarie
1899 3392 2103 3476 Aphrodisio,

483 3501 534 3568 eui
562 3507 635 3585 pest
664 3497 858 3563 Auxentium
887 3518 917 3560 v.
947 3516 975 3562 c.
1008 3516 1162 3561 nevarum
1192 3495 1390 3560 molitionum
1421 3515 1497 3560 eura
1525 3495 1636 3578 legata
1665 3502 1731 3573 est,
1770 3478 1881 3562 habita
1917 3503 1968 3561 est
1997 3496 2038 3561 de
2069 3495 2106 3559 ris
2125 3515 2156 3555 rs

441 3603 644 3688 lqnaestie,
679 3601 734 3683 qui
756 3600 862 3686 pontis
884 3599 1029 3666 eiusdem
1052 3598 1262 3664 fundamenta
1288 3605 1479 3682 pesuerunt,
1513 3606 1610 3681 atque
1632 3598 1678 3663 ita
1700 3599 1856 3681 constitit,
1888 3606 2012 3682 partem
2035 3599 2107 3664 bre-

482 3727 555 3773 vem
585 3713 681 3788 atque
712 3704 883 3771 discretam
913 3704 972 3769 sub
1003 3703 1134 3768 exordio
1163 3702 1280 3767 hiemis
1309 3702 1492 3768 inchoatam
1520 3702 1552 3801 si
1575 3700 1716 3767 fluminis
1738 3702 1911 3786 corruisse,
1945 3702 2036 3768 cuius
2058 3702 2141 3775 iu-‚

482 3809 635 3895 pendium
670 3807 784 3892 viginti
818 3806 992 3873 solidorum
1027 3806 1211 3872 definitione
1240 3806 1380 3872 artifices
1409 3805 1629 3871 aestimarunt.
1677 3805 1735 3871 sed
1762 3825 1857 3871 casus
1885 3805 1987 3891 partis
2015 3804 2107 3870 istius

483 3920 593 3999 utpote
622 3912 730 3977 adhuc
758 3932 779 3975 a
806 3918 911 3976 cetere
941 3931 1073 3995 eerpere
1103 3917 1295 3993 segregatae
1322 3909 1403 3974 nihil
1425 3908 1552 3974 videtur
1572 3908 1708 3975 iniuriae
1731 3909 1810 3974 lecis
1833 3908 2028 3974 distantibus
2049 3909 2108 3973 ad-

441 4016 611 4093 5tnlisse;
647 4019 745 4097 ipsam
776 4013 864 4079 facili
893 4013 1116 4078 aedificatione
1146 4013 1359 4096 reparandam
1388 4011 1545 4096 Cyriades
1573 4033 1604 4076 v.
1639 4032 1667 4077 e.
1700 4012 1879 4097 pollicetur.
1925 4019 2000 4096 post
2029 4012 2107 4077 haec
2126 4034 2157 4073 eo

483 4119 616 4185 alterius
639 4118 700 4183 leci
722 4118 899 4203 exploratio
922 4117 1061 4182 hiulcam
1085 4136 1262 4200 conpagcm
1287 4115 1430 4200 lapidum
1454 4115 1676 4200 deprehendit,
1702 4136 1798 4198 quarn
1822 4114 1980 4199 Cyriades
2003 4134 2107 4179 cemes

484 4230 516 4287 et
545 4221 749 4286 mechanicus
779 4221 912 4286 consilio
942 4240 1000 4285 suo
1030 4228 1062 4286 et
1091 4220 1214 4285 ratione
1236 4219 1315 4285 artis
1338 4219 1385 4285 ita
1406 4218 1543 4304 positam
1565 4220 1775 4302 suggerebat,
1810 4227 1844 4284 ut
1864 4218 1973 4284 infuse
1996 4224 2108 4304 postea

482 4327 689 4410 inpensarum
718 4324 842 4407 liquere
872 4324 995 4390 hiantia
1025 4324 1266 4406 stringerentur.
1314 4323 1399 4405 qued
1422 4343 1494 4388 cum
1517 4322 1624 4388 facere
1647 4322 1814 4388 debuisset
1835 4322 2037 4388 succedentis
2059 4322 2109 4386 in-

484 4428 624 4510 dustria,
658 4427 841 4493 adfectasse
870 4427 977 4513 potius
1006 4426 1139 4508 dieitur,
1174 4434 1207 4491 ut
1235 4425 1269 4490 in
1298 4426 1437 4493 auctoris
1467 4425 1621 4491 invidiam
1652 4427 1763 4510 patula
1793 4445 1940 4510 quaeque
1966 4425 2054 4492 faeni
2076 4432 2108 4491 et

484 4532 584 4617 sparti
606 4530 780 4616 manipulis
802 4530 1039 4597 clauderentur.
1081 4529 1166 4613 qued
1190 4550 1260 4595 cum
1283 4529 1463 4596 adstrueret
1484 4529 1672 4595 recitatione
1695 4536 1868 4611 gestorum,
1895 4527 2015 4595 facturn
2036 4529 2106 4613 qui-
2125 4552 2156 4591 us

483 4634 556 4700 dem
588 4634 735 4737 Qndl
761 4634 880 4700 artifex
902 4655 966 4698 nen
987 4633 1135 4716 negavit,
1169 4633 1228 4700 sed
1251 4654 1292 4698 ex
1314 4653 1374 4697 usu
1398 4632 1524 4717 operis,
1557 4653 1620 4697 nen
1643 4632 1678 4696 iu
1699 4631 2023 4698 dehonestamentum
2045 4633 2109 4717 Cy-

483 4828 876 4837 ——-——-·---›-——-—-

569 4949 585 4997 3
603 4949 707 4997 ciriades
726 4946 755 4994 M
857 4947 873 4995 5
891 4946 1087 5009 praedecessoris
1106 4944 1132 4992 Γ
1242 4944 1258 4993 6
1276 4942 1349 5011 quid]
1368 4943 1397 5008 Γ,
1418 4946 1453 5008 cs.
1472 4961 1497 5006 p.
1519 4945 1544 5001 2,
1565 4944 1608 5004 27,
1628 4946 1673 5006 qui
1693 4944 1741 4991 ΤΜ
1852 4945 1865 4992 7
1886 4959 1947 4993 usus
1965 4947 1999 4993 stt
2017 4960 2067 4995 om.
2083 4945 2111 4992 M

483 5032 627 5101 deportet]
645 5034 676 5095 Γ,
696 5039 814 5096 expectat
834 5032 882 5080 ΤΜ
983 5029 1109 5099 laeenam]
1127 5034 1246 5080 iacturam
1266 5030 1292 5079 Γ
1393 5031 1425 5081 re
1443 5037 1472 5080 ut
1490 5047 1538 5081 ern.
1560 5031 1589 5078 M

571 5121 598 5170 11
621 5121 678 5169 DD.
700 5121 839 5170 Theodosio
856 5126 883 5168 et
900 5120 1024 5168 Archadio
1041 5133 1140 5180 semper
1158 5121 1240 5179 sugg.
1262 5119 1401 5177 symmach.
1422 5134 1448 5167 u.
1467 5133 1489 5167 c.
1510 5120 1588 5181 praei.
1609 5120 1662 5167 urb.
1683 5117 1711 5167 Γ
1864 5117 1894 5167 13
1913 5114 1969 5169 dds
1987 5118 2053 5183 lmffi
2072 5118 2105 5180 Μ,

482 5210 538 5257 DD.
560 5210 725 5269 Imperatores
744 5206 774 5270 Γ,
795 5207 829 5267 cs.
849 5222 875 5267 p.
896 5205 991 5268 279,'l
1107 5205 1138 5255 14
1156 5205 1261 5253 cirisdes
1280 5203 1310 5251 Μ
1410 5201 1450 5272 ec]
1468 5211 1494 5253 et
1513 5204 1541 5251 Μ
1642 5205 1824 5254 conturbatione
1844 5204 1871 5251 M
1985 5204 2016 5254 16
2034 5206 2108 5253 ache-

482 5296 541 5343 ulus
561 5292 596 5356 M,
618 5294 768 5342 Anthemius
786 5291 814 5341 Γ
944 5294 1004 5341 noel
1023 5298 1110 5353 petens
1130 5290 1165 5352 M,
1186 5292 1270 5354 pontis
1288 5293 1348 5340 ueul
1368 5290 1394 5338 Γ
1522 5291 1581 5351 sert.
1604 5292 1718 5352 inspecte
1856 5291 2039 5340 conlectionem
2061 5291 2110 5337 i'M

485 5381 513 5429 li
535 5382 712 5441 rregligeutirrn
732 5379 758 5428 Γ
887 5378 916 5428 18
935 5380 1040 5427 clriades
1060 5378 1087 5425 M
1215 5372 1354 5441 recidiqiua
1375 5378 1404 5437 Τ,
1424 5378 1526 5427 recidua
1546 5376 1574 5423 M
1706 5377 1738 5425 re
1757 5380 1900 5437 refugerent
1919 5376 1944 5424 Γ
2069 5380 2109 5425 iu-

482 5464 644 5532 sistentibus]
662 5482 714 5527 epe,
735 5467 932 5516 consistentibus
953 5463 1027 5513 ΤΜΓ
1168 5464 1201 5513 20
1220 5472 1323 5527 repente
1341 5460 1465 5530 deseruit]
1484 5462 1512 5525 Γ,
1533 5464 1658 5525 rependas
1676 5466 1756 5513 seruit
1776 5463 1811 5526 M,
1833 5464 1968 5527 repetendo
1987 5466 2069 5513 seruit
2090 5465 2110 5510 Τ

482 5550 675 5620 reimponere]
694 5553 723 5615 Γ,
743 5554 885 5615 impetratis
905 5552 940 5613 M,
960 5553 1114 5612 impetrastis
1134 5552 1156 5599 Τ
1277 5547 1437 5617 Αριιιοιιίιίο]
1456 5550 1487 5612 Γ,
1508 5551 1621 5599 uiridisie
1642 5550 1694 5598 TM
1816 5549 1849 5599 25
1868 5551 1981 5599 habitata
1997 5564 2059 5600 cerr.
2081 5564 2110 5598 ea

483 5642 587 5691 habitati
608 5642 629 5689 T
766 5641 807 5688 his
828 5639 904 5688 ΤΜΓ
1049 5638 1082 5687 30
1100 5634 1192 5704 ipsam]
1212 5637 1356 5700 Mommsen,
1377 5652 1451 5699 quam
1473 5635 1550 5685 ΤΜΓ
1694 5638 1804 5686 felici-T
1942 5638 2109 5698 reparandum

482 5727 587 5776 clriades
606 5727 634 5774 M
744 5729 784 5775 uir
801 5727 937 5775 consularis
956 5724 982 5773 Γ
1100 5724 1130 5773 31
1151 5726 1256 5773 cirisdes
1275 5724 1305 5771 M
1417 5724 1450 5774 31
1468 5724 1615 5772 moeniehus
1633 5725 1704 5772 rrisus
1724 5722 1752 5770 M
1866 5723 2068 5772 serueueram
2088 5722 2114 5772 F

483 5811 861 5878 erpeturaqmequsom.1
967 5811 999 5859 ³5
1018 5826 1090 5872 sparo
1109 5810 1136 5857 M
1239 5810 1272 5859 36
1291 5807 1420 5877 urinandi]
1439 5810 1470 5872 Γ,
1491 5811 1635 5858 murteaudi
1655 5811 1681 5870 Τ,
1702 5825 1750 5858 em.
1773 5810 1800 5857 M
