4686 6472
778 451 827 505 DE
846 448 1043 505 SYMMACHI
1062 446 1266 503 EPISTVLIS.
1681 445 1841 511 XXXVII

292 682 334 748 Et
361 679 445 747 inter
473 698 510 745 se
533 676 662 761 quidem
687 675 710 740 Γ
732 683 765 742 et
787 677 816 740 Φ
838 674 954 741 artiore
976 672 1105 739 uinculo
1126 672 1298 738 cohaerere
1320 669 1486 753 videntur,
1521 691 1617 753 quarn
1641 690 1713 736 cum
1736 670 1836 751 Vlll',

214 801 296 885 quod
318 800 455 868 efficitur
476 820 519 864 ex
541 797 718 883 scripturis,
744 815 828 879 quae
851 800 1043 879 sequuntur:

348 940 372 1003 3,
395 939 426 989 13
450 934 611 990 admiranda
629 933 682 987 tuis
700 932 726 988 V
1194 928 1335 982 tristitiam
1352 933 1399 982 trra
1416 930 1548 983 mirandis
1567 927 1611 983 ΓΦ
1708 992 1713 999 μ
1738 947 1743 955 ’

331 1027 375 1085 17,
394 1025 427 1074 22
447 1021 618 1092 praenotatis
635 1019 658 1073 P
1191 1014 1362 1087 praenotatio
1380 1014 1439 1080 vr,
1459 1014 1560 1070 autulio
1578 1012 1622 1070 ΓΦ

315 1113 375 1174 117,
413 1112 428 1160 7
453 1107 584 1162 nomisma
602 1106 661 1169 PV,
683 1104 843 1160 nummisma
861 1103 887 1157 M
1194 1119 1290 1155 norrea
1309 1098 1353 1155 ΓΦ

294 1232 412 1297 Fateor
434 1228 516 1294 haec
537 1247 641 1314 pauca
662 1246 735 1292 esse
757 1246 861 1310 neque
883 1244 939 1307 ea,
969 1224 1085 1306 quibus
1107 1222 1241 1290 firmiter
1261 1223 1409 1305 insistas,
1437 1221 1496 1288 sed
1518 1240 1589 1287 curn
1612 1221 1646 1286 in
1668 1241 1770 1306 parva
1790 1229 1843 1288 at·
1895 1316 1903 1331 ⁸

212 1372 270 1437 que
297 1351 423 1417 incerta
449 1349 579 1431 notitia,
612 1368 696 1432 quae
725 1347 766 1412 de
789 1345 818 1409 ‹1›
840 1343 918 1411 etl
947 1343 1101 1429 suppetit,
1136 1343 1273 1409 certiora
1293 1342 1402 1409 afferri
1423 1349 1603 1427 nequeant,
1636 1342 1687 1407 hie
1709 1343 1840 1427 aequie-

212 1470 360 1539 soendum
383 1476 445 1539 est.
492 1475 629 1536 stemma
650 1468 748 1551 igitur
770 1466 913 1532 codicum
937 1464 1097 1547 integrum
1121 1463 1182 1530 hoc
1204 1464 1282 1531 erit:

1091 1617 1275 1690 Archetypus

1196 1700 1533 2061 “i

562 1813 708 1831 -ι-ι
715 1798 1171 1832 -ᾱὶ--ι-Ἀ

552 1844 557 1970 l
657 1846 756 1963 ph.
1010 1840 1034 1958 l

417 1974 691 2069 ³5⁶⁵]
882 1971 1148 2181 ῙΓῙΣ-,Ι

1247 2223 1283 2277 ΕΒ

294 2367 387 2445 Quae
421 2363 646 2449 Scioppianam
680 2369 876 2448 exceperunt
906 2360 1065 2427 editiones
1099 2362 1264 2427 Pareanae
1297 2368 1446 2445 quattuor
1487 2361 1636 2448 (Neapoli
1670 2362 1843 2429 Nemetum

218 2491 311 2564 1617;
352 2488 452 2565 16283
490 2482 691 2549 llr'aneolnrti
723 2484 822 2558 1642;
857 2484 949 2563 1651)
984 2481 1283 2567 Wingendorpiana
1318 2481 1480 2566 (Lugduni
1514 2483 1706 2549 Batavorum
1745 2484 1838 2567 1653)

212 2607 375 2692 lligniana
411 2604 625 2690 (Patrologiae
655 2601 789 2668 Latinae
819 2619 932 2667 cursus
961 2601 1139 2686 completus
1162 2601 1281 2686 XVIII)
1320 2601 1537 2668 emendationi
1570 2602 1662 2667 nulla
1695 2602 1843 2669 subsidia

213 2726 414 2809 addiderunt,
439 2725 485 2791 ita
507 2730 542 2790 ut
562 2724 656 2809 plura
677 2722 719 2788 de
741 2722 790 2789 eis
813 2721 899 2805 loqui
922 2720 1126 2807 supersidere
1151 2721 1284 2806 possim.

294 3086 451 3174 Epistulis
473 3067 657 3171 quatuorl
684 3090 739 3164 ¹43
774 3087 833 3163 253
868 3087 924 3161 3l;
959 3086 1001 3148 32
1031 3082 1115 3148 inter
1136 3082 1270 3147 Ausonii
1291 3103 1420 3167 quoque
1442 3103 1541 3169 opera
1565 3084 1663 3151 editis
1686 3085 1729 3150 ad
1751 3084 1846 3151 indo-

214 3211 272 3275 lem
294 3207 417 3275 codicis
439 3205 607 3293 archetypi
629 3204 884 3290 cognoscendam
908 3204 1093 3271 adiumento
1115 3203 1233 3268 utimur
1255 3202 1325 3269 eius
1349 3203 1458 3286 simili,
1485 3204 1570 3288 quod
1592 3204 1685 3271 nobis
1710 3205 1743 3270 in
1758 3206 1845 3271 rela-

215 3330 352 3395 tionibus
375 3328 534 3414 pracstitit
554 3326 668 3392 tertiae
690 3324 835 3391 recensio
857 3324 1081 3390 Ambrosiana.
1130 3344 1204 3389 nam
1224 3323 1285 3390 etsi
1301 3342 1477 3406 sumamus,
1502 3324 1578 3391 illas
1591 3345 1656 3391 non
1671 3346 1712 3392 ex
1727 3333 1844 3411 poetae

216 3450 354 3531 scriniis,
386 3449 445 3515 sed
473 3468 514 3514 ex
542 3446 729 3513 collectione
759 3444 968 3529 epistularum
997 3465 1018 3510 a
1047 3444 1086 3524 Q.
1112 3444 1213 3510 Fabio
1235 3444 1385 3510 Memmio
1411 3446 1605 3530 Symmacho
1632 3446 1779 3513 instituta
1808 3447 1841 3512 in

215 3570 465 3637 Ausonianorum
499 3588 630 3654 operum
660 3585 775 3652 corpus
805 3572 952 3650 receptas
981 3584 1072 3649 esso,
1108 3564 1194 3648 quod
1225 3565 1314 3630 nullo
1344 3566 1442 3649 plane
1472 3565 1681 3633 fundamento
1711 3567 1840 3651 nitatur,

216 3691 473 3778 propagationem
504 3695 612 3755 tamen
642 3693 809 3754 contextus
837 3686 903 3752 iarn
932 3686 1009 3752 inde
1036 3707 1057 3750 a
1086 3686 1215 3752 saeculo
1245 3685 1355 3768 quinto
1386 3685 1546 3772 duplicem
1570 3686 1688 3769 fuisse,
1723 3694 1844 3753 eertum

216 3818 270 3877 est.
315 3811 426 3894 itaque
449 3809 667 3876 recensionem
690 3812 858 3892 utramque
880 3805 995 3873 eadem
1017 3805 1141 3872 ratione
1163 3806 1431 3892 comparabimus,
1457 3828 1522 3891 qua
1542 3807 1577 3872 in
1598 3807 1755 3873 relatione
1777 3815 1843 3873 ter-

217 3930 259 3996 tia
280 3931 330 3997 usi
355 3948 477 3996 snmus.

296 4068 382 4149 loci,
409 4066 526 4150 quibus
548 4065 646 4132 editio
669 4065 802 4131 Ausonii
826 4070 937 4130 contra
958 4062 1242 4151 Symmachianum
1264 4084 1375 4130 verum
1398 4065 1616 4131 conservavit:

334 4209 375 4271 10,
413 4210 429 4257 4
452 4208 614 4258 anmaoteros
631 4203 657 4259 A
1197 4220 1304 4257 amusos
1322 4204 1341 4259 8

452 4290 574 4344 teutmaro
591 4288 618 4344 A
1197 4287 1346 4343 astudam
1364 4287 1383 4344 8

398 4378 428 4428 13
453 4393 534 4445 quam
550 4374 578 4431 A
1196 4391 1264 4443 quoe
1283 4372 1302 4429 S

452 4460 534 4514 uaria
551 4466 609 4514 tam
626 4459 652 4514 A
1195 4458 1306 4511 oramate
1324 4460 1343 4517 S

395 4550 428 4600 20
453 4547 552 4618 (efferri
568 4565 683 4619 sperque
701 4544 728 4601 A
1195 4545 1304 4616 offensui
1319 4562 1419 4616 parcas
1437 4546 1457 4602 S

337 4636 376 4700 14,
397 4636 430 4685 28
454 4633 625 4688 οωίετίηιαῠον
642 4630 669 4687 A
1196 4630 1337 4684 estimabor
1354 4631 1373 4686 S

336 4723 376 4785 16,
397 4723 429 4772 23
453 4720 522 4773 mitt
537 4720 666 4792 puledium
684 4717 711 4774 A
1193 4718 1324 4785 paediam
1341 4718 1411 4771 mibi
1428 4720 1447 4773 S

337 4808 377 4868 17,
414 4808 430 4858 8
455 4805 570 4875 inproba
589 4802 615 4858 A
1195 4803 1319 4875 ineratus
1337 4803 1356 4858 S

398 4893 431 4944 24
455 4890 502 4944 uti
518 4889 546 4946 A
1195 4887 1248 4941 tobi
1264 4889 1282 4944 S

394 4979 427 5029 27
451 4976 601 5029 introierat
619 4994 726 5031 neroum
744 4977 771 5032 A
1196 4972 1225 5026 ἐκ
1243 4973 1306 5027 licto
1324 4981 1472 5030 retrorsum
1491 4978 1510 5033 8

395 5064 429 5115 28
452 5062 553 5114 brattea
569 5062 597 5116 A
1196 5058 1303 5112 bractea
1320 5058 1340 5114 8

335 5149 375 5214 18,
413 5150 429 5199 1
453 5148 560 5217 affectet
577 5148 604 5202 A
1197 5145 1308 5216 affectat
1325 5144 1344 5200 S

397 5236 429 5285 10
453 5233 543 5287 maria
561 5238 591 5285 at
608 5234 726 5306 effluant
742 5234 770 5288 A
1196 5248 1271 5284 mare
1289 5235 1319 5283 at
1336 5232 1435 5302 &fluct
1453 5230 1473 5285 S

399 5321 428 5371 17
444 5320 485 5388 fit
502 5320 530 5374 A
1196 5317 1233 5370 at
1250 5318 1269 5373 S

300 5439 415 5504 Verum
438 5438 570 5504 exhibet
592 5439 801 5524 epistularum
826 5458 940 5525 corpus
963 5444 1073 5504 contra
1094 5438 1228 5504 Ausonii
1251 5438 1438 5504 editionem:

350 5581 375 5640 9,
396 5578 428 5629 27
453 5594 501 5629 nos
518 5576 579 5629 ueri
596 5576 616 5631 S
1196 5573 1328 5630 nostriA

339 5664 378 5725 10,
401 5663 432 5712 10
456 5662 559 5715 melone
577 5660 596 5717 S
1198 5662 1255 5714 nito
1272 5659 1299 5715 A

398 5749 428 5801 12
452 5746 509 5802 nia
524 5752 595 5800 cerro
613 5745 632 5801 S
1196 5746 1228 5800 m'
1246 5749 1327 5810 (certo
1345 5747 1407 5807 om.)
1427 5742 1455 5799 A
