4736 6478
938 522 1052 576 LIBER
1069 521 1135 575 IllI.

975 882 1094 947 XXVI.

863 1018 923 1083 AD
945 1018 1208 1084 PROTADIVM.
1871 1018 2014 1082 PVMF
2091 1009 2102 1027 ⁸

308 1193 519 1277 amplissima
541 1192 685 1258 redundo
708 1191 849 1271 laetitia,
882 1210 953 1255 cnm
983 1190 1078 1255 video
1108 1191 1271 1256 litterariis
1300 1191 1416 1256 ciliciis
1439 1194 1519 1258 meis
1542 1195 1693 1258 honorem
1717 1194 1852 1278 parilem

223 1316 286 1361 non
308 1295 441 1379 negari,
474 1303 571 1377 atque
593 1294 667 1361 ideo
691 1293 862 1360 exercendi
886 1294 952 1359 stili
974 1314 1083 1359 amore
1107 1293 1305 1359 destimulor.
1350 1280 1561 1378 nequeenim
1586 1296 1636 1361 ias
1659 1302 1708 1362 est
1730 1302 1854 1381 torpere

194 1397 385 1479 somnium,
419 1398 505 1480 qnod
526 1418 631 1481 aequa
653 1396 837 1480 benignitas
860 1397 1109 1482 conpensatione
1132 1398 1257 1479 gratiae
1279 1404 1473 1463 muneratur,
1520 1400 1614 1483 plura
1635 1399 1770 1483 vellem,
1797 1393 1855 1465 sed

223 1500 451 1566 verecundiam
473 1508 559 1566 tuam
583 1500 680 1565 nimio
704 1499 809 1566 laudis
832 1521 968 1565 excursu
991 1521 1054 1565 non
1076 1508 1200 1584 oportet
1222 1500 1359 1566 onerari.
1401 1503 1473 1567 vale
1496 1509 1529 1567 et
1551 1503 1735 1583 amicitiam,
1763 1502 1855 1568 sicuti

224 1603 313 1685 iacis,
340 1605 375 1670 in
398 1606 581 1689 exemplum
603 1611 705 1670 tuere.
745 1622 804 1669 nos
828 1604 888 1669 etsi
912 1604 1076 1687 elegantia
1098 1604 1253 1669 sermonis
1276 1604 1405 1691 inpares
1428 1624 1555 1689 sumus,
1581 1604 1759 1671 constantia
1780 1605 1856 1670 reli-

223 1706 330 1790 gionis
354 1723 449 1792 pares
472 1727 545 1773 esse
567 1707 716 1773 nitemur.

968 1981 1106 2047 XXVII.

866 2119 925 2183 AD
948 2117 1210 2185 PROTADIVM.
1877 2119 1990 2182 PVM

313 2294 354 2359 Vt
384 2293 530 2359 desidem
562 2313 613 2358 me
643 2290 805 2358 scribendi
836 2311 935 2376 saepe
964 2310 1110 2356 accusas.
1158 2291 1236 2373 quid
1269 2290 1395 2356 doleam
1430 2294 1551 2376 magis,
1588 2294 1713 2359 nescio:
1755 2313 1859 2359 sermo

227 2397 366 2463 omissus
397 2395 559 2462 amicitiae
588 2395 827 2479 neglegentiam
858 2394 986 2460 videtur
1008 2414 1161 2477 arguere,
1194 2415 1311 2480 parcns
1333 2394 1513 2461 infantiam.
1560 2398 1645 2463 malo
1666 2404 1791 2480 tamen,
1825 2404 1860 2463 ut

225 2500 356 2585 ingenio
379 2500 556 2566 convicium
580 2520 675 2583 quam
700 2499 843 2563 moribus
865 2498 947 2563 meis
970 2497 1090 2579 iacias,
1117 2497 1249 2580 quibus,
1276 2498 1430 2579 quamdiu
1453 2500 1515 2564 mci
1538 2499 1609 2584 ipse
1632 2519 1702 2565 sum
1726 2521 1857 2583 memor,

226 2603 351 2668 obicere
376 2602 568 2668 oblivionem
592 2602 639 2668 tui
661 2622 726 2668 non
747 2608 851 2687 potes.
900 2600 1068 2684 castigasti
1090 2601 1185 2681 item,
1220 2601 1307 2683 quod
1329 2609 1361 2667 te
1384 2601 1536 2668 iratribus
1558 2603 1622 2668 tuis
1645 2603 1784 2669 dicenda
1805 2622 1860 2668 sa-

181 2723 208 2763 rt
226 2706 292 2772 lutc
323 2706 514 2771 consociem.
562 2725 631 2771 snm
662 2706 793 2790 quidem
823 2704 978 2789 icquendi
1005 2724 1130 2790 pauper
1152 2712 1185 2770 et
1206 2713 1303 2770 tenax
1326 2705 1509 2787 chartulae,
1543 2704 1602 2772 sed
1624 2711 1656 2772 te
1678 2706 1757 2771 milri
1781 2706 1900 2773 darei

225 2808 303 2875 vitio
331 2829 396 2873 non
425 2815 564 2893 oportet,
600 2810 686 2892 quod
715 2809 792 2874 illos
823 2814 948 2875 constat
978 2807 1139 2893 amplecti.
1188 2807 1266 2872 iacit
1295 2815 1402 2873 autem
1432 2809 1486 2874 lex
1515 2809 1623 2874 curiae
1645 2816 1791 2889 nostrae,
1825 2816 1861 2877 ut

225 2911 354 2977 maioris
378 2911 466 2996 apud
488 2932 539 2976 me
562 2912 687 2977 numeri
709 2912 842 2977 annotet
864 2911 1048 2976 auctoritas.
1097 2910 1173 2994 quid
1198 2910 1226 2976 si
1250 2930 1308 2975 vos
1331 2932 1396 2975 una
1418 2911 1462 2976 ad
1483 2930 1615 2978 mensae
1637 2912 1859 2996 genialitatem

224 3020 395 3080 vocaremtl
437 3014 540 3080 nolles
563 3015 676 3080 ecdem
700 3014 948 3080 cumfratribus
971 3020 1040 3079 toro
1063 3014 1189 3098 accipit
1232 3033 1292 3079 nec
1313 3013 1485 3095 invideris,
1520 3014 1547 3079 si
1575 3014 1671 3080 unius
1701 3014 1859 3100 epistulae

226 3117 360 3183 creditor
382 3126 550 3201 quaestum
574 3117 809 3201 quodammodo
832 3116 871 3182 de
899 3116 989 3182 vobis
1019 3136 1136 3181 usurae
1166 3115 1304 3200 triplicis
1335 3136 1479 3181 exerceo.
1527 3117 1607 3182 nihil
1630 3118 1715 3183 enim
1738 3116 1815 3182 mihi
1839 3138 1860 3184 a

179 3237 207 3279 ro
225 3220 364 3303 singulis
386 3240 443 3305 pro
466 3221 566 3285 altero
590 3221 734 3286 solvitur.
774 3227 831 3285 aut
855 3240 910 3286 cur
932 3239 1007 3286 mea
1024 3218 1130 3284 cilicia
1146 3219 1249 3285 dividi
1268 3219 1450 3304 postulatis,
1477 3220 1530 3303 qui
1546 3221 1590 3286 ad
1605 3220 1859 3306 exprobrandum

225 3330 333 3389 vestra
355 3322 571 3406 coniungiiisl

838 3597 980 3663 XXVIII
1010 3618 1041 3662 a.
1061 3600 1244 3662 coo-402.

869 3735 929 3799 AD
952 3734 1215 3801 PROTADIVM.
1880 3740 1978 3803 PVF

320 3908 457 3991 Ingenia
478 3907 620 3973 humana
642 3913 789 3992 prompta
810 3908 854 3973 ad
875 3905 1073 3990 arguendum
1098 3925 1170 3972 esse
1193 3906 1340 3971 omnibus
1367 3906 1476 3990 liquet.
1524 3909 1583 3974 sed
1612 3916 1664 3991 tu,
1696 3910 1751 3992 qui
1778 3909 1862 3975 inter

187 4012 319 4077 arbona
340 4032 414 4076 rara
436 4010 624 4089 numeraris,
651 4010 760 4075 omitte
783 4010 899 4076 sectari
921 4030 979 4095 per
1001 4016 1146 4074 naturam
1170 4008 1316 4074 faciliora
1338 4016 1371 4074 et
1392 4009 1611 4076 defensionem
1634 4012 1724 4094 longi
1743 4012 1861 4078 silentii

233 4115 296 4180 mei
319 4114 464 4199 suscipe,
498 4133 581 4196 quae
604 4112 749 4178 abundat
770 4113 916 4197 plurimis
939 4111 1082 4178 iustitiae
1104 4111 1308 4197 patrociniis,
1341 4113 1369 4177 si
1391 4114 1617 4197 contempleris
1639 4115 1681 4180 ad
1708 4115 1859 4181 viciniam

229 4217 344 4297 Rheni,
371 4238 391 4282 a
413 4237 478 4300 qna
500 4236 585 4281 nnnc
607 4224 639 4281 et
661 4216 800 4301 optimus
823 4216 973 4302 princeps
994 4223 1026 4281 et
1042 4215 1251 4297 magistratus
1267 4215 1453 4299 potissimus
1467 4217 1569 4293 abest,
1596 4217 1718 4282 nullum
1735 4225 1860 4283 nostra

231 4341 300 4385 rum
323 4321 460 4405 partium
483 4340 674 4385 commeare.
714 4319 779 4384 fors
801 4318 881 4401 fuat,
907 4340 948 4383 an
971 4319 1043 4402 quis
1065 4324 1188 4384 tantum
1213 4316 1285 4383 viae
1308 4318 1436 4383 obrem
1460 4320 1618 4404 privatam
1634 4319 1714 4384 mihi
1728 4321 1859 4403 ignora-

230 4429 281 4487 tos
304 4422 455 4508 adripiat.
502 4422 560 4487 tibi
582 4421 848 4506 proficiscentium
873 4423 1005 4486 Romam
1029 4421 1131 4486 maior
1152 4420 1304 4501 lacuitas3
1331 4421 1432 4504 primo
1455 4422 1531 4503 qnia
1552 4421 1585 4487 in
1609 4442 1775 4488 commune
1797 4423 1859 4488 im·
1880 4427 1901 4487 2

185 4549 212 4590 ro
231 4525 312 4610 perii
335 4532 433 4610 caput
454 4525 595 4609 undique
618 4525 763 4609 gentium
786 4525 987 4603 convenitur3
1022 4531 1097 4589 tuna
1119 4523 1205 4608 quod
1231 4524 1514 4589 clementissimum
1544 4525 1719 4610 principem
1742 4526 1775 4591 in
1798 4527 1860 4593 hac

231 4635 321 4713 parte
352 4627 522 4714 degentem
553 4628 644 4693 vario
673 4628 812 4693 omnium
844 4627 1007 4694 desideria
1030 4628 1082 4693 vel
1104 4628 1312 4693 necessitates
1335 4634 1519 4711 sequuntur.
1568 4636 1600 4694 et
1628 4636 1752 4711 tamen,
1785 4650 1857 4695 cum

231 4731 418 4798 tabellarios
440 4731 499 4798 tibi
522 4732 631 4815 plnres
654 4750 771 4796 causae
794 4733 942 4811 offerant,
969 4751 1072 4814 aeque
1094 4752 1115 4796 a
1138 4730 1213 4796 stilo
1231 4737 1393 4815 temperas
1407 4751 1467 4796 nec
1482 4732 1550 4796 ulla
1564 4753 1585 4796 a
1599 4733 1693 4798 nobis
1708 4741 1859 4818 expostu-

231 4834 350 4902 latione
372 4834 608 4921 perstringeris.
653 4834 732 4900 facit
754 4835 838 4900 enim
863 4834 1017 4900 securitas
1040 4855 1123 4915 mea,
1149 4838 1185 4899 ut
1207 4833 1299 4918 diligi
1321 4854 1372 4899 me
1395 4834 1491 4899 etiam
1515 4855 1536 4899 a
1557 4841 1683 4901 tacente
1704 4857 1767 4903 non
1789 4858 1859 4902 am-

316 5131 383 5181 Iad
402 5114 488 5193 protad
513 5132 540 5192 V,
561 5144 608 5178 om.
626 5129 676 5178 ΜΡ
778 5129 957 5179 idistlmulor
976 5129 1069 5179 Pam.
1091 5128 1141 5176 Ma
1241 5123 1351 5194 torpere]
1371 5128 1426 5191 iffi
1448 5130 1509 5192 (aa.
1526 5131 1686 5193 temporalil
1788 5130 1857 5181 'iai-

231 5233 285 5268 mus
303 5225 330 5267 et
347 5218 469 5267 instantia
490 5217 512 5263 V

320 5304 351 5353 10
369 5316 418 5353 om.
437 5303 487 5352 VM
592 5303 620 5352 11
639 5303 816 5364 praetulerim:
834 5307 864 5349 ut
881 5302 993 5351 desidem
1012 5315 1053 5349 mc
1072 5301 1198 5350 scribendi
1215 5316 1291 5364 saepe
1309 5315 1418 5349 acaum.
1444 5315 1525 5350 sermo
1542 5304 1651 5351 omlssus
1669 5303 1795 5351 amicitiae
1813 5316 1859 5351 ua·

232 5392 385 5453 glcgentlam
404 5390 507 5438 uidetur
523 5403 635 5450 arguere,
656 5402 744 5451 pareus
762 5389 905 5436 infantiam.
932 5387 993 5449 quid
1012 5387 1108 5436 doleam
1128 5389 1215 5451 magis,
1236 5389 1334 5450 nescio,
1355 5389 1421 5437 maio
1440 5392 1524 5436 nmen
1543 5392 1566 5435 et
1579 5403 1602 5449 q.
1616 5403 1638 5436 s.
1747 5387 1777 5436 14
1796 5388 1859 5436 obli-

231 5477 349 5526 uioncl'
458 5480 542 5540 potest
559 5475 583 5524 P
683 5471 757 5542 item]
774 5488 815 5522 ma
838 5473 886 5520 VM
998 5472 1252 5522 romannorum
1367 5472 1397 5521 11
1417 5475 1523 5522 maiores
1541 5472 1586 5520 Pl
1602 5490 1636 5523 m.
1752 5473 1862 5536 quodV

234 5562 263 5612 ill
280 5559 399 5629 creditor]
417 5563 524 5625 Medus,
545 5562 655 5611 creditur
674 5559 749 5608 PVM

316 5648 349 5698 23
367 5663 416 5698 om.
436 5649 479 5696 Vs
580 5646 936 5697 unbauranamma
1039 5647 1181 5707 patrocinor
1202 5644 1296 5694 le.
1404 5646 1583 5708 contempseris
1601 5643 1690 5694 Vallo
1793 5645 1858 5693 ulci-

232 5734 311 5804 niam]
326 5734 403 5796 PVI',
418 5737 503 5784 ulclna
516 5734 548 5796 Φ,
563 5734 758 5783 uicinitatemF
859 5730 890 5780 i'l
910 5732 1022 5780 aoruV
1126 5732 1311 5794 nullumqueF
1414 5730 1447 5780 28
1466 5731 1510 5778 ilat
1528 5731 1570 5778 Vs
1671 5731 1856 5792 IgnoratlsPl',

232 5822 396 5886 ignorantis·
497 5820 531 5871 29
549 5822 654 5869 incultas
673 5820 723 5868 luit
741 5820 763 5865 F
865 5818 897 5866 30
915 5818 996 5881 capud
1015 5817 1108 5867 le.
1217 5823 1271 5866 tum
1291 5820 1314 5865 F
1415 5816 1446 5865 31
1467 5823 1588 5867 secuntur
1606 5817 1699 5866 le.
1719 5818 1763 5865 VI?

1599 5916 1654 5969 w
