<?xml version="1.0" encoding="UTF-8"?>
<!DOCTYPE html PUBLIC "-//W3C//DTD XHTML 1.0 Transitional//EN"
    "http://www.w3.org/TR/xhtml1/DTD/xhtml1-transitional.dtd">
<html xmlns="http://www.w3.org/1999/xhtml" xml:lang="en" lang="en">
 <head>
  <title>
</title>
<meta http-equiv="Content-Type" content="text/html;charset=utf-8" />
  <meta name='ocr-system' content='tesseract 3.04.00' />
  <meta name='ocr-capabilities' content='ocr_page ocr_carea ocr_par ocr_line ocrx_word'/>
</head>
<body>
  <div class='ocr_page' id='page_1' title='image "./qaureliisymmach00seecgoog_0298.png"; bbox 0 0 4736 6478; ppageno 0'>
   <div class='ocr_carea' id='block_1_1' title="bbox 1 4011 3 4124">
    <p class='ocr_par' dir='ltr' id='par_1_1' title="bbox 1 4011 3 4124">
     <span class='ocr_line' id='line_1_1' title="bbox 1 4011 3 4124; baseline 0 0"><span class='ocrx_word' id='word_1_1' title='bbox 1 4011 3 4124; x_wconf 84' lang='lat' dir='ltr'><strong>l</strong></span> 
     </span>
    </p>
   </div>
   <div class='ocr_carea' id='block_1_2' title="bbox 980 463 1164 521">
    <p class='ocr_par' dir='ltr' id='par_1_2' title="bbox 980 463 1164 521">
     <span class='ocr_line' id='line_1_2' title="bbox 980 463 1164 521; baseline -0.011 0"><span class='ocrx_word' id='word_1_2' title='bbox 980 464 1096 521; x_wconf 84' lang='lat' dir='ltr'><strong>LIBER</strong></span> <span class='ocrx_word' id='word_1_3' title='bbox 1113 463 1164 519; x_wconf 92' lang='grc' dir='ltr'><strong>ΙΙΙ.</strong></span> 
     </span>
    </p>
   </div>
   <div class='ocr_carea' id='block_1_3' title="bbox 800 826 2011 1065">
    <p class='ocr_par' dir='ltr' id='par_1_3' title="bbox 800 826 2011 1065">
     <span class='ocr_line' id='line_1_3' title="bbox 1018 826 1122 893; baseline 0 -1"><span class='ocrx_word' id='word_1_4' title='bbox 1018 826 1122 893; x_wconf 82' lang='lat' dir='ltr'><strong>xxv.</strong></span> 
     </span>
     <span class='ocr_line' id='line_1_4' title="bbox 800 962 2011 1065; baseline -0.002 -36"><span class='ocrx_word' id='word_1_5' title='bbox 800 962 1060 1030; x_wconf 79' lang='lat' dir='ltr'><strong>snunuenvs</strong></span> <span class='ocrx_word' id='word_1_6' title='bbox 1083 962 1339 1029; x_wconf 81' lang='lat' dir='ltr'><strong>uramnno</strong></span> <span class='ocrx_word' id='word_1_7' title='bbox 1421 1062 1423 1065; x_wconf 7' lang='grc' dir='ltr'>ι</span> <span class='ocrx_word' id='word_1_8' title='bbox 1908 963 2011 1027; x_wconf 76' lang='lat' dir='ltr'><strong>Pru</strong></span> 
     </span>
    </p>
   </div>
   <div class='ocr_carea' id='block_1_4' title="bbox 214 1134 1926 2359">
    <p class='ocr_par' dir='ltr' id='par_1_4' title="bbox 214 1134 1926 2359">
     <span class='ocr_line' id='line_1_5' title="bbox 342 1134 1886 1221; baseline 0.003 -22"><span class='ocrx_word' id='word_1_9' title='bbox 342 1136 464 1201; x_wconf 88' lang='lat' dir='ltr'><strong>Plenae</strong></span> <span class='ocrx_word' id='word_1_10' title='bbox 493 1141 590 1219; x_wconf 89' lang='lat' dir='ltr'><strong>atque</strong></span> <span class='ocrx_word' id='word_1_11' title='bbox 619 1134 819 1202; x_wconf 86' lang='lat' dir='ltr'><strong>inveteratae</strong></span> <span class='ocrx_word' id='word_1_12' title='bbox 847 1136 931 1202; x_wconf 89' lang='lat' dir='ltr'><strong>inter</strong></span> <span class='ocrx_word' id='word_1_13' title='bbox 952 1155 1010 1201; x_wconf 91' lang='lat' dir='ltr'><strong>nos</strong></span> <span class='ocrx_word' id='word_1_14' title='bbox 1031 1136 1194 1202; x_wconf 75' lang='lat' dir='ltr'><strong>amicitiae</strong></span> <span class='ocrx_word' id='word_1_15' title='bbox 1216 1136 1297 1201; x_wconf 92' lang='lat' dir='ltr'><strong>nibil</strong></span> <span class='ocrx_word' id='word_1_16' title='bbox 1319 1135 1404 1201; x_wconf 88' lang='lat' dir='ltr'><strong>adici</strong></span> <span class='ocrx_word' id='word_1_17' title='bbox 1427 1154 1522 1221; x_wconf 86' lang='lat' dir='ltr'><strong>posse</strong></span> <span class='ocrx_word' id='word_1_18' title='bbox 1545 1135 1760 1216; x_wconf 90' lang='lat' dir='ltr'><strong>credideram;</strong></span> <span class='ocrx_word' id='word_1_19' title='bbox 1794 1138 1886 1204; x_wconf 88' lang='lat' dir='ltr'><strong>inve-</strong></span> 
     </span>
     <span class='ocr_line' id='line_1_6' title="bbox 260 1237 1887 1323; baseline 0.001 -19"><span class='ocrx_word' id='word_1_20' title='bbox 260 1239 330 1305; x_wconf 87' lang='lat' dir='ltr'><strong>nisti</strong></span> <span class='ocrx_word' id='word_1_21' title='bbox 358 1246 482 1322; x_wconf 87' lang='lat' dir='ltr'><strong>tamen,</strong></span> <span class='ocrx_word' id='word_1_22' title='bbox 523 1258 586 1323; x_wconf 88' lang='lat' dir='ltr'><strong>quo</strong></span> <span class='ocrx_word' id='word_1_23' title='bbox 613 1237 789 1323; x_wconf 76' lang='lat' dir='ltr'><strong>perfectam</strong></span> <span class='ocrx_word' id='word_1_24' title='bbox 820 1239 1020 1323; x_wconf 81' lang='lat' dir='ltr'><strong>diligentiam</strong></span> <span class='ocrx_word' id='word_1_25' title='bbox 1051 1239 1098 1305; x_wconf 91' lang='lat' dir='ltr'><strong>tui</strong></span> <span class='ocrx_word' id='word_1_26' title='bbox 1127 1240 1161 1304; x_wconf 92' lang='lat' dir='ltr'><strong>in</strong></span> <span class='ocrx_word' id='word_1_27' title='bbox 1191 1239 1357 1323; x_wconf 81' lang='lat' dir='ltr'><strong>fastigium</strong></span> <span class='ocrx_word' id='word_1_28' title='bbox 1385 1240 1581 1305; x_wconf 90' lang='lat' dir='ltr'><strong>tolleremus.</strong></span> <span class='ocrx_word' id='word_1_29' title='bbox 1639 1239 1770 1305; x_wconf 89' lang='lat' dir='ltr'><strong>amabili</strong></span> <span class='ocrx_word' id='word_1_30' title='bbox 1801 1241 1887 1307; x_wconf 89' lang='lat' dir='ltr'><strong>enim</strong></span> 
     </span>
     <span class='ocr_line' id='line_1_7' title="bbox 232 1342 1887 1427; baseline 0.001 -21"><span class='ocrx_word' id='word_1_31' title='bbox 232 1342 374 1409; x_wconf 76' lang='lat' dir='ltr'><strong>sfiducia</strong></span> <span class='ocrx_word' id='word_1_32' title='bbox 395 1342 502 1409; x_wconf 82' lang='lat' dir='ltr'><strong>usioni</strong></span> <span class='ocrx_word' id='word_1_33' title='bbox 523 1348 598 1408; x_wconf 90' lang='lat' dir='ltr'><strong>tuae</strong></span> <span class='ocrx_word' id='word_1_34' title='bbox 620 1342 807 1426; x_wconf 87' lang='lat' dir='ltr'><strong>praebenda</strong></span> <span class='ocrx_word' id='word_1_35' title='bbox 829 1342 1009 1425; x_wconf 79' lang='lat' dir='ltr'><strong>mandasti,</strong></span> <span class='ocrx_word' id='word_1_36' title='bbox 1039 1363 1122 1426; x_wconf 88' lang='lat' dir='ltr'><strong>quae</strong></span> <span class='ocrx_word' id='word_1_37' title='bbox 1145 1342 1362 1427; x_wconf 83' lang='lat' dir='ltr'><strong>peregrinatio</strong></span> <span class='ocrx_word' id='word_1_38' title='bbox 1385 1342 1520 1408; x_wconf 89' lang='lat' dir='ltr'><strong>hiberna</strong></span> <span class='ocrx_word' id='word_1_39' title='bbox 1542 1342 1706 1426; x_wconf 87' lang='lat' dir='ltr'><strong>poscebat.</strong></span> <span class='ocrx_word' id='word_1_40' title='bbox 1753 1350 1787 1409; x_wconf 90' lang='lat' dir='ltr'><strong>tu</strong></span> <span class='ocrx_word' id='word_1_41' title='bbox 1810 1364 1887 1409; x_wconf 88' lang='lat' dir='ltr'><strong>vero</strong></span> 
     </span>
     <span class='ocr_line' id='line_1_8' title="bbox 258 1445 1886 1530; baseline 0.001 -19"><span class='ocrx_word' id='word_1_42' title='bbox 258 1445 403 1512; x_wconf 88' lang='lat' dir='ltr'><strong>abundas</strong></span> <span class='ocrx_word' id='word_1_43' title='bbox 425 1446 584 1528; x_wconf 88' lang='lat' dir='ltr'><strong>omnibus,</strong></span> <span class='ocrx_word' id='word_1_44' title='bbox 610 1445 667 1512; x_wconf 90' lang='lat' dir='ltr'><strong>sed</strong></span> <span class='ocrx_word' id='word_1_45' title='bbox 690 1446 794 1512; x_wconf 89' lang='lat' dir='ltr'><strong>studio</strong></span> <span class='ocrx_word' id='word_1_46' title='bbox 817 1446 915 1512; x_wconf 89' lang='lat' dir='ltr'><strong>dandi</strong></span> <span class='ocrx_word' id='word_1_47' title='bbox 937 1447 1095 1513; x_wconf 86' lang='lat' dir='ltr'><strong>beneficia</strong></span> <span class='ocrx_word' id='word_1_48' title='bbox 1118 1445 1309 1529; x_wconf 75' lang='lat' dir='ltr'><strong>excogitasti</strong></span> <span class='ocrx_word' id='word_1_49' title='bbox 1331 1465 1461 1511; x_wconf 87' lang='lat' dir='ltr'><strong>eausam</strong></span> <span class='ocrx_word' id='word_1_50' title='bbox 1485 1445 1627 1530; x_wconf 87' lang='lat' dir='ltr'><strong>petendi.</strong></span> <span class='ocrx_word' id='word_1_51' title='bbox 1675 1446 1734 1512; x_wconf 90' lang='lat' dir='ltr'><strong>sed</strong></span> <span class='ocrx_word' id='word_1_52' title='bbox 1755 1446 1886 1513; x_wconf 89' lang='lat' dir='ltr'><strong>dedisse</strong></span> 
     </span>
     <span class='ocr_line' id='line_1_9' title="bbox 257 1548 1886 1635; baseline -0.001 -20"><span class='ocrx_word' id='word_1_53' title='bbox 257 1557 287 1615; x_wconf 89' lang='lat' dir='ltr'><strong>te</strong></span> <span class='ocrx_word' id='word_1_54' title='bbox 309 1571 350 1616; x_wconf 83' lang='lat' dir='ltr'><strong>ex</strong></span> <span class='ocrx_word' id='word_1_55' title='bbox 372 1549 432 1616; x_wconf 91' lang='lat' dir='ltr'><strong>hcc</strong></span> <span class='ocrx_word' id='word_1_56' title='bbox 453 1549 592 1633; x_wconf 89' lang='lat' dir='ltr'><strong>gratiam</strong></span> <span class='ocrx_word' id='word_1_57' title='bbox 614 1549 694 1615; x_wconf 87' lang='lat' dir='ltr'><strong>satis</strong></span> <span class='ocrx_word' id='word_1_58' title='bbox 717 1554 858 1631; x_wconf 85' lang='lat' dir='ltr'><strong>constat,</strong></span> <span class='ocrx_word' id='word_1_59' title='bbox 892 1548 969 1633; x_wconf 87' lang='lat' dir='ltr'><strong>quia</strong></span> <span class='ocrx_word' id='word_1_60' title='bbox 991 1549 1066 1634; x_wconf 90' lang='lat' dir='ltr'><strong>plus</strong></span> <span class='ocrx_word' id='word_1_61' title='bbox 1087 1550 1228 1635; x_wconf 83' lang='lat' dir='ltr'><strong>aceepit,</strong></span> <span class='ocrx_word' id='word_1_62' title='bbox 1263 1548 1304 1614; x_wconf 94' lang='lat' dir='ltr'><strong>de</strong></span> <span class='ocrx_word' id='word_1_63' title='bbox 1326 1569 1387 1632; x_wconf 90' lang='lat' dir='ltr'><strong>quo</strong></span> <span class='ocrx_word' id='word_1_64' title='bbox 1409 1548 1534 1632; x_wconf 89' lang='lat' dir='ltr'><strong>aliquid</strong></span> <span class='ocrx_word' id='word_1_65' title='bbox 1557 1549 1620 1614; x_wconf 89' lang='lat' dir='ltr'><strong>sibi</strong></span> <span class='ocrx_word' id='word_1_66' title='bbox 1641 1548 1774 1615; x_wconf 89' lang='lat' dir='ltr'><strong>alterius</strong></span> <span class='ocrx_word' id='word_1_67' title='bbox 1796 1570 1886 1616; x_wconf 90' lang='lat' dir='ltr'><strong>amor</strong></span> 
     </span>
     <span class='ocr_line' id='line_1_10' title="bbox 256 1650 1926 1738; baseline -0.002 -20"><span class='ocrx_word' id='word_1_68' title='bbox 256 1652 408 1719; x_wconf 82' lang='lat' dir='ltr'><strong>vindicat.</strong></span> <span class='ocrx_word' id='word_1_69' title='bbox 455 1673 519 1718; x_wconf 90' lang='lat' dir='ltr'><strong>uno</strong></span> <span class='ocrx_word' id='word_1_70' title='bbox 546 1659 672 1718; x_wconf 88' lang='lat' dir='ltr'><strong>tautum</strong></span> <span class='ocrx_word' id='word_1_71' title='bbox 702 1652 797 1738; x_wconf 91' lang='lat' dir='ltr'><strong>lapsu</strong></span> <span class='ocrx_word' id='word_1_72' title='bbox 818 1688 862 1700; x_wconf 85' lang='lat'>-</span> <span class='ocrx_word' id='word_1_73' title='bbox 883 1652 936 1718; x_wconf 90' lang='lat' dir='ltr'><strong>fas</strong></span> <span class='ocrx_word' id='word_1_74' title='bbox 958 1650 1001 1718; x_wconf 91' lang='lat' dir='ltr'><strong>sit</strong></span> <span class='ocrx_word' id='word_1_75' title='bbox 1023 1651 1131 1718; x_wconf 88' lang='lat' dir='ltr'><strong>dicere</strong></span> <span class='ocrx_word' id='word_1_76' title='bbox 1152 1689 1195 1699; x_wconf 90' lang='lat'>—</span> <span class='ocrx_word' id='word_1_77' title='bbox 1216 1651 1322 1716; x_wconf 89' lang='lat' dir='ltr'><strong>amica</strong></span> <span class='ocrx_word' id='word_1_78' title='bbox 1350 1651 1524 1717; x_wconf 87' lang='lat' dir='ltr'><strong>vindicatio</strong></span> <span class='ocrx_word' id='word_1_79' title='bbox 1555 1651 1767 1735; x_wconf 86' lang='lat' dir='ltr'><strong>claudicavit,</strong></span> <span class='ocrx_word' id='word_1_80' title='bbox 1799 1653 1883 1737; x_wconf 90' lang='lat' dir='ltr'><strong>quod</strong></span> <span class='ocrx_word' id='word_1_81' title='bbox 1907 1655 1926 1714; x_wconf 85' lang='lat'><strong>2</strong></span> 
     </span>
     <span class='ocr_line' id='line_1_11' title="bbox 256 1754 1885 1840; baseline -0.001 -17"><span class='ocrx_word' id='word_1_82' title='bbox 256 1755 523 1823; x_wconf 88' lang='lat' dir='ltr'><strong>remunerandum</strong></span> <span class='ocrx_word' id='word_1_83' title='bbox 552 1776 604 1822; x_wconf 87' lang='lat' dir='ltr'><strong>me</strong></span> <span class='ocrx_word' id='word_1_84' title='bbox 632 1754 673 1821; x_wconf 88' lang='lat' dir='ltr'><strong>de</strong></span> <span class='ocrx_word' id='word_1_85' title='bbox 700 1755 831 1821; x_wconf 85' lang='lat' dir='ltr'><strong>Galatia</strong></span> <span class='ocrx_word' id='word_1_86' title='bbox 860 1755 1041 1840; x_wconf 85' lang='lat' dir='ltr'><strong>polliceris,</strong></span> <span class='ocrx_word' id='word_1_87' title='bbox 1074 1755 1129 1820; x_wconf 90' lang='lat' dir='ltr'><strong>ubi</strong></span> <span class='ocrx_word' id='word_1_88' title='bbox 1157 1754 1200 1820; x_wconf 90' lang='lat' dir='ltr'><strong>ad</strong></span> <span class='ocrx_word' id='word_1_89' title='bbox 1227 1754 1366 1839; x_wconf 89' lang='lat' dir='ltr'><strong>putrium</strong></span> <span class='ocrx_word' id='word_1_90' title='bbox 1395 1755 1495 1821; x_wconf 89' lang='lat' dir='ltr'><strong>larem</strong></span> <span class='ocrx_word' id='word_1_91' title='bbox 1524 1755 1664 1822; x_wconf 85' lang='lat' dir='ltr'><strong>veneris.</strong></span> <span class='ocrx_word' id='word_1_92' title='bbox 1711 1755 1885 1823; x_wconf 80' lang='lat' dir='ltr'><strong>noluissem</strong></span> 
     </span>
     <span class='ocr_line' id='line_1_12' title="bbox 214 1857 1885 1944; baseline 0.002 -22"><span class='ocrx_word' id='word_1_93' title='bbox 214 1881 239 1922; x_wconf 86' lang='lat' dir='ltr'><strong>ro</strong></span> <span class='ocrx_word' id='word_1_94' title='bbox 256 1860 466 1926; x_wconf 84' lang='lat' dir='ltr'><strong>mustantiam</strong></span> <span class='ocrx_word' id='word_1_95' title='bbox 494 1859 569 1925; x_wconf 91' lang='lat' dir='ltr'><strong>boni</strong></span> <span class='ocrx_word' id='word_1_96' title='bbox 595 1859 673 1925; x_wconf 85' lang='lat' dir='ltr'><strong>faeti</strong></span> <span class='ocrx_word' id='word_1_97' title='bbox 694 1859 728 1924; x_wconf 94' lang='lat' dir='ltr'><strong>in</strong></span> <span class='ocrx_word' id='word_1_98' title='bbox 750 1859 832 1925; x_wconf 89' lang='lat' dir='ltr'><strong>haee</strong></span> <span class='ocrx_word' id='word_1_99' title='bbox 854 1858 1001 1944; x_wconf 88' lang='lat' dir='ltr'><strong>trepidae</strong></span> <span class='ocrx_word' id='word_1_100' title='bbox 1024 1859 1238 1925; x_wconf 87' lang='lat' dir='ltr'><strong>verecundiae</strong></span> <span class='ocrx_word' id='word_1_101' title='bbox 1261 1859 1360 1924; x_wconf 88' lang='lat' dir='ltr'><strong>verba</strong></span> <span class='ocrx_word' id='word_1_102' title='bbox 1382 1857 1591 1925; x_wconf 88' lang='lat' dir='ltr'><strong>descendere.</strong></span> <span class='ocrx_word' id='word_1_103' title='bbox 1639 1858 1698 1924; x_wconf 89' lang='lat' dir='ltr'><strong>sed</strong></span> <span class='ocrx_word' id='word_1_104' title='bbox 1720 1868 1885 1944; x_wconf 84' lang='lat' dir='ltr'><strong>praetereo</strong></span> 
     </span>
     <span class='ocr_line' id='line_1_13' title="bbox 256 1961 1885 2048; baseline 0 -20"><span class='ocrx_word' id='word_1_105' title='bbox 256 1962 406 2030; x_wconf 88' lang='lat' dir='ltr'><strong>laudatae</strong></span> <span class='ocrx_word' id='word_1_106' title='bbox 429 1962 588 2048; x_wconf 89' lang='lat' dir='ltr'><strong>epistulae</strong></span> <span class='ocrx_word' id='word_1_107' title='bbox 610 1963 715 2028; x_wconf 84' lang='lat' dir='ltr'><strong>levem</strong></span> <span class='ocrx_word' id='word_1_108' title='bbox 738 1961 914 2043; x_wconf 73' lang='lat' dir='ltr'><strong>fascinum,</strong></span> <span class='ocrx_word' id='word_1_109' title='bbox 941 1982 1047 2045; x_wconf 90' lang='lat' dir='ltr'><strong>neque</strong></span> <span class='ocrx_word' id='word_1_110' title='bbox 1070 1962 1156 2028; x_wconf 92' lang='lat' dir='ltr'><strong>enim</strong></span> <span class='ocrx_word' id='word_1_111' title='bbox 1179 1982 1229 2028; x_wconf 92' lang='lat' dir='ltr'><strong>me</strong></span> <span class='ocrx_word' id='word_1_112' title='bbox 1251 1969 1361 2028; x_wconf 84' lang='lat' dir='ltr'><strong>tantae</strong></span> <span class='ocrx_word' id='word_1_113' title='bbox 1383 1961 1508 2045; x_wconf 89' lang='lat' dir='ltr'><strong>gratiae</strong></span> <span class='ocrx_word' id='word_1_114' title='bbox 1531 1961 1687 2046; x_wconf 86' lang='lat' dir='ltr'><strong>obligatio</strong></span> <span class='ocrx_word' id='word_1_115' title='bbox 1704 1982 1885 2028; x_wconf 87' lang='lat' dir='ltr'><strong>sermonum</strong></span> 
     </span>
     <span class='ocr_line' id='line_1_14' title="bbox 257 2064 1886 2152; baseline -0.001 -20"><span class='ocrx_word' id='word_1_116' title='bbox 257 2086 325 2133; x_wconf 88' lang='lat' dir='ltr'><strong>esse</strong></span> <span class='ocrx_word' id='word_1_117' title='bbox 346 2067 553 2152; x_wconf 83' lang='lat' dir='ltr'><strong>interpretem</strong></span> <span class='ocrx_word' id='word_1_118' title='bbox 576 2066 662 2132; x_wconf 89' lang='lat' dir='ltr'><strong>sinit.</strong></span> <span class='ocrx_word' id='word_1_119' title='bbox 709 2086 766 2132; x_wconf 91' lang='lat' dir='ltr'><strong>cur</strong></span> <span class='ocrx_word' id='word_1_120' title='bbox 788 2073 895 2132; x_wconf 88' lang='lat' dir='ltr'><strong>autern</strong></span> <span class='ocrx_word' id='word_1_121' title='bbox 917 2066 1020 2131; x_wconf 84' lang='lat' dir='ltr'><strong>multa</strong></span> <span class='ocrx_word' id='word_1_122' title='bbox 1041 2064 1202 2149; x_wconf 87' lang='lat' dir='ltr'><strong>loquimur</strong></span> <span class='ocrx_word' id='word_1_123' title='bbox 1223 2087 1325 2151; x_wconf 85' lang='lat' dir='ltr'><strong>parva</strong></span> <span class='ocrx_word' id='word_1_124' title='bbox 1346 2066 1497 2132; x_wconf 72' lang='lat' dir='ltr'><strong>missuri?</strong></span> <span class='ocrx_word' id='word_1_125' title='bbox 1519 2065 1690 2151; x_wconf 89' lang='lat' dir='ltr'><strong>descriptio</strong></span> <span class='ocrx_word' id='word_1_126' title='bbox 1712 2066 1886 2131; x_wconf 87' lang='lat' dir='ltr'><strong>tradenda-</strong></span> 
     </span>
     <span class='ocr_line' id='line_1_15' title="bbox 257 2168 1881 2254; baseline -0.001 -20"><span class='ocrx_word' id='word_1_127' title='bbox 257 2190 322 2235; x_wconf 90' lang='lat' dir='ltr'><strong>rum</strong></span> <span class='ocrx_word' id='word_1_128' title='bbox 351 2170 411 2236; x_wconf 90' lang='lat' dir='ltr'><strong>tibi</strong></span> <span class='ocrx_word' id='word_1_129' title='bbox 440 2170 576 2236; x_wconf 85' lang='lat' dir='ltr'><strong>restium</strong></span> <span class='ocrx_word' id='word_1_130' title='bbox 607 2168 781 2235; x_wconf 90' lang='lat' dir='ltr'><strong>secundam</strong></span> <span class='ocrx_word' id='word_1_131' title='bbox 813 2168 964 2254; x_wconf 89' lang='lat' dir='ltr'><strong>paginam</strong></span> <span class='ocrx_word' id='word_1_132' title='bbox 993 2175 1092 2235; x_wconf 88' lang='lat' dir='ltr'><strong>tenet.</strong></span> <span class='ocrx_word' id='word_1_133' title='bbox 1137 2168 1215 2253; x_wconf 86' lang='lat' dir='ltr'><strong>quid</strong></span> <span class='ocrx_word' id='word_1_134' title='bbox 1249 2169 1289 2235; x_wconf 89' lang='lat' dir='ltr'><strong>de</strong></span> <span class='ocrx_word' id='word_1_135' title='bbox 1322 2169 1542 2235; x_wconf 91' lang='lat' dir='ltr'><strong>mediocritate</strong></span> <span class='ocrx_word' id='word_1_136' title='bbox 1575 2174 1715 2253; x_wconf 69' lang='lat' dir='ltr'><strong>lparum</strong></span> <span class='ocrx_word' id='word_1_137' title='bbox 1750 2170 1881 2250; x_wconf 88' lang='lat' dir='ltr'><strong>sentias,</strong></span> 
     </span>
     <span class='ocr_line' id='line_1_16' title="bbox 256 2272 1651 2359; baseline 0.001 -23"><span class='ocrx_word' id='word_1_138' title='bbox 256 2274 321 2358; x_wconf 90' lang='lat' dir='ltr'><strong>ipse</strong></span> <span class='ocrx_word' id='word_1_139' title='bbox 343 2273 475 2356; x_wconf 83' lang='lat' dir='ltr'><strong>videris,</strong></span> <span class='ocrx_word' id='word_1_140' title='bbox 501 2274 555 2356; x_wconf 88' lang='lat' dir='ltr'><strong>qui</strong></span> <span class='ocrx_word' id='word_1_141' title='bbox 578 2273 673 2339; x_wconf 84' lang='lat' dir='ltr'><strong>biemi</strong></span> <span class='ocrx_word' id='word_1_142' title='bbox 695 2272 800 2355; x_wconf 89' lang='lat' dir='ltr'><strong>magis</strong></span> <span class='ocrx_word' id='word_1_143' title='bbox 822 2293 919 2357; x_wconf 87' lang='lat' dir='ltr'><strong>quarn</strong></span> <span class='ocrx_word' id='word_1_144' title='bbox 941 2272 1042 2338; x_wconf 90' lang='lat' dir='ltr'><strong>cultui</strong></span> <span class='ocrx_word' id='word_1_145' title='bbox 1064 2280 1148 2359; x_wconf 53' lang='lat' dir='ltr'><strong>apta,</strong></span> <span class='ocrx_word' id='word_1_146' title='bbox 1163 2272 1352 2339; x_wconf 89' lang='lat' dir='ltr'><strong>indumenta</strong></span> <span class='ocrx_word' id='word_1_147' title='bbox 1374 2272 1515 2339; x_wconf 84' lang='lat' dir='ltr'><strong>voluisti.</strong></span> <span class='ocrx_word' id='word_1_148' title='bbox 1566 2274 1651 2338; x_wconf 84' lang='lat' dir='ltr'><strong>vale.</strong></span> 
     </span>
    </p>
   </div>
   <div class='ocr_carea' id='block_1_5' title="bbox 796 2532 1335 2738">
    <p class='ocr_par' dir='ltr' id='par_1_5' title="bbox 796 2532 1335 2738">
     <span class='ocr_line' id='line_1_17' title="bbox 1007 2532 1129 2599; baseline 0.008 -3"><span class='ocrx_word' id='word_1_149' title='bbox 1007 2532 1129 2599; x_wconf 87' lang='lat' dir='ltr'><strong>xxvr.</strong></span> 
     </span>
     <span class='ocr_line' id='line_1_18' title="bbox 796 2622 1335 2738; baseline -0.004 -2"><span class='ocrx_word' id='word_1_150' title='bbox 796 2622 1056 2738; x_wconf 76' lang='lat' dir='ltr'><strong>sunununvs</strong></span> <span class='ocrx_word' id='word_1_151' title='bbox 1079 2669 1335 2737; x_wconf 69' lang='lat' dir='ltr'><strong>unaarum.</strong></span> 
     </span>
    </p>
   </div>
   <div class='ocr_carea' id='block_1_6' title="bbox 180 2841 1883 3237">
    <p class='ocr_par' dir='ltr' id='par_1_6' title="bbox 244 2841 1883 3135">
     <span class='ocr_line' id='line_1_19' title="bbox 337 2841 1881 2931; baseline 0.001 -23"><span class='ocrx_word' id='word_1_152' title='bbox 337 2843 489 2925; x_wconf 85' lang='lat' dir='ltr'><strong>Secums,</strong></span> <span class='ocrx_word' id='word_1_153' title='bbox 515 2849 551 2908; x_wconf 88' lang='lat' dir='ltr'><strong>ut</strong></span> <span class='ocrx_word' id='word_1_154' title='bbox 571 2843 676 2923; x_wconf 90' lang='lat' dir='ltr'><strong>video,</strong></span> <span class='ocrx_word' id='word_1_155' title='bbox 703 2841 864 2909; x_wconf 90' lang='lat' dir='ltr'><strong>scribendi</strong></span> <span class='ocrx_word' id='word_1_156' title='bbox 879 2843 922 2909; x_wconf 90' lang='lat' dir='ltr'><strong>ad</strong></span> <span class='ocrx_word' id='word_1_157' title='bbox 939 2863 989 2909; x_wconf 91' lang='lat' dir='ltr'><strong>me</strong></span> <span class='ocrx_word' id='word_1_158' title='bbox 1004 2843 1094 2909; x_wconf 87' lang='lat' dir='ltr'><strong>vices</strong></span> <span class='ocrx_word' id='word_1_159' title='bbox 1109 2843 1275 2927; x_wconf 81' lang='lat' dir='ltr'><strong>neglegis3</strong></span> <span class='ocrx_word' id='word_1_160' title='bbox 1303 2843 1367 2909; x_wconf 91' lang='lat' dir='ltr'><strong>seis</strong></span> <span class='ocrx_word' id='word_1_161' title='bbox 1382 2842 1467 2910; x_wconf 91' lang='lat' dir='ltr'><strong>euim</strong></span> <span class='ocrx_word' id='word_1_162' title='bbox 1482 2843 1541 2909; x_wconf 90' lang='lat' dir='ltr'><strong>tibi</strong></span> <span class='ocrx_word' id='word_1_163' title='bbox 1557 2843 1737 2910; x_wconf 89' lang='lat' dir='ltr'><strong>istiusmodi</strong></span> <span class='ocrx_word' id='word_1_164' title='bbox 1753 2845 1881 2931; x_wconf 90' lang='lat' dir='ltr'><strong>culpam</strong></span> 
     </span>
     <span class='ocr_line' id='line_1_20' title="bbox 248 2946 1883 3033; baseline 0.001 -23"><span class='ocrx_word' id='word_1_165' title='bbox 248 2947 320 3013; x_wconf 90' lang='lat' dir='ltr'><strong>sine</strong></span> <span class='ocrx_word' id='word_1_166' title='bbox 335 2946 456 3028; x_wconf 86' lang='lat' dir='ltr'><strong>talione</strong></span> <span class='ocrx_word' id='word_1_167' title='bbox 470 2966 645 3012; x_wconf 88' lang='lat' dir='ltr'><strong>cessuram.</strong></span> <span class='ocrx_word' id='word_1_168' title='bbox 682 2947 830 3029; x_wconf 87' lang='lat' dir='ltr'><strong>quotiens</strong></span> <span class='ocrx_word' id='word_1_169' title='bbox 845 2947 903 3013; x_wconf 90' lang='lat' dir='ltr'><strong>tibi</strong></span> <span class='ocrx_word' id='word_1_170' title='bbox 917 2947 1058 3013; x_wconf 89' lang='lat' dir='ltr'><strong>minatus</strong></span> <span class='ocrx_word' id='word_1_171' title='bbox 1074 2968 1144 3013; x_wconf 89' lang='lat' dir='ltr'><strong>sum</strong></span> <span class='ocrx_word' id='word_1_172' title='bbox 1160 2967 1220 3031; x_wconf 92' lang='lat' dir='ltr'><strong>par</strong></span> <span class='ocrx_word' id='word_1_173' title='bbox 1234 2946 1408 3030; x_wconf 87' lang='lat' dir='ltr'><strong>silentium,</strong></span> <span class='ocrx_word' id='word_1_174' title='bbox 1435 2946 1464 3012; x_wconf 91' lang='lat' dir='ltr'><strong>si</strong></span> <span class='ocrx_word' id='word_1_175' title='bbox 1478 2967 1499 3012; x_wconf 91' lang='lat' dir='ltr'><strong>a</strong></span> <span class='ocrx_word' id='word_1_176' title='bbox 1513 2946 1629 3013; x_wconf 89' lang='lat' dir='ltr'><strong>litteris</strong></span> <span class='ocrx_word' id='word_1_177' title='bbox 1643 2954 1883 3033; x_wconf 69' lang='lat' dir='ltr'><strong>temperasses?</strong></span> 
     </span>
     <span class='ocr_line' id='line_1_21' title="bbox 244 3049 1880 3135; baseline 0.002 -21"><span class='ocrx_word' id='word_1_178' title='bbox 244 3050 361 3117; x_wconf 87' lang='lat' dir='ltr'><strong>vincor</strong></span> <span class='ocrx_word' id='word_1_179' title='bbox 382 3058 491 3117; x_wconf 91' lang='lat' dir='ltr'><strong>tamen</strong></span> <span class='ocrx_word' id='word_1_180' title='bbox 511 3049 695 3116; x_wconf 85' lang='lat' dir='ltr'><strong>adfectione</strong></span> <span class='ocrx_word' id='word_1_181' title='bbox 717 3058 750 3116; x_wconf 91' lang='lat' dir='ltr'><strong>et</strong></span> <span class='ocrx_word' id='word_1_182' title='bbox 773 3051 913 3116; x_wconf 88' lang='lat' dir='ltr'><strong>delecter</strong></span> <span class='ocrx_word' id='word_1_183' title='bbox 935 3051 993 3116; x_wconf 86' lang='lat' dir='ltr'><strong>tali</strong></span> <span class='ocrx_word' id='word_1_184' title='bbox 1008 3050 1178 3116; x_wconf 90' lang='lat' dir='ltr'><strong>mendacio</strong></span> <span class='ocrx_word' id='word_1_185' title='bbox 1192 3071 1275 3117; x_wconf 91' lang='lat' dir='ltr'><strong>meo.</strong></span> <span class='ocrx_word' id='word_1_186' title='bbox 1316 3071 1357 3118; x_wconf 81' lang='lat' dir='ltr'><strong>ex</strong></span> <span class='ocrx_word' id='word_1_187' title='bbox 1373 3071 1436 3134; x_wconf 90' lang='lat' dir='ltr'><strong>quo</strong></span> <span class='ocrx_word' id='word_1_188' title='bbox 1450 3050 1641 3135; x_wconf 85' lang='lat' dir='ltr'><strong>intellegere</strong></span> <span class='ocrx_word' id='word_1_189' title='bbox 1656 3057 1758 3135; x_wconf 89' lang='lat' dir='ltr'><strong>potes,</strong></span> <span class='ocrx_word' id='word_1_190' title='bbox 1783 3072 1880 3135; x_wconf 90' lang='lat' dir='ltr'><strong>quam</strong></span> 
     </span>
    </p>

    <p class='ocr_par' dir='ltr' id='par_1_7' title="bbox 180 3152 1216 3237">
     <span class='ocr_line' id='line_1_22' title="bbox 180 3152 1216 3237; baseline -0.001 -18"><span class='ocrx_word' id='word_1_191' title='bbox 180 3161 216 3206; x_wconf 80' lang='lat'><strong>²⁰</strong></span> <span class='ocrx_word' id='word_1_192' title='bbox 242 3160 432 3220; x_wconf 85' lang='lat' dir='ltr'><strong>constanter</strong></span> <span class='ocrx_word' id='word_1_193' title='bbox 453 3159 485 3219; x_wconf 88' lang='lat' dir='ltr'><strong>te</strong></span> <span class='ocrx_word' id='word_1_194' title='bbox 508 3152 654 3237; x_wconf 89' lang='lat' dir='ltr'><strong>diligam,</strong></span> <span class='ocrx_word' id='word_1_195' title='bbox 680 3153 735 3237; x_wconf 89' lang='lat' dir='ltr'><strong>qui</strong></span> <span class='ocrx_word' id='word_1_196' title='bbox 757 3160 822 3220; x_wconf 90' lang='lat' dir='ltr'><strong>tam</strong></span> <span class='ocrx_word' id='word_1_197' title='bbox 845 3153 1063 3221; x_wconf 88' lang='lat' dir='ltr'><strong>inconstanter</strong></span> <span class='ocrx_word' id='word_1_198' title='bbox 1084 3153 1216 3221; x_wconf 85' lang='lat' dir='ltr'><strong>irascor.</strong></span> 
     </span>
    </p>
   </div>
   <div class='ocr_carea' id='block_1_7' title="bbox 791 3412 2011 3617">
    <p class='ocr_par' dir='ltr' id='par_1_8' title="bbox 791 3412 2011 3617">
     <span class='ocr_line' id='line_1_23' title="bbox 995 3412 1135 3479; baseline 0 -1"><span class='ocrx_word' id='word_1_199' title='bbox 995 3412 1135 3479; x_wconf 88' lang='lat' dir='ltr'>XXVII.</span> 
     </span>
     <span class='ocr_line' id='line_1_24' title="bbox 791 3550 2011 3617; baseline -0.001 -1"><span class='ocrx_word' id='word_1_200' title='bbox 791 3550 1052 3617; x_wconf 82' lang='lat' dir='ltr'>SYMMACHVS</span> <span class='ocrx_word' id='word_1_201' title='bbox 1074 3551 1330 3617; x_wconf 81' lang='lat' dir='ltr'>MARINIANO.</span> <span class='ocrx_word' id='word_1_202' title='bbox 1898 3550 2011 3615; x_wconf 86' lang='lat' dir='ltr'><strong>PVM</strong></span> 
     </span>
    </p>
   </div>
   <div class='ocr_carea' id='block_1_8' title="bbox 334 3716 1876 3809">
    <p class='ocr_par' dir='ltr' id='par_1_9' title="bbox 334 3716 1876 3809">
     <span class='ocr_line' id='line_1_25' title="bbox 334 3716 1876 3809; baseline 0.001 -21"><span class='ocrx_word' id='word_1_203' title='bbox 334 3722 543 3790; x_wconf 85' lang='lat' dir='ltr'><strong>Desideratus</strong></span> <span class='ocrx_word' id='word_1_204' title='bbox 565 3723 644 3788; x_wconf 90' lang='lat' dir='ltr'><strong>mihi</strong></span> <span class='ocrx_word' id='word_1_205' title='bbox 666 3722 790 3788; x_wconf 86' lang='lat' dir='ltr'><strong>litteras</strong></span> <span class='ocrx_word' id='word_1_206' title='bbox 811 3742 883 3789; x_wconf 90' lang='lat' dir='ltr'><strong>sero</strong></span> <span class='ocrx_word' id='word_1_207' title='bbox 908 3722 1044 3788; x_wconf 88' lang='lat' dir='ltr'><strong>bominis</strong></span> <span class='ocrx_word' id='word_1_208' title='bbox 1066 3716 1130 3789; x_wconf 89' lang='lat' dir='ltr'><strong>mei</strong></span> <span class='ocrx_word' id='word_1_209' title='bbox 1152 3724 1312 3791; x_wconf 89' lang='lat' dir='ltr'><strong>adventus</strong></span> <span class='ocrx_word' id='word_1_210' title='bbox 1335 3722 1495 3805; x_wconf 82' lang='lat' dir='ltr'><strong>exhibuit,</strong></span> <span class='ocrx_word' id='word_1_211' title='bbox 1529 3745 1613 3807; x_wconf 90' lang='lat' dir='ltr'><strong>quae</strong></span> <span class='ocrx_word' id='word_1_212' title='bbox 1635 3724 1727 3790; x_wconf 88' lang='lat' dir='ltr'><strong>nobis</strong></span> <span class='ocrx_word' id='word_1_213' title='bbox 1749 3731 1876 3809; x_wconf 85' lang='lat' dir='ltr'><strong>gratam</strong></span> 
     </span>
    </p>
   </div>
   <div class='ocr_carea' id='block_1_9' title="bbox 157 3825 1876 4014">
    <p class='ocr_par' dir='ltr' id='par_1_10' title="bbox 157 3825 1876 4014">
     <span class='ocr_line' id='line_1_26' title="bbox 233 3825 1876 3912; baseline -0.002 -17"><span class='ocrx_word' id='word_1_214' title='bbox 233 3828 421 3895; x_wconf 72' lang='lat' dir='ltr'><strong>admudm</strong></span> <span class='ocrx_word' id='word_1_215' title='bbox 443 3826 558 3893; x_wconf 87' lang='lat' dir='ltr'><strong>salutis</strong></span> <span class='ocrx_word' id='word_1_216' title='bbox 580 3835 655 3892; x_wconf 92' lang='lat' dir='ltr'><strong>tuae</strong></span> <span class='ocrx_word' id='word_1_217' title='bbox 676 3825 829 3892; x_wconf 90' lang='lat' dir='ltr'><strong>iudicium</strong></span> <span class='ocrx_word' id='word_1_218' title='bbox 853 3827 1092 3910; x_wconf 89' lang='lat' dir='ltr'><strong>praestiterunt.</strong></span> <span class='ocrx_word' id='word_1_219' title='bbox 1134 3835 1230 3912; x_wconf 88' lang='lat' dir='ltr'><strong>atque</strong></span> <span class='ocrx_word' id='word_1_220' title='bbox 1246 3828 1368 3892; x_wconf 88' lang='lat' dir='ltr'><strong>utinam</strong></span> <span class='ocrx_word' id='word_1_221' title='bbox 1384 3826 1525 3893; x_wconf 89' lang='lat' dir='ltr'><strong>facilitas</strong></span> <span class='ocrx_word' id='word_1_222' title='bbox 1541 3834 1736 3893; x_wconf 88' lang='lat' dir='ltr'><strong>commeatus</strong></span> <span class='ocrx_word' id='word_1_223' title='bbox 1751 3827 1876 3912; x_wconf 90' lang='lat' dir='ltr'><strong>copiam</strong></span> 
     </span>
     <span class='ocr_line' id='line_1_27' title="bbox 157 3925 717 4014; baseline -0.005 -16"><span class='ocrx_word' id='word_1_224' title='bbox 157 3925 202 3976; x_wconf 73' lang='lat'><strong>²⁵</strong></span> <span class='ocrx_word' id='word_1_225' title='bbox 237 3931 341 3999; x_wconf 88' lang='lat' dir='ltr'><strong>daret</strong></span> <span class='ocrx_word' id='word_1_226' title='bbox 362 3930 587 4014; x_wconf 83' lang='lat' dir='ltr'><strong>frequentioris</strong></span> <span class='ocrx_word' id='word_1_227' title='bbox 609 3929 717 3995; x_wconf 89' lang='lat' dir='ltr'><strong>oflicii.</strong></span> 
     </span>
    </p>
   </div>
   <div class='ocr_carea' id='block_1_10' title="bbox 790 4173 1328 4378">
    <p class='ocr_par' dir='ltr' id='par_1_11' title="bbox 790 4173 1328 4378">
     <span class='ocr_line' id='line_1_28' title="bbox 983 4173 1137 4238; baseline 0.006 -1"><span class='ocrx_word' id='word_1_228' title='bbox 983 4173 1137 4238; x_wconf 86' lang='lat' dir='ltr'>XXVIII.</span> 
     </span>
     <span class='ocr_line' id='line_1_29' title="bbox 790 4309 1328 4378; baseline 0.002 -3"><span class='ocrx_word' id='word_1_229' title='bbox 790 4309 1049 4378; x_wconf 79' lang='lat' dir='ltr'>SYMMAOHVS</span> <span class='ocrx_word' id='word_1_230' title='bbox 1072 4310 1328 4377; x_wconf 86' lang='lat' dir='ltr'>MARINIANO.</span> 
     </span>
    </p>
   </div>
   <div class='ocr_carea' id='block_1_11' title="bbox 163 4481 1874 4981">
    <p class='ocr_par' dir='ltr' id='par_1_12' title="bbox 332 4481 1872 4570">
     <span class='ocr_line' id='line_1_30' title="bbox 332 4481 1872 4570; baseline 0 -20"><span class='ocrx_word' id='word_1_231' title='bbox 332 4484 531 4570; x_wconf 81' lang='lat' dir='ltr'><strong>Expectatae</strong></span> <span class='ocrx_word' id='word_1_232' title='bbox 560 4482 637 4547; x_wconf 91' lang='lat' dir='ltr'><strong>milri</strong></span> <span class='ocrx_word' id='word_1_233' title='bbox 667 4488 743 4548; x_wconf 89' lang='lat' dir='ltr'><strong>tuae</strong></span> <span class='ocrx_word' id='word_1_234' title='bbox 772 4483 897 4549; x_wconf 88' lang='lat' dir='ltr'><strong>litterae</strong></span> <span class='ocrx_word' id='word_1_235' title='bbox 931 4482 1149 4567; x_wconf 89' lang='lat' dir='ltr'><strong>contigerunt,</strong></span> <span class='ocrx_word' id='word_1_236' title='bbox 1186 4483 1304 4567; x_wconf 91' lang='lat' dir='ltr'><strong>quibus</strong></span> <span class='ocrx_word' id='word_1_237' title='bbox 1337 4482 1512 4568; x_wconf 88' lang='lat' dir='ltr'><strong>promptior</strong></span> <span class='ocrx_word' id='word_1_238' title='bbox 1542 4481 1587 4548; x_wconf 90' lang='lat' dir='ltr'><strong>ad</strong></span> <span class='ocrx_word' id='word_1_239' title='bbox 1618 4483 1872 4550; x_wconf 87' lang='lat' dir='ltr'><strong>vicissitudinem</strong></span> 
     </span>
    </p>

    <p class='ocr_par' dir='ltr' id='par_1_13' title="bbox 239 4585 1874 4674">
     <span class='ocr_line' id='line_1_31' title="bbox 239 4585 1874 4674; baseline 0 -20"><span class='ocrx_word' id='word_1_240' title='bbox 239 4588 364 4656; x_wconf 86' lang='lat' dir='ltr'><strong>reddar</strong></span> <span class='ocrx_word' id='word_1_241' title='bbox 385 4586 494 4653; x_wconf 89' lang='lat' dir='ltr'><strong>officii.</strong></span> <span class='ocrx_word' id='word_1_242' title='bbox 542 4606 602 4652; x_wconf 90' lang='lat' dir='ltr'><strong>nec</strong></span> <span class='ocrx_word' id='word_1_243' title='bbox 623 4585 759 4668; x_wconf 90' lang='lat' dir='ltr'><strong>mireris,</strong></span> <span class='ocrx_word' id='word_1_244' title='bbox 785 4585 871 4669; x_wconf 91' lang='lat' dir='ltr'><strong>quod</strong></span> <span class='ocrx_word' id='word_1_245' title='bbox 891 4587 950 4653; x_wconf 88' lang='lat' dir='ltr'><strong>tibi</strong></span> <span class='ocrx_word' id='word_1_246' title='bbox 973 4606 1077 4652; x_wconf 90' lang='lat' dir='ltr'><strong>sermo</strong></span> <span class='ocrx_word' id='word_1_247' title='bbox 1099 4594 1209 4653; x_wconf 89' lang='lat' dir='ltr'><strong>noster</strong></span> <span class='ocrx_word' id='word_1_248' title='bbox 1231 4606 1302 4652; x_wconf 90' lang='lat' dir='ltr'><strong>sero</strong></span> <span class='ocrx_word' id='word_1_249' title='bbox 1325 4586 1479 4670; x_wconf 90' lang='lat' dir='ltr'><strong>tradetur,</strong></span> <span class='ocrx_word' id='word_1_250' title='bbox 1506 4607 1576 4652; x_wconf 91' lang='lat' dir='ltr'><strong>curn</strong></span> <span class='ocrx_word' id='word_1_251' title='bbox 1595 4586 1719 4671; x_wconf 90' lang='lat' dir='ltr'><strong>aliquid</strong></span> <span class='ocrx_word' id='word_1_252' title='bbox 1735 4607 1874 4674; x_wconf 91' lang='lat' dir='ltr'><strong>occupa-</strong></span> 
     </span>
    </p>

    <p class='ocr_par' dir='ltr' id='par_1_14' title="bbox 163 4682 1874 4774">
     <span class='ocr_line' id='line_1_32' title="bbox 163 4682 1874 4774; baseline -0.002 -16"><span class='ocrx_word' id='word_1_253' title='bbox 163 4682 206 4735; x_wconf 72' lang='lat'><strong>⁸⁰</strong></span> <span class='ocrx_word' id='word_1_254' title='bbox 237 4693 348 4758; x_wconf 83' lang='lat' dir='ltr'><strong>tiones</strong></span> <span class='ocrx_word' id='word_1_255' title='bbox 370 4689 433 4756; x_wconf 90' lang='lat' dir='ltr'><strong>sibi</strong></span> <span class='ocrx_word' id='word_1_256' title='bbox 455 4688 635 4772; x_wconf 82' lang='lat' dir='ltr'><strong>vindicent,</strong></span> <span class='ocrx_word' id='word_1_257' title='bbox 668 4709 905 4772; x_wconf 89' lang='lat' dir='ltr'><strong>nonnumquam</strong></span> <span class='ocrx_word' id='word_1_258' title='bbox 936 4689 1022 4756; x_wconf 90' lang='lat' dir='ltr'><strong>desit</strong></span> <span class='ocrx_word' id='word_1_259' title='bbox 1051 4689 1205 4769; x_wconf 88' lang='lat' dir='ltr'><strong>facultas,</strong></span> <span class='ocrx_word' id='word_1_260' title='bbox 1239 4689 1478 4756; x_wconf 85' lang='lat' dir='ltr'><strong>tabellariorum</strong></span> <span class='ocrx_word' id='word_1_261' title='bbox 1509 4709 1636 4774; x_wconf 89' lang='lat' dir='ltr'><strong>quoque</strong></span> <span class='ocrx_word' id='word_1_262' title='bbox 1665 4691 1874 4774; x_wconf 86' lang='lat' dir='ltr'><strong>neglegentia</strong></span> 
     </span>
    </p>

    <p class='ocr_par' dir='ltr' id='par_1_15' title="bbox 239 4780 1872 4981">
     <span class='ocr_line' id='line_1_33' title="bbox 239 4780 1872 4879; baseline -0.001 -19"><span class='ocrx_word' id='word_1_263' title='bbox 239 4800 426 4879; x_wconf 88' lang='lat' dir='ltr'><strong>susceptam</strong></span> <span class='ocrx_word' id='word_1_264' title='bbox 448 4814 578 4879; x_wconf 89' lang='lat' dir='ltr'><strong>operam</strong></span> <span class='ocrx_word' id='word_1_265' title='bbox 606 4792 795 4878; x_wconf 90' lang='lat' dir='ltr'><strong>plerumque</strong></span> <span class='ocrx_word' id='word_1_266' title='bbox 825 4792 1004 4859; x_wconf 87' lang='lat' dir='ltr'><strong>frustretur.</strong></span> <span class='ocrx_word' id='word_1_267' title='bbox 1053 4792 1166 4858; x_wconf 90' lang='lat' dir='ltr'><strong>desine</strong></span> <span class='ocrx_word' id='word_1_268' title='bbox 1193 4792 1291 4875; x_wconf 90' lang='lat' dir='ltr'><strong>igitur</strong></span> <span class='ocrx_word' id='word_1_269' title='bbox 1318 4793 1461 4858; x_wconf 91' lang='lat' dir='ltr'><strong>animum</strong></span> <span class='ocrx_word' id='word_1_270' title='bbox 1489 4799 1632 4858; x_wconf 88' lang='lat' dir='ltr'><strong>nestmm</strong></span> <span class='ocrx_word' id='word_1_271' title='bbox 1662 4780 1872 4878; x_wconf 85' lang='lat' dir='ltr'><strong>epistularum</strong></span> 
     </span>
     <span class='ocr_line' id='line_1_34' title="bbox 240 4896 1640 4981; baseline -0.003 -16"><span class='ocrx_word' id='word_1_272' title='bbox 240 4898 417 4965; x_wconf 87' lang='lat' dir='ltr'><strong>severitate</strong></span> <span class='ocrx_word' id='word_1_273' title='bbox 439 4896 552 4979; x_wconf 83' lang='lat' dir='ltr'><strong>metiri,</strong></span> <span class='ocrx_word' id='word_1_274' title='bbox 579 4917 651 4963; x_wconf 91' lang='lat' dir='ltr'><strong>cum</strong></span> <span class='ocrx_word' id='word_1_275' title='bbox 673 4897 772 4962; x_wconf 90' lang='lat' dir='ltr'><strong>rebus</strong></span> <span class='ocrx_word' id='word_1_276' title='bbox 793 4896 900 4981; x_wconf 87' lang='lat' dir='ltr'><strong>potius</strong></span> <span class='ocrx_word' id='word_1_277' title='bbox 922 4916 1019 4980; x_wconf 90' lang='lat' dir='ltr'><strong>quarn</strong></span> <span class='ocrx_word' id='word_1_278' title='bbox 1041 4896 1149 4963; x_wconf 86' lang='lat' dir='ltr'><strong>verbis</strong></span> <span class='ocrx_word' id='word_1_279' title='bbox 1171 4901 1335 4981; x_wconf 89' lang='lat' dir='ltr'><strong>spectetur</strong></span> <span class='ocrx_word' id='word_1_280' title='bbox 1355 4897 1508 4963; x_wconf 88' lang='lat' dir='ltr'><strong>adfectio.</strong></span> <span class='ocrx_word' id='word_1_281' title='bbox 1555 4896 1640 4963; x_wconf 89' lang='lat' dir='ltr'><strong>vale.</strong></span> 
     </span>
    </p>
   </div>
   <div class='ocr_carea' id='block_1_12' title="bbox 238 5171 1868 5845">
    <p class='ocr_par' dir='ltr' id='par_1_16' title="bbox 238 5171 1868 5501">
     <span class='ocr_line' id='line_1_35' title="bbox 328 5171 1868 5242; baseline 0.001 -18"><span class='ocrx_word' id='word_1_282' title='bbox 328 5174 412 5225; x_wconf 64' lang='lat' dir='ltr'><strong>dem.</strong></span> <span class='ocrx_word' id='word_1_283' title='bbox 435 5175 479 5224; x_wconf 77' lang='grc' dir='ltr'><strong>ΡΡ</strong></span> <span class='ocrx_word' id='word_1_284' title='bbox 580 5174 653 5224; x_wconf 72' lang='lat' dir='ltr'><strong>itui</strong></span> <span class='ocrx_word' id='word_1_285' title='bbox 670 5175 699 5222; x_wconf 80' lang='lat' dir='ltr'><strong>ln</strong></span> <span class='ocrx_word' id='word_1_286' title='bbox 716 5199 752 5213; x_wconf 88' lang='lat'>-</span> <span class='ocrx_word' id='word_1_287' title='bbox 768 5175 838 5222; x_wconf 89' lang='lat' dir='ltr'><strong>enim</strong></span> <span class='ocrx_word' id='word_1_288' title='bbox 855 5189 904 5224; x_wconf 90' lang='lat' dir='ltr'><strong>om.</strong></span> <span class='ocrx_word' id='word_1_289' title='bbox 922 5173 968 5223; x_wconf 86' lang='lat' dir='ltr'><strong>Pl</strong></span> <span class='ocrx_word' id='word_1_290' title='bbox 982 5190 1016 5224; x_wconf 91' lang='lat' dir='ltr'><strong>m.</strong></span> <span class='ocrx_word' id='word_1_291' title='bbox 1124 5175 1139 5224; x_wconf 84' lang='lat'><strong>5</strong></span> <span class='ocrx_word' id='word_1_292' title='bbox 1158 5171 1346 5242; x_wconf 72' lang='lat' dir='ltr'><strong>uslou1]8urc,</strong></span> <span class='ocrx_word' id='word_1_293' title='bbox 1365 5176 1456 5225; x_wconf 80' lang='lat' dir='ltr'><strong>suaoul</strong></span> <span class='ocrx_word' id='word_1_294' title='bbox 1474 5174 1520 5224; x_wconf 81' lang='lat' dir='ltr'><strong>Pl</strong></span> <span class='ocrx_word' id='word_1_295' title='bbox 1534 5190 1567 5226; x_wconf 77' lang='lat' dir='ltr'><strong>aa</strong></span> <span class='ocrx_word' id='word_1_296' title='bbox 1586 5174 1634 5236; x_wconf 67' lang='lat' dir='ltr'><strong>Vll,</strong></span> <span class='ocrx_word' id='word_1_297' title='bbox 1655 5175 1754 5224; x_wconf 79' lang='lat' dir='ltr'><strong>ansioni</strong></span> <span class='ocrx_word' id='word_1_298' title='bbox 1774 5174 1868 5225; x_wconf 77' lang='lat' dir='ltr'><strong>Pam.</strong></span> 
     </span>
     <span class='ocr_line' id='line_1_36' title="bbox 238 5259 1867 5323; baseline -0.003 -11"><span class='ocrx_word' id='word_1_299' title='bbox 238 5262 424 5313; x_wconf 76' lang='lat' dir='ltr'><strong>(lbsbundana</strong></span> <span class='ocrx_word' id='word_1_300' title='bbox 440 5261 484 5310; x_wconf 82' lang='lat' dir='ltr'><strong>VF</strong></span> <span class='ocrx_word' id='word_1_301' title='bbox 565 5262 610 5311; x_wconf 85' lang='lat' dir='ltr'><strong>scd</strong></span> <span class='ocrx_word' id='word_1_302' title='bbox 622 5274 670 5309; x_wconf 81' lang='grc' dir='ltr'>οηι.</span> <span class='ocrx_word' id='word_1_303' title='bbox 684 5260 707 5307; x_wconf 84' lang='lat' dir='ltr'><em>F</em></span> <span class='ocrx_word' id='word_1_304' title='bbox 791 5262 913 5311; x_wconf 81' lang='lat' dir='ltr'><strong>beneflcio</strong></span> <span class='ocrx_word' id='word_1_305' title='bbox 926 5261 967 5310; x_wconf 86' lang='lat' dir='ltr'><strong>Pl</strong></span> <span class='ocrx_word' id='word_1_306' title='bbox 979 5276 1025 5323; x_wconf 76' lang='lat' dir='ltr'><strong>aa,</strong></span> <span class='ocrx_word' id='word_1_307' title='bbox 1039 5262 1154 5310; x_wconf 81' lang='lat' dir='ltr'><strong>beneficii</strong></span> <span class='ocrx_word' id='word_1_308' title='bbox 1168 5261 1255 5312; x_wconf 77' lang='lat' dir='ltr'><strong>P2m.</strong></span> <span class='ocrx_word' id='word_1_309' title='bbox 1267 5262 1291 5308; x_wconf 99' lang='grc' dir='ltr'><em>Ρ</em></span> <span class='ocrx_word' id='word_1_310' title='bbox 1375 5259 1456 5311; x_wconf 77' lang='lat' dir='ltr'><strong>8urra</strong></span> <span class='ocrx_word' id='word_1_311' title='bbox 1468 5262 1512 5311; x_wconf 87' lang='lat' dir='ltr'><strong>Pl</strong></span> <span class='ocrx_word' id='word_1_312' title='bbox 1523 5277 1557 5310; x_wconf 83' lang='lat' dir='ltr'><strong>m.</strong></span> <span class='ocrx_word' id='word_1_313' title='bbox 1575 5262 1596 5310; x_wconf 85' lang='lat' dir='ltr'><strong><em>V</em></strong></span> <span class='ocrx_word' id='word_1_314' title='bbox 1680 5260 1802 5322; x_wconf 69' lang='lat' dir='ltr'><strong>egumia</strong></span> <span class='ocrx_word' id='word_1_315' title='bbox 1819 5261 1867 5319; x_wconf 73' lang='lat' dir='ltr'><strong>Vs,</strong></span> 
     </span>
     <span class='ocr_line' id='line_1_37' title="bbox 239 5343 1868 5415; baseline -0.002 -17"><span class='ocrx_word' id='word_1_316' title='bbox 239 5349 366 5398; x_wconf 77' lang='lat' dir='ltr'><strong>Gallaecia</strong></span> <span class='ocrx_word' id='word_1_317' title='bbox 382 5347 422 5397; x_wconf 79' lang='lat' dir='ltr'><strong>ed.</strong></span> <span class='ocrx_word' id='word_1_318' title='bbox 440 5347 530 5396; x_wconf 72' lang='lat' dir='ltr'><strong>Vetula</strong></span> <span class='ocrx_word' id='word_1_319' title='bbox 641 5347 734 5395; x_wconf 89' lang='lat' dir='ltr'><strong>uellem</strong></span> <span class='ocrx_word' id='word_1_320' title='bbox 753 5348 777 5394; x_wconf 99' lang='grc' dir='ltr'><em>Ρ</em></span> <span class='ocrx_word' id='word_1_321' title='bbox 889 5345 1067 5410; x_wconf 70' lang='lat' dir='ltr'><strong>repressores</strong></span> <span class='ocrx_word' id='word_1_322' title='bbox 1091 5349 1110 5399; x_wconf 82' lang='lat' dir='ltr'><em>V</em></span> <span class='ocrx_word' id='word_1_323' title='bbox 1223 5347 1251 5397; x_wconf 95' lang='lat' dir='ltr'><strong>ll</strong></span> <span class='ocrx_word' id='word_1_324' title='bbox 1272 5349 1330 5396; x_wconf 88' lang='lat' dir='ltr'><strong>lene</strong></span> <span class='ocrx_word' id='word_1_325' title='bbox 1347 5347 1371 5396; x_wconf 90' lang='grc' dir='ltr'><em>Ρ</em></span> <span class='ocrx_word' id='word_1_326' title='bbox 1485 5345 1516 5395; x_wconf 87' lang='grc'><strong>13</strong></span> <span class='ocrx_word' id='word_1_327' title='bbox 1535 5343 1636 5415; x_wconf 83' lang='lat' dir='ltr'><strong>parum]</strong></span> <span class='ocrx_word' id='word_1_328' title='bbox 1654 5346 1755 5410; x_wconf 73' lang='grc' dir='ltr'><em>ΡΡΓΦ,</em></span> <span class='ocrx_word' id='word_1_329' title='bbox 1775 5360 1823 5396; x_wconf 87' lang='lat' dir='ltr'><strong>cm.</strong></span> <span class='ocrx_word' id='word_1_330' title='bbox 1840 5348 1868 5407; x_wconf 87' lang='grc' dir='ltr'><strong>Ρ,</strong></span> 
     </span>
     <span class='ocr_line' id='line_1_38' title="bbox 240 5430 1854 5501; baseline -0.002 -16"><span class='ocrx_word' id='word_1_331' title='bbox 240 5450 328 5485; x_wconf 78' lang='lat' dir='ltr'><strong>aarum</strong></span> <span class='ocrx_word' id='word_1_332' title='bbox 345 5434 475 5496; x_wconf 70' lang='lat' dir='ltr'><strong>&amp;luppiter</strong></span> <span class='ocrx_word' id='word_1_333' title='bbox 577 5433 632 5496; x_wconf 87' lang='lat' dir='ltr'><strong>lpse</strong></span> <span class='ocrx_word' id='word_1_334' title='bbox 649 5434 746 5482; x_wconf 82' lang='lat' dir='ltr'><strong>sentias</strong></span> <span class='ocrx_word' id='word_1_335' title='bbox 765 5431 790 5482; x_wconf 88' lang='grc' dir='ltr'><em>Φ</em></span> <span class='ocrx_word' id='word_1_336' title='bbox 896 5434 927 5484; x_wconf 82' lang='grc'><strong>14</strong></span> <span class='ocrx_word' id='word_1_337' title='bbox 946 5430 1035 5501; x_wconf 87' lang='lat' dir='ltr'><strong>hiemi]</strong></span> <span class='ocrx_word' id='word_1_338' title='bbox 1052 5433 1207 5499; x_wconf 74' lang='lat' dir='ltr'><strong>Simoundou,</strong></span> <span class='ocrx_word' id='word_1_339' title='bbox 1228 5438 1277 5483; x_wconf 87' lang='lat' dir='ltr'><strong>emi</strong></span> <span class='ocrx_word' id='word_1_340' title='bbox 1296 5431 1396 5495; x_wconf 68' lang='grc' dir='ltr'><em>ΡΡῙΨ,</em></span> <span class='ocrx_word' id='word_1_341' title='bbox 1418 5435 1485 5483; x_wconf 81' lang='lat' dir='ltr'><strong>euim</strong></span> <span class='ocrx_word' id='word_1_342' title='bbox 1506 5435 1528 5481; x_wconf 88' lang='grc' dir='ltr'><em>Ρ</em></span> <span class='ocrx_word' id='word_1_343' title='bbox 1629 5433 1810 5483; x_wconf 81' lang='lat' dir='ltr'><strong>indumentum</strong></span> <span class='ocrx_word' id='word_1_344' title='bbox 1829 5431 1854 5481; x_wconf 85' lang='grc' dir='ltr'><em>Φ</em></span> 
     </span>
    </p>

    <p class='ocr_par' dir='ltr' id='par_1_17' title="bbox 330 5518 1848 5572">
     <span class='ocr_line' id='line_1_39' title="bbox 330 5518 1848 5572; baseline -0.005 0"><span class='ocrx_word' id='word_1_345' title='bbox 330 5521 362 5572; x_wconf 82' lang='lat' dir='ltr'><strong>lu</strong></span> <span class='ocrx_word' id='word_1_346' title='bbox 378 5534 426 5571; x_wconf 86' lang='lat' dir='ltr'><strong>cm.</strong></span> <span class='ocrx_word' id='word_1_347' title='bbox 445 5520 489 5569; x_wconf 80' lang='grc' dir='ltr'><strong>ΡΡ</strong></span> <span class='ocrx_word' id='word_1_348' title='bbox 590 5518 620 5568; x_wconf 80' lang='grc'><strong>17</strong></span> <span class='ocrx_word' id='word_1_349' title='bbox 639 5533 740 5569; x_wconf 84' lang='lat' dir='ltr'><strong>secures</strong></span> <span class='ocrx_word' id='word_1_350' title='bbox 758 5520 804 5568; x_wconf 86' lang='lat' dir='ltr'><strong>Pl</strong></span> <span class='ocrx_word' id='word_1_351' title='bbox 818 5535 852 5570; x_wconf 87' lang='lat' dir='ltr'><strong>m.</strong></span> <span class='ocrx_word' id='word_1_352' title='bbox 959 5522 1023 5570; x_wconf 85' lang='lat' dir='ltr'><strong>utcla</strong></span> <span class='ocrx_word' id='word_1_353' title='bbox 1043 5521 1091 5569; x_wconf 86' lang='lat' dir='ltr'><strong>Pl</strong></span> <span class='ocrx_word' id='word_1_354' title='bbox 1105 5536 1140 5571; x_wconf 88' lang='lat' dir='ltr'><strong>m.</strong></span> <span class='ocrx_word' id='word_1_355' title='bbox 1247 5520 1390 5570; x_wconf 83' lang='lat' dir='ltr'><strong>latinsmodt</strong></span> <span class='ocrx_word' id='word_1_356' title='bbox 1408 5522 1456 5570; x_wconf 88' lang='lat' dir='ltr'><strong>tibi</strong></span> <span class='ocrx_word' id='word_1_357' title='bbox 1476 5520 1497 5565; x_wconf 81' lang='grc' dir='ltr'><em>Ρ</em></span> <span class='ocrx_word' id='word_1_358' title='bbox 1599 5518 1633 5568; x_wconf 77' lang='grc'><strong>20</strong></span> <span class='ocrx_word' id='word_1_359' title='bbox 1651 5519 1709 5567; x_wconf 76' lang='lat' dir='ltr'><strong>urle</strong></span> <span class='ocrx_word' id='word_1_360' title='bbox 1726 5518 1785 5568; x_wconf 84' lang='lat' dir='ltr'><strong>add.</strong></span> <span class='ocrx_word' id='word_1_361' title='bbox 1805 5519 1848 5566; x_wconf 75' lang='lat' dir='ltr'><strong>VI*</strong></span> 
     </span>
    </p>

    <p class='ocr_par' dir='ltr' id='par_1_18' title="bbox 325 5603 1087 5658">
     <span class='ocr_line' id='line_1_40' title="bbox 325 5603 1087 5658; baseline -0.004 0"><span class='ocrx_word' id='word_1_362' title='bbox 325 5606 360 5658; x_wconf 78' lang='lat'><strong>22</strong></span> <span class='ocrx_word' id='word_1_363' title='bbox 377 5620 426 5655; x_wconf 89' lang='lat' dir='ltr'><strong>om.</strong></span> <span class='ocrx_word' id='word_1_364' title='bbox 447 5604 495 5654; x_wconf 78' lang='lat' dir='ltr'><strong>VM</strong></span> <span class='ocrx_word' id='word_1_365' title='bbox 595 5603 628 5654; x_wconf 79' lang='lat'><strong>2³</strong></span> <span class='ocrx_word' id='word_1_366' title='bbox 647 5619 719 5655; x_wconf 85' lang='lat' dir='ltr'><strong>serus</strong></span> <span class='ocrx_word' id='word_1_367' title='bbox 744 5606 764 5653; x_wconf 86' lang='lat' dir='ltr'><strong><em>V</em></strong></span> <span class='ocrx_word' id='word_1_368' title='bbox 866 5605 899 5656; x_wconf 78' lang='lat' dir='ltr'><strong>at</strong></span> <span class='ocrx_word' id='word_1_369' title='bbox 917 5612 1044 5656; x_wconf 83' lang='lat' dir='ltr'><strong>comestus</strong></span> <span class='ocrx_word' id='word_1_370' title='bbox 1066 5608 1087 5655; x_wconf 86' lang='lat' dir='ltr'><em>V</em></span> 
     </span>
    </p>

    <p class='ocr_par' dir='ltr' id='par_1_19' title="bbox 240 5687 1865 5845">
     <span class='ocr_line' id='line_1_41' title="bbox 325 5687 1865 5757; baseline -0.002 -14"><span class='ocrx_word' id='word_1_371' title='bbox 325 5692 357 5743; x_wconf 68' lang='grc' dir='ltr'><strong>Ἡ</strong></span> <span class='ocrx_word' id='word_1_372' title='bbox 376 5707 425 5742; x_wconf 88' lang='lat' dir='ltr'><strong>om.</strong></span> <span class='ocrx_word' id='word_1_373' title='bbox 443 5692 493 5742; x_wconf 77' lang='lat' dir='ltr'><strong>VM</strong></span> <span class='ocrx_word' id='word_1_374' title='bbox 596 5707 737 5754; x_wconf 79' lang='lat' dir='ltr'><strong>symmacus</strong></span> <span class='ocrx_word' id='word_1_375' title='bbox 755 5693 778 5742; x_wconf 90' lang='lat' dir='ltr'><em>P</em></span> <span class='ocrx_word' id='word_1_376' title='bbox 897 5692 930 5743; x_wconf 78' lang='lat'><strong>29</strong></span> <span class='ocrx_word' id='word_1_377' title='bbox 948 5695 1012 5742; x_wconf 82' lang='lat' dir='ltr'><strong>serlo</strong></span> <span class='ocrx_word' id='word_1_378' title='bbox 1034 5693 1055 5743; x_wconf 86' lang='lat' dir='ltr'><em>V</em></span> <span class='ocrx_word' id='word_1_379' title='bbox 1175 5693 1204 5744; x_wconf 83' lang='grc'><strong>31</strong></span> <span class='ocrx_word' id='word_1_380' title='bbox 1226 5693 1351 5743; x_wconf 66' lang='lat' dir='ltr'><strong>fruemur</strong></span> <span class='ocrx_word' id='word_1_381' title='bbox 1372 5692 1422 5742; x_wconf 81' lang='lat' dir='ltr'><strong>VM</strong></span> <span class='ocrx_word' id='word_1_382' title='bbox 1541 5691 1574 5742; x_wconf 77' lang='lat'><strong>32</strong></span> <span class='ocrx_word' id='word_1_383' title='bbox 1592 5687 1740 5757; x_wconf 77' lang='lat' dir='ltr'><strong>seuedtrte]</strong></span> <span class='ocrx_word' id='word_1_384' title='bbox 1762 5689 1865 5755; x_wconf 69' lang='lat' dir='ltr'><strong>vum,</strong></span> 
     </span>
     <span class='ocr_line' id='line_1_42' title="bbox 240 5775 1758 5845; baseline -0.003 -15"><span class='ocrx_word' id='word_1_385' title='bbox 240 5782 401 5839; x_wconf 76' lang='lat' dir='ltr'><strong>seueritatem</strong></span> <span class='ocrx_word' id='word_1_386' title='bbox 418 5779 449 5843; x_wconf 89' lang='lat' dir='ltr'><strong>P,</strong></span> <span class='ocrx_word' id='word_1_387' title='bbox 467 5781 569 5829; x_wconf 58' lang='lat' dir='ltr'><strong>sedate</strong></span> <span class='ocrx_word' id='word_1_388' title='bbox 590 5779 688 5842; x_wconf 75' lang='lat' dir='ltr'><strong>omar,</strong></span> <span class='ocrx_word' id='word_1_389' title='bbox 708 5782 810 5829; x_wconf 77' lang='lat' dir='ltr'><strong>raritate</strong></span> <span class='ocrx_word' id='word_1_390' title='bbox 829 5779 971 5841; x_wconf 74' lang='lat' dir='ltr'><strong>Memorem,</strong></span> <span class='ocrx_word' id='word_1_391' title='bbox 993 5780 1130 5830; x_wconf 78' lang='lat' dir='ltr'><strong>sedulitate</strong></span> <span class='ocrx_word' id='word_1_392' title='bbox 1146 5795 1191 5841; x_wconf 77' lang='lat' dir='ltr'><strong>epe</strong></span> <span class='ocrx_word' id='word_1_393' title='bbox 1295 5775 1390 5845; x_wconf 85' lang='lat' dir='ltr'><strong>metiri]</strong></span> <span class='ocrx_word' id='word_1_394' title='bbox 1408 5778 1507 5840; x_wconf 78' lang='lat' dir='ltr'><strong>Gruter,</strong></span> <span class='ocrx_word' id='word_1_395' title='bbox 1529 5778 1618 5828; x_wconf 86' lang='lat' dir='ltr'><strong>mereri</strong></span> <span class='ocrx_word' id='word_1_396' title='bbox 1638 5775 1758 5826; x_wconf 68' lang='grc' dir='ltr'><em>ΡΡΜΡΦ</em></span> 
     </span>
    </p>
   </div>
   <div class='ocr_carea' id='block_1_13' title="bbox 0 0 2420 6468">
    <p class='ocr_par' dir='ltr' id='par_1_20' title="bbox 0 0 2420 6468">
     <span class='ocr_line' id='line_1_43' title="bbox 0 0 2420 6468; baseline 0 0"><span class='ocrx_word' id='word_1_397' title='bbox 0 0 2420 6468; x_wconf 95' lang='lat' dir='ltr'><strong> </strong></span> 
     </span>
    </p>
   </div>
  </div>
 </body>
</html>
