4744 6476
888 494 1002 551 LIBER
1019 493 1103 550 VIIII
1125 495 1181 561 (X).

888 818 1028 888 cxxxr
1056 820 1184 904 (vnn).

313 992 424 1057 Salute
447 991 602 1075 praefata,
629 1012 724 1075 quam
747 992 863 1058 litteris
885 992 1045 1058 anteferre
1068 992 1224 1058 sollemne
1247 999 1307 1075 est,
1333 998 1368 1057 ut
1390 992 1507 1059 seriem
1527 992 1732 1059 familiarium
1749 995 1850 1078 scrip-
1873 996 1926 1057 11²

227 1102 328 1158 torum
359 1100 433 1159 vota
461 1093 686 1179 praeveniant,
720 1094 816 1161 silere
845 1094 934 1180 apud
964 1102 995 1160 te
1025 1115 1166 1178 nequeo,
1200 1095 1375 1162 Caietanae
1397 1095 1518 1163 formae
1540 1102 1769 1181 temptamenta
1792 1096 1850 1162 fri-

227 1216 320 1278 gere,
356 1202 394 1261 'et
422 1196 486 1262 nisi
515 1198 699 1280 praesentia
728 1204 784 1264 tna
812 1198 934 1283 coeptis
963 1198 1071 1265 calcar
1099 1198 1293 1279 admoverit,
1334 1218 1462 1281 vereor,
1502 1219 1543 1265 ne
1571 1199 1659 1283 operi
1689 1199 1850 1266 moliendo

197 1320 209 1357 r
227 1300 351 1364 aestiva
373 1300 570 1385 oportunitas
592 1300 808 1366 subtrahatur.
854 1299 932 1384 quid
953 1301 1052 1384 igitur
1075 1321 1171 1387 super
1193 1302 1253 1366 hoc
1275 1301 1436 1385 agendm
1459 1302 1517 1381 sit,
1551 1303 1584 1366 in
1606 1309 1660 1367 tuo
1682 1302 1752 1369 iure
1775 1323 1850 1368 con-

228 1401 338 1479 stituo;
372 1402 450 1466 milri
472 1403 552 1468 satis
575 1403 678 1468 estin
702 1404 757 1486 ris,
792 1423 875 1486 quae
897 1404 940 1469 ad
962 1404 1092 1471 laudem
1114 1411 1202 1471 tuam
1225 1405 1403 1489 pertinent,
1437 1411 1544 1489 partes
1566 1404 1663 1471 amici
1686 1396 1871 1471 monitoris⁸

227 1504 378 1589 inplesse.
426 1506 510 1571 vale.

786 1729 942 1797 CXXXII
965 1730 1018 1815 (X)
1051 1752 1082 1797 a.
1103 1734 1293 1796 ses-400?

313 1899 597 1966 Abundantissime
625 1900 769 1984 gaudeo,
802 1901 862 1966 tibi
891 1920 963 1968 esse
995 1922 1106 1983 curae,
1141 1910 1176 1969 ut
1204 1903 1262 1969 filii
1291 1902 1355 1967 mei
1386 1903 1484 1969 editio
1514 1904 1597 1968 ursis
1627 1903 1772 1987 pluribus
1800 1905 1850 1968 in-

185 2008 385 2083 restruatur,
419 2002 590 2085 statimque
620 2003 723 2088 pretia
752 2005 996 2071 adnumeranda
1026 2005 1202 2084 misissem,
1234 2006 1297 2070 nisi
1327 2006 1476 2071 hiemalis
1505 2007 1664 2090 asperitas
1693 2006 1852 2091 inpediret

228 2103 450 2170 invectionem.
498 2104 557 2171 sed
585 2107 682 2191 paulo
709 2113 797 2192 post,
830 2107 885 2172 ubi
915 2107 1112 2193 oportunitas
1142 2108 1227 2174 veris
1250 2108 1422 2174 molliverit
1441 2109 1591 2175 itinerum
1615 2110 1848 2191 difficultatem,

229 2206 391 2272 curabitur
420 2207 560 2273 ferarum
591 2208 726 2294 emptio,
759 2209 811 2276 oui
841 2209 1034 2276 delinitionis
1056 2210 1211 2276 iustitiam
1235 2210 1445 2295 spopondisti.
1492 2211 1616 2277 interea
1637 2212 1696 2278 tibi
1718 2233 1780 2296 ago
1802 2219 1852 2277 at-

229 2329 290 2392 que
321 2309 423 2375 habeo
452 2310 574 2394 gratias
603 2318 635 2376 et
661 2320 867 2396 provocatum
896 2334 947 2379 me
969 2313 1012 2377 ad
1034 2313 1193 2379 amicitiae
1215 2314 1412 2379 incrementa
1434 2321 1607 2397 protestor,
1640 2314 1716 2379 licet
1738 2320 1852 2398 sponte

230 2411 373 2495 digneris
394 2412 573 2495 advertere,
598 2412 735 2479 honesta
757 2414 914 2481 beneficia
935 2416 1023 2500 apud
1045 2436 1202 2482 memores
1225 2437 1287 2481 non
1310 2417 1425 2501 perire.
1472 2417 1556 2482 vale.

185 2672 212 2711 ιι
785 2654 957 2721 CXXXIII
977 2655 1045 2739 (XI)
1080 2665 1154 2741 post
1167 2677 1198 2722 a.
1218 2658 1291 2721 384.

317 2825 378 2888 Per
399 2824 535 2889 amicum
558 2844 755 2891 communem
778 2825 995 2892 Gaudentium
1017 2827 1189 2911 propinqui
1211 2827 1274 2892 mei
1290 2825 1452 2893 Valentini
1475 2826 1654 2911 preciculas
1676 2827 1751 2891 misi
1773 2828 1851 2892 saue

231 2925 274 2990 ad
303 2925 398 2990 fidem
427 2946 531 2992 meam
559 2934 592 2992 et
621 2929 848 2995 conscientiam
877 2930 1084 3014 pertinentes.
1130 2950 1205 2996 nam
1229 2929 1327 2996 frater
1349 2930 1419 2996 eius
1443 2928 1607 2995 Proserius
1630 2950 1702 2994 cum
1725 2950 1852 3014 preme-

231 3033 317 3093 retur
339 3029 490 3096 extremis
511 3036 545 3096 et
565 3037 768 3115 praesentem
790 3051 842 3097 me
865 3039 897 3097 et
919 3051 976 3116 per
998 3030 1169 3116 epistulam
1193 3032 1327 3098 summis
1349 3032 1498 3117 precibus
1520 3032 1709 3114 obsecravit,
1736 3038 1772 3097 ut
1792 3033 1853 3097 im-

232 3136 356 3214 petrata
385 3132 468 3198 sacri
497 3133 684 3199 auctoritate
714 3134 859 3219 rescripti
888 3134 957 3199 filia
986 3134 1056 3200 eius
1085 3134 1193 3200 fratrr's
1224 3135 1274 3200 sui
1304 3133 1369 3200 filio
1403 3136 1585 3219 copuletur3
1627 3135 1712 3217 quod
1744 3134 1853 3200 multis

186 3236 214 3292 io
232 3252 304 3298 esse
333 3253 519 3300 concessum
549 3235 721 3302 manifesta
750 3242 908 3301 testantur
937 3237 1096 3321 exempla.
1151 3256 1250 3320 qnare
1278 3237 1352 3321 piae
1381 3237 1605 3323 supplicationi
1634 3237 1852 3303 adiumentum
1876 3240 1895 3298 2

233 3356 337 3401 meum
360 3357 479 3420 negare
501 3358 564 3403 non
586 3357 726 3424 possum,
758 3339 908 3422 quoniam
930 3338 1028 3404 fidem
1050 3360 1154 3406 meam
1178 3360 1274 3424 super
1295 3340 1346 3405 his
1369 3341 1490 3424 nuptiis
1513 3340 1662 3407 voluntas
1685 3340 1854 3425 propinqui

233 3439 396 3504 morientis
429 3440 617 3524 adstrinxit,
655 3448 690 3507 ut
722 3441 864 3526 epistula
896 3443 1046 3528 praeibas
1079 3463 1201 3509 conexa
1234 3442 1387 3509 declarat.
1446 3441 1580 3527 dignare
1613 3442 1711 3526 igitur
1742 3443 1854 3507 iuvare

233 3542 381 3607 effectum
404 3542 449 3627 pii
472 3542 625 3609 desiderii
646 3551 797 3627 eatenus,
824 3552 859 3611 nt
880 3546 908 3611 si
932 3546 1003 3630 quis
1025 3545 1214 3612 conturbare
1236 3546 1441 3630 temptaverit
1462 3545 1649 3611 mandatnm
1672 3552 1850 3629 paternum,

234 3644 475 3711 comminatione
505 3646 659 3713 infamiae
688 3652 854 3715 terreatur.
902 3649 1048 3733 rescripti
1080 3655 1186 3714 antem
1210 3649 1401 3715 beneficium
1424 3667 1495 3713 cum
1519 3646 1615 3713 fuerit
1636 3647 1850 3732 impetratum,

188 3763 216 3806 rs
235 3753 399 3831 spectatae
421 3747 496 3814 fidei
518 3748 658 3834 perlator
680 3749 837 3836 adportet.
885 3752 968 3817 vale.

831 3990 1022 4056 cxxxmr
1045 3990 1130 4075 (xn.
1149 3990 1252 4075 vrn).

319 4160 458 4226 Meretur
489 4161 644 4227 auxilium
673 4169 762 4228 tuum
791 4180 890 4228 causa
920 4162 1112 4241 communis;
1150 4182 1224 4226 nam
1254 4160 1409 4245 quidquid
1438 4160 1481 4225 ad
1510 4160 1686 4226 senatorias
1716 4160 1854 4244 pertinet
1877 4163 1914 4222 Π

235 4262 427 4345 functiones,
463 4263 654 4348 participata
687 4284 747 4349 ope
780 4271 812 4331 et
845 4263 1013 4330 coniuncta
1045 4263 1246 4330 animositate
1280 4264 1500 4348 peragendum
1534 4270 1593 4328 est.
1648 4263 1725 4328 iuva
1757 4263 1857 4346 igitur

235 4365 434 4448 anctoritate,
459 4386 525 4449 qna
547 4365 680 4449 dignum
703 4374 762 4446 est,
789 4374 897 4451 partes
919 4373 1015 4450 atque
1039 4366 1179 4432 rationes
1202 4366 1244 4431 ad
1260 4366 1490 4449 amplissimam
1506 4366 1627 4432 curiam
1646 4366 1852 4452 pertinentes,

189 4488 217 4526 ao
236 4468 368 4533 multum
398 4488 439 4532 ex
467 4467 526 4533 hoc
554 4468 682 4552 negotio
711 4469 818 4535 laudis
849 4469 1033 4549 habiturus,
1067 4470 1095 4534 si
1125 4468 1234 4534 munia
1247 4504 1250 4510 ι
1265 4467 1384 4533 ordinis
1413 4469 1529 4549 nostri,
1564 4489 1646 4551 quae
1668 4467 1856 4534 iamdudum

234 4568 389 4635 fluctuare
413 4570 618 4637 manifestum
642 4578 701 4653 est,
729 4572 844 4637 solutio
867 4573 909 4638 ab
932 4572 1076 4637 obnoxiis
1099 4569 1277 4655 efflagitata
1299 4571 1508 4655 reparaverit.

713 4810 865 4877 cxxxv
885 4811 985 4895 (xm.
1006 4812 1109 4895 vnn)
1143 4832 1173 4876 a.
1194 4814 1375 4876 aaa-roo.

321 4980 464 5048 Ilditioni
493 4988 620 5047 nostrae
650 4983 778 5048 fortuna
806 4983 979 5064 consuluit,
1013 5004 1096 5065 quae
1124 4989 1156 5049 te
1185 4983 1347 5066 regendae
1374 4983 1512 5068 Apuliae
1542 4982 1644 5048 voluit
1672 4982 1853 5048 admovere.
1880 4985 1914 5047 F

237 5092 325 5151 utere
355 5085 453 5167 igitur
482 5086 648 5151 occasione
678 5086 863 5172 praestandi
893 5092 926 5153 et
954 5086 997 5152 ad
1019 5094 1201 5171 praeturam
1224 5085 1337 5151 domus
1359 5090 1504 5165 nostrae,
1538 5083 1698 5167 adquam
1722 5084 1858 5150 feliciter

495 5256 500 5259 .
511 5254 649 5263 -———.

323 5345 396 5394 oen
416 5342 483 5405 (nr

325 5428 512 5481 fflmms

325 5514 356 5566 l'l
374 5514 514 5585 Proserlns]
535 5515 591 5579 (Γ),
611 5518 763 5567 Prosorlolus
782 5518 825 5579 (Π
828 5515 849 5578 1²

323 5601 357 5650 30
374 5599 469 5669 lundis]
490 5602 683 5666 (1⁹),om.(lIl
790 5602 820 5652 31
841 5602 1005 5671 reparauerit]
1023 5606 1132 5666 iuretur,
1153 5608 1280 5668 putauerit
1301 5605 1351 5668 (Π)
1763 5668 1765 5675 Ι

324 5687 357 5737 33
375 5688 437 5736 lonc
454 5690 810 5751 ep.postep.137eoll.l';
831 5694 981 5751 transposed
1002 5692 1051 5751 (Π)
1155 5691 1247 5751 regnde
1267 5688 1312 5752 1¹²,
1332 5704 1388 5750 rege
1410 5687 1445 5736 Fi
1550 5688 1632 5736 noluit
1651 5684 1687 5734 Fi
1790 5700 1857 5734 amo-

239 5790 299 5824 uere
318 5772 389 5836 1¹¹³,
410 5775 540 5824 admonere
560 5774 598 5824 ΡΒ
700 5775 733 5824 34
752 5778 904 5839 occasionem
923 5772 960 5822 F²
1063 5778 1210 5838 praetoriam
1228 5773 1265 5823 F³
