4746 6472
504 480 544 540 54
1107 476 1302 535 srurracffl
1320 478 1531 536 EPISTVLAE

388 670 490 732 PVF
506 667 622 751 plicem
644 666 773 732 novella
794 666 973 732 adiectione
997 668 1140 733 mutavit.
1189 668 1247 733 sed
1270 669 1304 734 id
1326 688 1402 734 casu
1427 670 1650 753 potiusquam
1673 671 1818 736 consulto
1840 670 1959 736 factum
1982 669 2126 754 liquebit,

505 771 533 835 si
555 770 743 847 recorderis,
769 789 944 851 numquam
968 770 1149 854 superiores
1172 771 1296 837 litteras
1318 792 1407 838 meas
1429 772 1610 837 istiusmodi
1632 772 1725 838 titulo
1747 773 1921 839 sorduisse.
1968 781 2001 839 et
2021 780 2130 840 tamen

506 880 676 955 utcumque
705 872 769 937 ista
794 892 845 937 res
868 872 1000 950 accidit,
1033 874 1176 955 gratulor
1197 874 1271 939 novi
1294 874 1419 956 aliquid
1441 874 1601 957 oblatum,
1635 876 1720 959 quod
1743 876 1857 940 moab
1881 876 1974 941 solito
1997 896 2130 961 respon-

464 976 605 1041 ·2dendi
637 996 758 1059 genere
790 975 978 1040 vindicaret.
1030 996 1194 1059 quousque
1228 977 1312 1042 enim
1346 976 1473 1043 dandae
1506 998 1544 1042 ac
1577 978 1761 1044 reddendae
1795 977 1998 1043 salutationis
2030 980 2130 1045 verba

504 1080 753 1159 blaterabimus,
788 1098 859 1143 cum
889 1079 956 1143 alia
984 1079 1058 1144 stilo
1088 1079 1223 1145 materia
1251 1101 1314 1146 non
1344 1086 1514 1164 suppetat?
1550 1088 1585 1146 at
1614 1082 1690 1146 olim
1712 1088 1862 1166 parentes
1885 1081 1983 1146 etiam
2006 1082 2163 1166 putriaee

504 1184 651 1266 negotia,
684 1202 767 1264 quae
796 1202 881 1247 nunc
910 1189 1049 1264 angusta
1076 1183 1129 1247 vel
1158 1184 1249 1248 nulla
1278 1191 1370 1261 suut,
1401 1184 1434 1248 in
1463 1184 1640 1249 familiares
1668 1185 1805 1269 paginas
1831 1183 2048 1250 conferebant.
2096 1185 2130 1251 id

505 1287 581 1368 quia
603 1286 704 1351 versis
726 1286 768 1350 ad
791 1284 889 1350 otium
912 1285 1008 1350 rebus
1031 1284 1206 1368 omisimus,
1237 1273 1397 1371 captanda
1419 1294 1494 1352 sunt
1515 1288 1606 1353 nobis
1628 1288 1817 1372 plerumque
1840 1288 2029 1372 intemptata
2051 1287 2131 1353 scri-

504 1389 600 1454 bendi
631 1389 771 1469 semina,
805 1409 887 1472 quae
913 1388 1078 1454 fastidium
1100 1395 1249 1471 tergeant
1270 1390 1469 1473 generalium
1491 1391 1679 1457 litterarum.
1725 1390 1807 1455 invit
1827 1390 1926 1474 igitur
1947 1412 1999 1456 me
2021 1392 2127 1476 culpa,

504 1513 600 1576 quam
623 1492 714 1573 dilui,
740 1499 772 1557 et
794 1492 822 1556 si
843 1512 906 1556 non
928 1491 1035 1573 fallor,
1060 1492 1119 1558 tibi
1141 1513 1267 1577 quoque
1290 1494 1375 1558 viam
1398 1493 1488 1559 dedit
1508 1493 1663 1559 inusitata
1683 1492 1853 1559 referendi.

1166 1769 1310 1833 XXXVI
1338 1791 1369 1835 a.
1389 1772 1463 1835 385.

379 1913 489 1974 PVM
972 1906 1232 1973 SYMMAOHVS
1253 1906 1471 1974 FLAVIANO
1493 1908 1661 1972 FRATRI.

590 2080 676 2162 Ergo
698 2078 1015 2163 adeo·oonplacitum
1039 2085 1089 2142 est
1111 2079 1270 2144 communi
1292 2080 1426 2164 parenti,
1452 2087 1486 2144 ut
1507 2085 1539 2145 te
1561 2079 1698 2164 longius,
1725 2099 1821 2161 quam
1844 2080 1972 2159 vellem,
1999 2101 2131 2146 neeesse

506 2185 546 2249 sit
580 2180 738 2249 deenen-r
781 2203 823 2246 an
859 2182 918 2247 tibi
955 2181 1147 2255 urbanarum
1184 2188 1274 2247 tanta
1310 2183 1422 2247 vitatio
1459 2189 1525 2265 est,
1566 2189 1601 2247 ut
1634 2180 1905 2267 exspectationem
1939 2203 2042 2248 meam
2077 2184 2132 2268 pia

506 2286 691 2352 causatione
714 2283 899 2350 frustreris?
935 2290 968 2350 et
996 2304 1109 2350 revera
1138 2285 1218 2350 nihil
1248 2286 1301 2351 hic
1330 2286 1437 2369 agitur
1466 2292 1522 2351 aut
1551 2285 1682 2362 dicitur,
1719 2284 1803 2368 quod
1825 2284 1927 2350 bonus
1950 2286 2077 2350 animus
2099 2293 2132 2351 et

506 2391 632 2456 sincera
653 2394 768 2454 natura
790 2388 891 2471 possit
913 2388 1075 2472 amplecti.
1124 2388 1183 2454 scd
1206 2396 1376 2470 utcumque
1398 2389 1463 2455 ista
1485 2396 1574 2470 sunt,
1600 2388 1628 2453 si
1651 2388 1772 2453 Romae
1793 2407 1920 2471 ageres,
1945 2388 2059 2455 adiutu
2079 2388 2130 2453 in·
2153 2409 2180 2449 ra

506 2500 554 2558 ter
575 2511 633 2558 nos
655 2498 764 2557 mutue
787 2490 923 2557 fortasse
945 2491 1166 2565 mitescerent3
1200 2512 1285 2557 nunc
1313 2492 1478 2575 graviores
1507 2512 1613 2558 rerum
1642 2492 1782 2556 omnium
1805 2491 1998 2557 offensiones
2021 2499 2131 2575 utpote

466 2596 596 2661 declus
625 2594 784 2680 experior.
832 2594 970 2679 exempli
1001 2614 1101 2659 causa
1129 2615 1227 2659 unum
1253 2594 1380 2680 accipe,
1414 2594 1454 2660 de
1477 2616 1540 2678 quo
1562 2595 1687 2677 reliqua
1710 2594 1881 2659 coniectes.
1929 2595 2132 2660 Praetextato

505 2704 613 2764 nostro
634 2703 873 2763 monumentum
896 2704 1022 2763 statuae
1045 2696 1153 2762 dicare
1175 2697 1339 2763 destinant
1360 2697 1504 2780 virgines
1527 2698 1611 2762 sacri
1626 2698 1766 2762 Vestalis
1781 2697 1954 2762 antistites.
1996 2697 2133 2762 consulti

507 2802 685 2887 pontifices,
711 2801 899 2886 priusquam
922 2800 1135 2866 reverentiam
1158 2800 1305 2866 sublimis
1328 2802 1499 2866 sacerdotii
1521 2808 1577 2865 aut
1600 2802 1716 2884 longae
1738 2800 1856 2866 aetatis
1877 2797 1970 2866 usum
1991 2800 2044 2865 vel
2058 2819 2133 2865 oon-

507 2905 664 2971 dicionem
688 2904 839 2988 temporis
860 2904 1042 2988 praesentis
1064 2903 1293 2988 expenderent,
1320 2906 1442 2988 absque
1464 2904 1587 2990 paucis,
1613 2904 1668 2988 qui
1690 2924 1742 2969 me
1764 2904 1866 2969 secuti
1888 2909 1978 2985 sunt,
2005 2911 2040 2969 ut
2062 2903 2132 2969 eius
2150 2922 2179 2964 ro

466 3015 484 3074 3
507 3009 636 3093 effipiam
660 3014 857 3091 statuerent,
890 3007 1082 3072 adnuerunt.
1130 3027 1207 3089 ego,
1234 3009 1288 3092 qui
1311 3008 1531 3089 adverterem,
1561 3028 1665 3092 neque
1687 3007 1848 3073 honestati
1871 3006 2031 3091 virginum
2052 3006 2132 3072 talia

504 3111 536 3175 iu
560 3112 644 3175 viros
668 3112 823 3193 obsequia
846 3111 1016 3176 convenire
1038 3131 1142 3193 neque
1164 3131 1251 3177 more
1273 3110 1352 3191 fieri,
1379 3113 1464 3195 quod
1479 3113 1587 3177 Numa
1608 3119 1730 3194 auctor,
1756 3111 1907 3176 Metellus
1930 3116 2133 3176 conservator

505 3215 694 3297 religionum
718 3234 892 3297 omnesque
914 3214 1080 3299 pontifices
1103 3215 1234 3280 maximi
1256 3236 1430 3299 numquam
1453 3222 1528 3281 ante
1550 3220 1752 3296 meruerunt,
1784 3213 1866 3279 haec
1890 3213 2020 3296 quidem
2043 3213 2128 3293 silui,

505 3340 546 3385 ue
569 3338 729 3383 sacrorum
753 3318 889 3383 aemulis
911 3318 1077 3382 enuntiata
1098 3338 1216 3383 noxam
1231 3329 1373 3383 crearent
1388 3319 1576 3384 inusitatum
1592 3318 1813 3397 censentibus3
1841 3317 2023 3401 exemplum
2040 3318 2133 3381 modo

507 3421 671 3487 vitandum
701 3439 773 3486 esse
802 3419 969 3505 rescripsi,
1001 3441 1042 3485 ne
1071 3440 1123 3486 res
1152 3421 1237 3486 iusto
1267 3427 1336 3486 orta
1364 3421 1520 3506 principio
1550 3421 1640 3487 brevi
1662 3421 1704 3484 ad
1726 3419 1877 3502 indignos
1899 3439 1957 3504 per
1978 3419 2132 3485 ambitum
2152 3438 2181 3479 rs

467 3530 485 3588 4
509 3524 700 3608 perveniret.
746 3544 787 3588 ne
808 3523 939 3606 longum
963 3523 1091 3606 loquar,
1123 3523 1196 3607 ipsa
1225 3524 1325 3588 verba
1345 3525 1389 3588 ad
1411 3530 1444 3589 te
1466 3524 1540 3589 misi
1562 3523 1654 3590 bonis
1677 3523 1812 3607 probata
1834 3521 1891 3587 sed
1914 3542 2047 3588 numero
2068 3522 2133 3586 for-

506 3638 594 3693 tasse
616 3626 795 3709 vincenda,
827 3627 902 3692 licet
930 3626 962 3691 iu
995 3625 1132 3691 decretis
1162 3625 1346 3710 pontificum
1377 3645 1441 3690 non
1470 3626 1512 3691 sit
1541 3626 1654 3692 eadem
1681 3626 1801 3709 forma,
1834 3645 1917 3708 quae
1940 3626 2047 3691 curiae
2070 3633 2130 3691 est.

390 3784 407 3801 .
507 3730 564 3795 sed
586 3729 647 3795 hoc
669 3749 794 3813 quoque
818 3728 907 3814 parvi
930 3728 1028 3794 faciet
1048 3728 1228 3795 inscientia.
1276 3724 1418 3812 quodsi
1448 3736 1482 3794 tu
1509 3728 1661 3812 adesses,
1694 3729 1829 3795 multum
1852 3729 1986 3795 duorum
2009 3728 2133 3794 sanitas

507 3839 717 3918 promoveret.
764 3851 863 3914 quare
893 3831 949 3896 ubi
977 3831 1113 3916 primunr
1143 3851 1182 3897 ex
1209 3831 1331 3897 incerto
1354 3831 1454 3897 morbi
1478 3851 1595 3916 pareus
1618 3832 1795 3897 communis
1817 3831 1999 3913 emerserit,
2033 3831 2133 3898 redde

508 3946 538 4001 te
562 3935 651 4018 mibi,
677 3942 713 4001 ut
734 3934 826 4000 nobis
848 3933 1032 4017 aequiorem
1056 3935 1141 4000 vitae
1165 3954 1291 4000 cursum
1314 3934 1436 4000 faciant
1458 3934 1649 4020 participata
1662 3934 1802 4001 solacia.
2153 3955 2182 3995 ao

1115 4209 1274 4274 XXXVII
1303 4215 1380 4276 ante
1395 4231 1426 4275 a.
1446 4212 1518 4274 395.

970 4347 1230 4414 SYMMachs
1253 4348 1471 4415 FLAVIANO
1495 4349 1661 4413 FRATRI.

593 4525 725 4604 Nequeo
755 4520 905 4599 delinire,
939 4541 1022 4602 quae
1050 4520 1250 4605 potissimum
1279 4520 1356 4585 milri
1384 4520 1578 4587 rescribendi
1602 4521 1704 4585 forma
1726 4520 1904 4585 conveniat.
1952 4540 1991 4585 ea
2014 4520 2134 4604 quippe

504 4625 624 4690 iamdiu
647 4624 896 4709 intemperantia
917 4643 1016 4687 vexor
1038 4644 1208 4703 rumorum,
1235 4630 1271 4688 ut
1292 4624 1333 4688 de
1356 4624 1406 4689 bis
1429 4644 1533 4706 neque
1556 4623 1705 4708 decipere
1729 4622 1821 4687 falsis
1841 4642 1945 4705 neque
1961 4621 2134 4687 sollicitare

504 4729 589 4795 veris
612 4726 850 4793 amantissimos
871 4726 933 4791 mei
957 4725 1106 4791 debeam.
1154 4732 1370 4811 spectamen,
1396 4747 1479 4809 quae
1502 4746 1607 4791 rerum
1631 4746 1758 4810 semper
1779 4725 1986 4791 adversarum
2009 4725 2134 4809 patien-
2154 4747 2184 4787 aa

593 5006 603 5055 l
623 5006 739 5055 consultu
759 5005 781 5051 F
901 5002 916 5051 3
934 5004 1048 5053 absoluto
1067 5003 1090 5050 P
1102 5008 1114 5053 1
1128 5021 1162 5053 m.
1182 5005 1225 5052 Vs·
1337 5005 1517 5067 asapondcndi
1536 5004 1581 5053 Pl
1596 5018 1630 5051 m.
1749 5004 1764 5052 5
1784 5003 1962 5052 blaterauinrua
1982 5003 2011 5064 P,
2032 5004 2133 5051 latrant-

504 5095 597 5142 musV
698 5091 789 5139 rdoltuu
804 5090 827 5137 P
929 5090 1095 5138 'lamialrnus
1113 5090 1175 5138 Scae
1278 5091 1443 5152 blastigium
1462 5090 1507 5139 ΡΙ
1521 5106 1555 5141 m.
1578 5091 1619 5137 pp
1720 5092 1771 5138 init
1787 5091 1865 5150 igltur
1885 5102 1916 5138 rre
1934 5090 1954 5137 V
2057 5090 2134 5137 cde-

504 5182 541 5228 lui
559 5179 582 5226 P
683 5178 807 5225 inusitate
825 5176 848 5223 P
951 5176 1009 5224 usle
1026 5176 1085 5224 odd.
1106 5177 1149 5224 Vr
1953 5220 1959 5229 ,

593 5263 619 5313 ll
641 5278 690 5313 om.
710 5263 758 5310 VM
864 5261 895 5311 12
914 5276 971 5324 roge
988 5276 1046 5323 ergo
1065 5263 1091 5323 V,
1113 5276 1169 5325 rogo
1182 5262 1211 5310 Μ
1315 5262 1346 5312 14
1365 5264 1521 5312 accusatione
1539 5263 1586 5311 VM
1690 5259 1768 5329 ullrll]
1787 5263 1848 5311 milri
1868 5261 1913 5323 (Γ)
2029 5261 2061 5311 15
2078 5275 2135 5322 age·

504 5353 538 5399 ris
557 5351 602 5398 Pl
617 5366 651 5398 m.
671 5350 698 5412 V,
718 5351 798 5410 egeris
817 5348 846 5395 Μ
976 5347 1007 5397 lc
1026 5351 1197 5399 mlttescereut
1216 5349 1238 5397 P
1361 5350 1390 5399 i'l
1409 5363 1547 5398 consanum
1568 5350 1615 5397 Pl
1629 5366 1663 5398 m.
1787 5349 1909 5397 coniectis
1921 5349 1956 5406 ‚V
2076 5362 2135 5409 pre·

503 5444 587 5486 taxato
600 5436 629 5484 Μ
732 5434 763 5485 19
782 5438 852 5499 prins
864 5436 928 5498 quod
947 5436 968 5482 V
1062 5437 1163 5485 subllml
1181 5437 1202 5484 V
1304 5435 1333 5485 21
1355 5433 1477 5502 effigiem]
1489 5450 1541 5497 epo,
1562 5437 1674 5485 ottclum
1687 5433 1788 5495 Palu,
1802 5448 1850 5484 om.
1868 5435 1896 5481 Μ
1999 5433 2035 5483 *23
2054 5435 2136 5482 mul-

503 5526 602 5572 mlnum
620 5537 695 5585 quarn
712 5524 733 5570 V
833 5523 894 5571 sllul
913 5535 945 5570 ne
964 5524 990 5569 r‘n
1007 5536 1057 5571 rur.
1078 5521 1101 5570 P
1204 5521 1236 5571 24
1255 5519 1504 5588 crearent]1aretur,
1524 5536 1634 5571 crearem
1653 5520 1706 5581 PV,
1727 5526 1824 5570 crearet
1842 5519 1871 5566 Μ
1973 5517 2006 5569 28
2024 5516 2135 5586 quoquc]

503 5612 597 5673 quippe
621 5610 641 5654 V
743 5608 776 5660 29
795 5609 882 5657 reddet
900 5608 1007 5667 Pam,
1028 5609 1071 5656 red
1090 5610 1121 5657 do
1144 5609 1164 5656 V
1266 5609 1300 5658 30
1318 5609 1407 5658 solatia
1425 5608 1471 5657 Pr
1486 5623 1520 5658 m.
1627 5609 1684 5656 ualc
1701 5606 1761 5656 odd.
1781 5606 1829 5654 VM

590 5695 623 5743 33
641 5712 690 5744 om.
711 5695 752 5741 Vl*
872 5695 905 5744 33
923 5695 1039 5742 deffinire
1063 5695 1220 5758 unisonus
1241 5696 1263 5742 F
1373 5695 1406 5746 34
1424 5709 1617 5745 uexerumorum
1635 5694 1682 5741 Pl
1698 5709 1733 5743 m.
1752 5691 1850 5755 VtIVll,
1871 5704 1949 5740 uexor
1967 5704 2063 5739 morum
2082 5691 2105 5738 F

504 5780 595 5829 debinc
616 5781 705 5829 omar
808 5781 841 5829 ³5
859 5795 968 5845 sperque
986 5785 1070 5831 umen
1089 5795 1172 5831 rerum
1197 5780 1216 5827 V
