4744 6476
857 484 1134 547 (EPISTVLARVM
1153 484 1224 538 LIB.
1245 483 1292 546 X).

724 864 819 930 vnn
839 863 956 946 (ιιιιιι.
975 862 1146 945 ιιιιιιιιι)
1179 884 1210 928 a.
1231 865 1412 928 aar-ass.

326 1019 398 1082 DD.
424 1019 497 1083 NN.
522 1018 768 1084 THEODOSIO
790 1019 847 1084 ΕΤ
869 1018 1059 1084 AROADIO
1082 1017 1250 1082 SEMPER
1272 1016 1401 1082 AVGG.
1427 1017 1686 1082 SYMMAOHVS
1709 1017 1747 1081 V.
1774 1018 1810 1083 C.
1912 1016 2009 1076 TMl'

852 1120 1128 1186 PRAEFEOTVS
1151 1120 1288 1186 VRBIS.

345 1293 476 1359 Gratias
504 1293 669 1360 beneficiis
698 1293 815 1358 vestris
844 1312 943 1375 agere
971 1312 1028 1377 pro
1051 1292 1130 1358 urbe
1153 1293 1254 1357 Roma
1276 1299 1310 1358 ut
1332 1291 1429 1357 oflicii
1451 1291 1628 1374 probabilis
1650 1291 1697 1356 ita
1718 1291 1887 1356 insolentis

228 1395 416 1462 saudaeiae
445 1404 505 1461 est.
552 1417 625 1461 nam
656 1415 760 1478 neque
790 1392 974 1480 ingentibus
1005 1396 1103 1462 rebus
1132 1396 1231 1461 verba
1261 1395 1471 1473 conveniunt,
1509 1400 1541 1460 et
1574 1413 1743 1477 personam
1777 1394 1886 1478 populi

259 1500 393 1563 Romani
427 1499 517 1564 nulla
545 1498 649 1583 inplet
678 1498 794 1580 oratio,
834 1497 953 1563 domini
983 1498 1205 1583 imperatores.
1254 1498 1313 1564 sed
1342 1498 1418 1580 quia
1446 1497 1480 1562 in
1508 1498 1627 1563 talibus
1656 1497 1794 1580 negotiis
1823 1497 1888 1561 voti

260 1602 363 1685 magis
393 1622 489 1685 quam
515 1601 639 1685 ingenii
660 1602 740 1666 ratio
763 1607 926 1682 versatur,
960 1620 1023 1665 non
1046 1608 1153 1666 metuo
1174 1601 1297 1685 inparis
1319 1599 1457 1681 famam,
1491 1599 1565 1665 dum
1589 1600 1678 1683 fugio
1701 1621 1816 1665 nomen
1838 1601 1888 1663 in-

260 1705 354 1787 grati.
402 1704 513 1770 urbem
536 1704 626 1770 caelo
648 1710 681 1770 et
703 1703 865 1773 sideribus
887 1705 1073 1788 acceptam!
1100 1703 1149 1768 cui
1172 1704 1257 1769 bona
1279 1711 1434 1769 terrarum
1458 1703 1597 1768 omnium
1622 1711 1772 1785 congeste
1794 1724 1888 1788 prae·
1912 1705 1931 1763 2

260 1806 403 1875 stauistis
431 1813 527 1891 atque
555 1807 590 1871 id
621 1806 793 1892 praecipue
816 1805 908 1871 vobis
931 1807 1052 1892 putatis
1073 1807 1248 1887 accedere,
1281 1807 1366 1890 quod
1388 1808 1490 1872 Roma
1511 1806 1718 1888 quaesiverit.
1767 1806 1890 1891 recepi-

214 1930 241 1969 ιο
260 1930 331 1974 mus
359 1910 477 1975 veteris
507 1910 751 1993 praerogativae
780 1908 896 1989 fidem,
933 1909 1149 1976 securitatem.
1197 1908 1354 1993 siquidem
1385 1918 1509 1977 constat
1537 1910 1769 1995 imperantibus
1798 1910 1890 1974 vobis

260 2014 371 2099 populi
401 2032 475 2079 esse
497 2013 649 2095 Romani,
683 2012 841 2098 quidquid
871 2014 988 2096 ubique
1017 2033 1209 2097 generosum
1240 2013 1291 2079 vel
1322 2014 1426 2096 gignit
1455 2021 1569 2079 natura
1595 2014 1646 2078 vel
1669 2015 1819 2079 informat
1840 2013 1890 2077 in-

261 2116 393 2182 dustria.
442 2116 604 2182 enimvero
635 2116 732 2182 etiam
760 2116 898 2201 posteris
927 2116 1093 2200 egregium
1125 2116 1262 2183 dedistis
1284 2117 1485 2202 exemplum:
1520 2117 1622 2182 soient
1643 2116 1742 2181 futuri
1765 2115 1810 2181 ita
1834 2114 1891 2180 de-

262 2240 347 2285 mum
378 2218 522 2286 adfluere
551 2219 698 2305 publicas
728 2220 927 2305 voluptates,
961 2219 989 2285 si
1020 2239 1076 2285 eas
1106 2219 1231 2304 palatia
1258 2239 1322 2286 non
1350 2220 1523 2301 requirant.
1571 2220 1632 2284 boo
1654 2227 1704 2284 est
1726 2218 1890 2303 specimen

263 2322 361 2388 animi
390 2323 582 2389 continentis
612 2322 674 2389 sibi
703 2342 840 2406 negare,
875 2322 961 2407 quod
990 2323 1065 2388 aliis
1091 2322 1270 2405 deferatur,
1304 2328 1336 2387 et
1365 2323 1519 2389 laetitiam
1550 2331 1724 2388 ceterorum
1755 2322 1892 2407 propriis

215 2446 244 2486 rs
263 2425 423 2492 anteferre
445 2425 592 2507 solaciis;
623 2427 675 2492 hic
697 2445 775 2492 usus
797 2427 897 2491 bonos
919 2426 1083 2511 principes
1106 2425 1211 2491 decet.
1258 2446 1397 2509 namque
1420 2425 1545 2491 aurium
1568 2431 1600 2492 et
1622 2426 1784 2491 oculorum
1807 2424 1892 2490 irue-

262 2536 314 2594 tus
344 2528 483 2594 caducus
514 2535 580 2610 est,
615 2529 776 2613 largitatis
804 2536 965 2596 aeternus.
1012 2529 1071 2595 alii
1099 2528 1270 2615 triumphis
1300 2529 1367 2594 suis
1397 2530 1477 2595 haee
1507 2528 1592 2594 dona
1622 2537 1821 2607 servassent,
1857 2530 1933 2593 ut3

263 2631 369 2716 posita
391 2632 485 2697 lauru
506 2631 598 2697 novis
620 2633 782 2698 actoribus
804 2640 1014 2718 personarent
1035 2633 1233 2719 Pompeiana
1255 2631 1454 2717 proscaenia,
1472 2639 1517 2711 ,ut
1539 2652 1596 2717 pro
1619 2630 1756 2716 captivis
1779 2639 1891 2697 tetrar-

263 2735 332 2799 obis
353 2734 485 2801 Indicae
507 2755 633 2801 currum
655 2736 772 2801 beluae
795 2735 1039 2820 praevenirent,
1065 2744 1100 2801 ut
1122 2756 1277 2819 equorum
1300 2736 1417 2818 longus
1440 2735 1518 2801 ordo
1541 2735 1642 2800 instar
1663 2728 1807 2817 gentium
1831 2733 1892 2798 du-

264 2845 405 2903 ceretur:
440 2845 547 2905 vester
574 2839 755 2924 triumphus
777 2839 950 2904 Arsacidas
980 2848 1053 2925 post
1078 2846 1203 2923 tergum
1235 2838 1393 2905 revinctos
1416 2846 1448 2904 et
1468 2858 1568 2922 gazas
1591 2837 1694 2903 vietae
1717 2837 1892 2920 Babylonis

216 2940 411 3025 acaccipiet.
455 2941 489 3007 in
518 2962 652 3026 magnos
684 2942 803 3027 qnippe
832 2942 957 3008 animos
986 2963 1049 3008 non
1079 2941 1166 3008 cadit
1194 2942 1358 3009 adfectata
1380 2942 1521 3007 iactatio.
1569 2940 1700 3007 nescitis
1721 2940 1893 3005 tribuenda

264 3042 410 3123 differre;
444 3044 600 3128 quidquid
621 3045 785 3112 nationum
810 3044 984 3111 famulatus
1006 3045 1175 3127 obtulerit,
1202 3045 1310 3111 statim
1333 3044 1496 3130 publicum
1519 3052 1578 3110 est.
1626 3044 1739 3110 merito
1761 3062 1818 3108 vos
1841 3061 1893 3107 se·
1916 3046 1934 3103 t

264 3154 360 3213 uatus
381 3167 421 3212 ac
443 3148 583 3232 populns
606 3168 662 3214 ore
683 3148 834 3229 celebrat,
861 3147 1031 3214 devotione
1053 3157 1235 3229 veneratur,
1261 3167 1369 3214 amore
1392 3149 1611 3232 conplectitur.
1652 3148 1731 3213 mihi
1754 3145 1888 3213 credite:

264 3270 382 3315 arcana
410 3250 550 3317 omnium
579 3258 742 3336 pectorum
769 3250 959 3335 possidetis,
994 3251 1053 3317 illa
1075 3251 1229 3317 bonarum
1252 3250 1527 3317 necessitudinum
1549 3252 1638 3325 loca,
1672 3252 1788 3335 quibus
1810 3249 1893 3315 libe-

264 3372 386 3434 rerum,
416 3353 531 3437 quibus
553 3361 721 3438 parentum
744 3354 921 3421 inmoratur
941 3355 1091 3422 adfectio.
1139 3362 1172 3422 et
1194 3355 1269 3438 quia
1291 3376 1385 3421 omne
1408 3355 1602 3441 praemium,
1630 3355 1706 3420 dum
1729 3352 1894 3420 beneficiis

216 3473 246 3515 m
265 3456 380 3523 vestris
409 3456 588 3539 confertur,
620 3465 793 3544 angustum
823 3466 889 3541 est,
922 3458 1046 3526 invenit
1072 3458 1150 3526 ordo
1178 3459 1397 3546 amplissimus
1423 3458 1596 3525 amabilem
1618 3458 1739 3541 noem,
1773 3478 1837 3539 qua
1859 3477 1894 3523 se

264 3567 390 3642 gratum
413 3560 575 3644 probaret.
621 3581 696 3626 nam
726 3561 871 3629 familiae
900 3570 1028 3629 vestrae
1059 3571 1092 3629 et
1120 3562 1229 3648 stirpis
1257 3570 1437 3646 auctorem,
1468 3562 1656 3628 Africanum
1679 3561 1840 3643 quondam
1863 3566 1895 3626 et

265 3661 498 3728 Brittannicnm
520 3663 634 3729 ducem
658 3664 773 3731 statuis
795 3666 997 3748 equestribus
1019 3666 1103 3732 inter
1125 3666 1233 3751 prisea
1254 3667 1383 3732 nomina
1405 3665 1613 3747 consecravit,
1639 3666 1694 3748 qui
1717 3664 1805 3730 felici
1823 3675 1892 3730 satu

264 3785 382 3831 numen
402 3765 436 3830 ia
457 3765 627 3851 imperium
649 3768 793 3834 salutare
815 3769 996 3853 progenuit.
1043 3769 1090 3835 sio
1120 3770 1280 3852 coluntur,
1315 3789 1449 3865 quorum
1469 3770 1562 3835 liberi
1584 3770 1627 3835 ad
1649 3769 1765 3834 bonum
1788 3769 1895 3853 publi-

266 3887 337 3933 cum
367 3868 436 3933 uati
465 3878 550 3936 sunt.
598 3877 632 3936 at
653 3890 730 3937 vero
752 3872 891 3956 populus
912 3872 1091 3956 imperialis
1113 3873 1351 3940 munificentiae
1373 3873 1557 3939 muneribus
1579 3873 1727 3956 expletus
1749 3872 1783 3936 in
1805 3874 1936 3936 amo-5

218 3992 247 4032 ao
265 3991 333 4036 rem
363 3980 503 4037 vestrum
534 3980 681 4058 prompta
709 3973 915 4041 inclinatione
945 3976 1114 4042 concessit.
1161 3978 1215 4060 qui
1245 3977 1299 4043 ubi
1328 3977 1471 4062 conperit
1491 3998 1563 4042 meo
1585 3977 1749 4063 praefatu,
1781 3974 1894 4040 adfore

266 4075 352 4140 dona
381 4074 581 4159 publicorum
612 4085 798 4161 parentum,
831 4078 930 4163 portis
953 4078 1100 4145 omnibus
1121 4079 1156 4145 in
1178 4080 1355 4163 longinqua
1376 4080 1469 4146 fusus
1491 4079 1610 4163 erupit,
1643 4078 1818 4144 feliciorem
1841 4098 1895 4144 ee-

266 4176 343 4242 teris
372 4176 537 4261 iudicans,
569 4179 625 4261 qni
655 4180 778 4265 primus
807 4180 891 4247 bona
918 4188 1026 4247 vestra
1048 4180 1192 4247 vidisset.
1241 4202 1317 4265 ergo
1339 4202 1411 4248 oum
1434 4180 1600 4266 expectari
1621 4200 1755 4247 munera
1776 4180 1896 4264 prinoi-

266 4299 341 4363 pum
370 4279 511 4365 soleant,
543 4302 628 4348 nune
657 4283 761 4349 accita
790 4290 955 4350 venerunt.
1003 4291 1170 4368 praetereo
1192 4284 1284 4349 illum
1308 4284 1409 4367 diem,
1443 4305 1505 4368 que
1528 4283 1686 4350 elefantos
1709 4283 1816 4367 regios
1839 4303 1896 4367 per

266 4382 410 4449 conferta
438 4383 570 4468 agmina
599 4405 752 4469 equorum
781 4385 936 4453 nobilium
963 4407 1083 4472 pompa
1111 4388 1305 4473 praecessit3
1338 4389 1423 4454 malo
1451 4388 1612 4454 fremitum
1634 4388 1776 4453 Murciae
1799 4387 1895 4453 vallis
1918 4387 1937 4445 6

219 4506 249 4547 as
268 4494 428 4572 exponer‘e
457 4493 555 4570 atque
582 4488 674 4554 illam
703 4490 935 4575 quadrigarum
964 4490 1237 4573 distributionem,
1270 4491 1305 4557 in
1327 4512 1393 4575 qua
1415 4491 1478 4558 sibi
1500 4510 1572 4556 cum
1595 4490 1783 4557 fortunatior
1805 4488 1896 4555 ride-

352 4834 384 4882 de
401 4835 489 4897 aequis
507 4835 667 4884 etelstanus
687 4834 717 4896 Γ,
737 4836 769 4885 rie
786 4839 859 4899 equis
877 4843 904 4885 et
921 4838 1063 4901 elephantis
1082 4839 1111 4887 M
1230 4836 1333 4887 idunn
1356 4837 1407 4885 ΓΜ
1528 4834 1565 4904 et]
1584 4836 1640 4899 ΜΓ,
1665 4836 1736 4885 ueT
1857 4849 1895 4882 ar·

267 4919 356 4968 claudio
376 4918 451 4969 ΤΜΓ
575 4922 626 4979 ιιιῑ
644 4920 672 4969 Μ
801 4937 839 4971 ·u·
859 4937 880 4972 c.
902 4938 926 4986 p.
948 4940 974 4976 n.
999 4925 1033 4989 Μ,
1054 4940 1080 4976 n.
1100 4942 1123 4976 c.
1143 4942 1191 4977 om.
1213 4925 1240 4975 Γ
1368 4926 1477 4974 5rebns
1495 4939 1543 4975 om.
1564 4922 1591 4972 Γ
1712 4922 1797 4985 populi
1818 4936 1849 4969 ·r·
1869 4920 1898 4967 Μ

268 5004 284 5054 6
302 5007 357 5059 DD.
380 5004 406 5054 Γ
505 5006 571 5068 impi
589 5007 619 5055 M
727 5009 819 5058 scribe:
837 5010 931 5058 domiui
949 5012 1110 5074 inperatorcs
1126 5000 1250 5062 'Theodosi
1269 5020 1294 5062 et
1312 5013 1403 5061 Aream
1422 5013 1511 5071 inclyti
1530 5013 1638 5059 uictores
1656 5024 1684 5057 ae
1702 5008 1896 5070 triumphatores

268 5105 366 5154 semper
383 5095 501 5155 Augusti,
521 5094 557 5155 cs.
575 5110 603 5156 p.
623 5094 682 5157 tte,
704 5094 718 5141 'l
842 5095 933 5157 sorge
950 5102 1008 5145 erue
1026 5099 1114 5146 urbem
1132 5101 1205 5148 ram.
1226 5096 1254 5148 Γ
1369 5108 1485 5161 congesta
1503 5095 1529 5145 Γ
1639 5090 1823 5160 prsastsulstis]
1841 5107 1893 5154 epo,

268 5180 426 5239 praestabitis
446 5179 505 5241 ΤΜ,
525 5183 659 5242 praestatis
677 5178 699 5228 I
822 5164 853 5230 “9
871 5179 1024 5249 recepimus]
1042 5180 1072 5245 Γ,
1097 5186 1232 5247 recipimus
1253 5184 1303 5232 ΓΜ
1442 5183 1473 5233 10
1492 5183 1565 5231 uuam
1584 5184 1744 5231 recantatum
1762 5181 1862 5229 Lectius

268 5265 400 5314 securitate
426 5263 455 5311 M
610 5264 638 5314 li
659 5280 714 5314 esse
733 5281 763 5314 ·r·
790 5267 819 5314 Μ
973 5267 1004 5317 13
1023 5266 1164 5337 requirunt]
1188 5268 1223 5333 Γ,
1252 5272 1382 5333 requirunt
1409 5269 1461 5316 ΓΜ
1616 5268 1647 5318 15
1668 5265 1741 5335 rusus]
1760 5281 1847 5329 rurspp
1871 5266 1897 5312 Μ

270 5348 301 5398 le
318 5347 394 5417 riona]
412 5348 441 5414 Γ,
462 5352 518 5399 iona
538 5350 591 5398 ΤΜ
706 5351 736 5401 i'l
754 5354 823 5403 lauro
841 5352 868 5402 Γ
966 5357 1039 5403 nobis
1062 5354 1112 5402 ΤΜ
1229 5355 1259 5406 18
1277 5352 1391 5422 cunum]
1410 5356 1445 5418 M,
1466 5370 1568 5404 cursum
1590 5353 1637 5402 ΓΓ
1749 5353 1780 5403 19
1799 5360 1897 5416 poster·

267 5450 326 5497 gum
347 5436 368 5482 1·
489 5439 600 5486 inuictae
619 5437 647 5485 Μ
766 5440 891 5489 babilonis
911 5439 963 5487 ΤΜ
1100 5441 1133 5491 20
1152 5456 1241 5504 magno
1261 5442 1283 5489 Τ
1413 5442 1501 5490 aflecta
1520 5440 1572 5488 ΤΜ
1708 5440 1741 5489 23
1759 5440 1895 5503 possidetis

268 5528 397 5584 pectorum
410 5521 439 5569 M
542 5523 574 5573 25
592 5530 727 5586 augustum
742 5524 771 5571 M
872 5525 905 5575 26
923 5528 1039 5589 probaret
1049 5534 1101 5576 um
1115 5527 1150 5591 M,
1165 5531 1332 5591 probetretsm
1346 5528 1367 5574 1·
1472 5526 1504 5577 27
1523 5524 1636 5593 nomina]
1650 5525 1702 5587 TF,
1719 5528 1823 5575 numina
1836 5524 1864 5572 M

268 5610 336 5658 felici
354 5616 410 5657 satu
429 5624 523 5659 nomen
541 5612 568 5658 in
587 5607 734 5677 imperium]
753 5609 843 5675 Meyer,
868 5613 949 5660 relicte
966 5613 1077 5662 monum
1096 5617 1165 5663 enlm
1183 5617 1318 5679 imperium
1339 5612 1397 5675 ΓΜ,
1421 5615 1593 5662 felicissimum
1612 5615 1689 5673 sydus
1708 5619 1734 5661 et
1751 5613 1856 5674 imperio
1874 5609 1901 5658 Γ

268 5692 302 5744 28
320 5697 494 5757 permuniti*
599 5696 632 5745 29
649 5698 797 5759 pigneribus
816 5696 843 5746 Γ
940 5698 971 5747 31
991 5695 1067 5766 dona]
1085 5698 1116 5762 Γ,
1141 5704 1199 5750 iona
1219 5700 1270 5748 ΓΜ
1374 5699 1406 5749 32
1425 5707 1508 5749 nostru
1527 5700 1555 5748 M
1657 5700 1690 5748 34
1709 5694 1831 5764 Murciae]
1850 5697 1895 5745 Iu-

268 5785 343 5841 ratus,
364 5784 446 5830 urclae
467 5781 525 5846 ΤΜ,
546 5786 648 5833 martiae
667 5782 694 5831 Γ
