4716 6476
1104 461 1300 518 SYMMAGHI
1319 461 1529 519 EPISTVLAE

1199 823 1291 888 cxx
1315 823 1439 907 (cxv).

452 998 490 1057 Π
594 997 788 1061 Accusarem
818 995 979 1061 silentium
1009 1003 1116 1073 tuum,
1150 994 1211 1059 nisi
1240 1001 1273 1060 te
1300 994 1334 1059 in
1364 992 1463 1059 fratre
1493 993 1658 1059 vidissem.
1705 994 1761 1060 ille
1791 1000 1824 1060 et
1849 992 1947 1059 officii
1970 994 2016 1059 tui
2038 994 2134 1059 satis-

507 1098 678 1165 factionem
709 1105 741 1163 et
767 1098 971 1183 praesentiae
999 1105 1074 1164 tuae
1101 1097 1274 1182 imaginem
1299 1096 1377 1162 mihi
1399 1098 1488 1163 solus
1511 1096 1673 1175 exhibuit,
1707 1116 1781 1160 nam
1804 1096 1913 1161 omnia
1933 1097 2019 1162 bona
2039 1095 2072 1161 in
2094 1116 2133 1161 eo

507 1201 643 1285 agnovi,
670 1200 808 1285 quaein
831 1208 863 1266 te
885 1200 1007 1266 dudum
1031 1200 1177 1286 probavi.
1224 1220 1297 1265 amo
1319 1200 1419 1284 igitur
1440 1221 1557 1266 venam
1580 1199 1722 1264 familiae
1745 1208 1891 1281 vestrae,
1926 1199 1967 1265 de
1990 1220 2054 1281 qna
2075 1219 2133 1265 no-

508 1306 573 1385 bis,
607 1304 705 1370 etiam
735 1304 790 1387 qui
820 1304 926 1369 adhuc
956 1304 1099 1389 conperti
1121 1324 1184 1369 non
1207 1312 1296 1384 sont,
1333 1304 1559 1388 praerogativa
1581 1302 1692 1388 optimi
1714 1303 1843 1386 generis
1865 1302 2047 1367 laudabiles
2068 1303 2166 1367 iams

507 1407 667 1472 videntur.
708 1413 857 1491 superest
878 1427 963 1472 nunc
986 1407 1062 1472 mihi
1087 1406 1253 1473 sollemnis
1276 1406 1335 1472 illa
1356 1405 1548 1489 efflagitatio
1570 1406 1760 1486 litterarum,
1786 1426 1881 1489 quam
1904 1426 1963 1471 nec
1985 1405 2133 1471 omitten-

507 1510 581 1575 dam
605 1509 732 1594 penitus
755 1509 922 1593 existimo,
948 1531 989 1576 ne
1012 1508 1178 1575 remissius
1201 1529 1312 1592 cures,
1338 1529 1420 1592 qnae
1442 1517 1537 1594 putas
1559 1529 1622 1574 non
1644 1507 1833 1590 desiderari,
1859 1528 1919 1573 nee
1940 1527 2133 1592 magnopere

507 1611 755 1697 perurgendam,
782 1632 822 1677 ne
844 1612 901 1678 tibi
925 1621 1081 1698 perpetua
1103 1611 1271 1678 conventio
1294 1612 1462 1695 spontanei
1485 1612 1620 1694 gratiam
1643 1610 1796 1696 decerpat
1818 1609 1928 1676 officii.

1189 1894 1296 2004 nxxr
1317 1938 1454 2021 (nxvq.

594 2111 750 2190 Quamvis
778 2112 922 2195 relegere
952 2113 1013 2178 iter
1042 2119 1139 2195 atque
1167 2112 1242 2176 ilico
1266 2131 1375 2196 parem
1398 2130 1471 2174 rure
1494 2109 1663 2189 decedere,
1698 2110 1758 2176 hoc
1779 2110 1885 2194 ipsum
1908 2116 2014 2176 tamen
2038 2110 2132 2175 breve
2154 2132 2181 2171 ro

508 2216 713 2280 intervallum
744 2215 809 2281 diei
839 2236 975 2280 vacuum
999 2236 1073 2281 esse
1096 2215 1211 2280 litteris
1234 2235 1296 2279 non
1320 2213 1442 2298 patiar,
1475 2212 1611 2297 primum
1635 2220 1669 2278 ut
1691 2212 1831 2278 officium
1854 2213 2042 2296 scriptorum
2064 2219 2133 2278 tuo

508 2338 578 2382 rum
608 2317 829 2383 vicissitudine
861 2318 1018 2385 sermonis
1048 2318 1272 2401 aequiparem,
1306 2316 1423 2381 dehinc
1453 2321 1488 2380 ut
1516 2315 1675 2400 expetitas
1704 2315 1864 2380 amicitias
1886 2316 1990 2381 relatu
2012 2313 2133 2399 gratiae

509 2420 680 2503 intellegar
702 2421 873 2499 munerari,
899 2428 1060 2505 postremo
1083 2428 1118 2486 ut
1140 2419 1257 2485 indicio
1280 2420 1439 2484 adventus
1462 2418 1525 2484 mei
1548 2419 1725 2503 pauxillum
1749 2417 1790 2484 de
1812 2424 1854 2493 te,
1880 2418 1932 2501 qai
1954 2438 2028 2482 mox
2048 2417 2134 2483 abire

467 2521 715 2603 idecreveras,
749 2523 913 2588 residendi
936 2531 1064 2607 tempus
1086 2523 1259 2588 obtineam.
1306 2522 1347 2587 ob
1370 2522 1430 2586 has
1453 2540 1569 2587 causas
1591 2520 1763 2606 epistulam
1787 2528 1940 2586 venturus
1961 2520 2032 2606 ipse
2054 2528 2135 2585 tam-

509 2645 604 2706 quam
634 2626 816 2709 praesulem
847 2626 932 2691 misi.
979 2626 1039 2692 sed
1068 2627 1102 2692 in
1130 2626 1181 2690 his
1209 2625 1384 2710 praecipua
1406 2624 1484 2689 mihi
1507 2624 1568 2690 fuit
1590 2624 1669 2690 ratio
1691 2644 1755 2689 non
1777 2623 1912 2704 silendi,
1945 2623 2030 2707 quod
2052 2624 2181 2710 prioris

507 2735 615 2792 votum
647 2728 841 2793 sanciendae
871 2729 1102 2795 familiaritatis
1132 2728 1289 2805 habuisti;
1323 2728 1408 2793 unde
1432 2748 1542 2792 curare
1565 2747 1617 2793 me
1640 2726 1764 2807 decuit,
1797 2746 1838 2792 ne
1861 2727 1991 2812 culpam
2013 2727 2134 2793 fastidii

508 2831 726 2896 contraherem
757 2831 992 2897 dissimulando
1023 2851 1188 2916 responsa.
1237 2830 1326 2914 atqui
1356 2831 1485 2895 mallem
1516 2849 1643 2916 semper
1671 2850 1745 2896 mea
1773 2850 1870 2915 opera
1899 2830 2057 2895 amicitias
2086 2831 2137 2896 in-

510 2934 628 3013 choari,
656 2939 780 2998 tantum
803 2935 905 3013 abest,
933 2942 967 3000 ut
989 2935 1080 3020 pigre
1103 2942 1135 2999 et
1157 2935 1368 3018 neglegenter
1390 2933 1548 3017 accipiam
1572 2953 1687 2999 munus
1709 2933 1875 3017 religionis
1898 2934 2036 2999 oblatae.
2076 2954 2137 3017 ago

510 3036 608 3118 igitur
637 3035 759 3120 gratias
789 3037 892 3102 bonae
920 3038 1075 3103 voluntati
1105 3045 1180 3103 tuae
1203 3045 1235 3103 et
1257 3037 1376 3102 curabo
1399 3035 1513 3101 sedulo
1535 3036 1650 3102 officiis
1673 3037 1771 3119 meis,
1803 3035 1972 3102 accredas
1995 3037 2137 3121 potuisse

511 3159 562 3203 me
586 3138 744 3204 scribendi
767 3139 877 3205 ordine
900 3140 1092 3224 praeveniri,
1119 3141 1289 3224 diligentia
1311 3138 1409 3205 animi
1431 3159 1495 3204 non
1517 3159 1623 3224 posse.
2154 3158 2182 3200 m

1170 3466 1296 3531 nnxn
1320 3467 1475 3550 (cxvii).

598 3637 834 3717 Alexandrum,
869 3638 962 3704 sicuti
993 3638 1165 3721 loquuntur
1193 3637 1367 3719 historiae,
1401 3637 1510 3720 gravis
1540 3637 1709 3703 momordit
1736 3638 1878 3719 invidia,
1910 3638 1997 3722 qnod
2020 3639 2138 3706 Achilli

512 3740 684 3806 fortissimo
713 3741 786 3806 aevi
818 3741 867 3807 sui
898 3742 1068 3808 Homerum
1099 3761 1288 3827 praeconem
1321 3741 1449 3806 fortuna
1477 3741 1651 3807 tribuisset.
1709 3749 1744 3806 at
1771 3741 1849 3806 mibi
1877 3741 2004 3807 animos
2033 3743 2140 3827 gliscit

512 3843 641 3925 gaudio,
669 3843 754 3926 quod
778 3850 912 3910 eventus
935 3844 1016 3930 reip.
1041 3864 1210 3931 prosperos
1233 3843 1328 3929 parili
1350 3853 1404 3910 tuo
1427 3863 1572 3909 sermone
1595 3843 1725 3908 ornasti.
1770 3844 1855 3911 unde
1877 3844 1996 3911 factum
2020 3854 2079 3927 est,
2105 3853 2140 3911 nt

513 3946 629 4010 nostris
658 3966 782 4030 qnoque
813 3947 992 4029 obtutibus,
1025 3948 1080 4031 qui
1109 3949 1220 4033 procul
1248 3947 1392 4030 agimrm,
1426 3946 1583 4029 quaedam
1613 3954 1775 4030 gestorum
1805 3947 1906 4013 facies
1935 3947 2135 4014 subderetur.
2156 3966 2185 4008 rs

513 4069 612 4131 quare
635 4056 667 4113 et
689 4048 836 4115 fortunae
859 4056 934 4115 tuae
957 4051 1114 4134 gratulor,
1148 4071 1232 4134 quae
1254 4056 1466 4136 spectatorem
1488 4057 1520 4115 te
1544 4049 1695 4115 secundis
1717 4052 1814 4117 rebus
1836 4051 2003 4137 adposuit,
2036 4059 2069 4118 et
2090 4051 2139 4117 fo-

514 4150 667 4231 cundiae,
701 4172 783 4234 quae
813 4154 926 4218 talium
953 4154 1152 4238 negotiorum
1175 4153 1390 4237 magnitudini
1412 4153 1566 4218 orationis
1587 4153 1747 4237 gravitate
1770 4154 1943 4238 respondit.
1991 4155 2139 4222 caelestis

513 4261 609 4318 nutus
632 4254 766 4337 efficiet,
796 4263 831 4321 ut
853 4256 1056 4322 amatissimo
1079 4257 1209 4340 linguae
1231 4265 1306 4323 tuae
1329 4256 1545 4341 promptuario
1567 4277 1739 4340 numquam
1763 4255 1849 4323 desit
1870 4257 2005 4324 materia
2026 4259 2138 4324 talium

513 4357 706 4422 nuntiorum.

1159 4684 1490 4771 nxxrnnxvrm.
2157 4708 2185 4748 a

601 4856 686 4922 Cura
708 4858 824 4922 annius
846 4879 945 4941 eram,
972 4859 1155 4943 priusquam
1179 4859 1303 4925 litteras
1325 4867 1397 4925 tuas
1420 4878 1596 4941 sumerem,
1621 4865 1726 4924 ntmm
1750 4861 1915 4927 commode
1937 4868 2067 4946 peracto
2089 4861 2140 4927 iti·

516 4980 591 5025 nere
620 4959 662 5025 ad
692 4959 854 5026 destinata
883 4962 1104 5047 pervenissem
1137 4963 1195 5028 sed
1225 4964 1277 5028 ubi
1309 4963 1424 5028 certior
1450 4962 1554 5028 factus
1576 4982 1665 5045 snm,
1698 4963 1778 5028 nibil
1802 4964 1981 5030 valetudini
2003 4971 2079 5030 tuae
2100 4986 2140 5031 ex

516 5062 625 5128 labore
653 5063 775 5129 itineris
805 5064 1021 5148 deminutum,
1055 5066 1184 5131 animus
1206 5065 1249 5132 ad
1272 5065 1474 5132 securitatem
1497 5066 1638 5132 revertit.
1687 5067 1864 5151 praestabit
1886 5067 2014 5133 divinus
2037 5068 2135 5147 favor,

516 5174 551 5231 nt
572 5166 664 5231 sicuti
689 5167 729 5232 de
752 5168 899 5233 absentia
921 5176 976 5233 tua
998 5175 1107 5253 optata
1129 5170 1346 5253 cognovimus,
1371 5169 1419 5234 ita
1441 5178 1495 5234 tuo
1518 5169 1623 5235 reditu
1645 5169 1856 5253 gaudeamus.

516 5367 610 5373 .-
619 5368 927 5376 .-....----.—--.-.——.

602 5490 867 5561 luccam]1aretus‚
888 5497 990 5544 nenmm
1009 5495 1085 5558 [[(Ι)
1192 5512 1242 5560 qua
1259 5495 1344 5566 nobis]
1365 5497 1420 5560 (Γ),
1441 5499 1513 5546 nobis
1534 5497 1582 5559 (11)
1691 5499 1705 5547 ’1
1724 5496 1802 5567 qnae]
1822 5501 1927 5561 luntas
1946 5514 2021 5563 quum
2042 5502 2092 5563 (ΙΙ)

605 5580 636 5630 lb
654 5578 1083 5648 decedere]1uretas,deducere11
1185 5584 1216 5633 13
1234 5581 1457 5651 qui]eqo,si(11)
1568 5583 1597 5633 11
1616 5582 1698 5651 atqui]
1713 5584 1770 5649 (Γ),
1785 5592 1861 5648 utque
1876 5586 1925 5650 (Π)
2003 5587 2066 5637 ,19
2084 5590 2139 5637 oft-

517 5667 563 5713 clls
581 5668 644 5715 meis
662 5663 703 5732 nt]
721 5667 830 5729 furetur,
849 5674 879 5716 ut
896 5670 985 5718 officiis
1004 5672 1068 5719 meis
1087 5670 1138 5731 (ΙΙ)

605 5751 637 5801 lb
656 5766 720 5814 quac
739 5759 901 5815 spectatorem
919 5780 955 5790 —
972 5751 1116 5822 facundiae]
1135 5754 1166 5818 Γ,
1186 5770 1232 5808 om.
1252 5756 1299 5819 (ΙΙ)
1406 5754 1440 5807 28
1457 5753 1628 5824 ornatissimo]
1649 5756 1704 5819 (Γ),
1724 5761 1897 5808 ornatissimae
1919 5759 1967 5822 (Π)
