4744 6476
485 485 547 546 288
1076 476 1271 532 SYMMAOHl
1289 474 1524 535 enutrieras

368 672 465 734 ΤΜΓ
485 676 585 751 retur,
621 670 672 734 cui
701 669 891 735 electionem
921 688 995 733 mox
1023 688 1103 732 urna
1131 666 1311 749 tribuebat,
1344 688 1403 751 par
1431 667 1483 732 vel
1513 669 1615 752 potior
1642 675 1726 748 erat,
1760 688 1854 751 quern
1887 688 1956 733 sors
1985 670 2113 736 fecisset

484 781 671 840 extremum.
727 772 874 854 quotiens
908 770 1054 854 sequenti
1089 769 1211 853 primus
1246 768 1383 835 invidit?
1420 770 1520 835 dubie
1553 778 1603 836 est
1634 771 1736 855 optio,
1774 791 1845 835 curn
1879 771 1920 837 de
1954 773 2112 838 similibus

484 876 654 942 iudicatur.
701 895 762 941 nec
789 874 908 959 putetis
936 873 1119 939 istiusmodi
1149 872 1347 956 voluptatem
1369 873 1457 956 plebi
1480 873 1616 939 Martiae
1638 894 1771 958 parvam
1794 874 1915 955 videri,
1949 876 2001 941 cui
2023 876 2113 943 dele·

485 980 629 1044 nimenta
658 978 847 1043 circensium
878 976 1082 1041 finitimorum
1106 975 1276 1041 conubium
1299 976 1542 1059 praestiterunt,
1578 976 1629 1041 cui
1651 996 1795 1042 summus
1817 977 1916 1043 honor
1938 980 2027 1045 visum
2050 989 2108 1059 est,

485 1089 519 1146 ut
549 1089 682 1146 ovantes
712 1099 864 1162 equorum
894 1079 991 1143 dorsa
1019 1085 1200 1161 gestarent,
1235 1085 1270 1143 ut
1299 1078 1534 1163 triumphantes
1557 1098 1668 1144 currus
1690 1079 1867 1147 inveheret.
1914 1101 2015 1163 quare
2038 1083 2143 1147 Via-c

442 1192 459 1250 7
484 1185 566 1249 ton‘a
591 1185 680 1268 genti
703 1183 879 1248 Romuleae
903 1181 1072 1247 familiaris
1095 1181 1298 1247 elementiam
1321 1188 1461 1247 vestram
1484 1202 1541 1265 pro
1565 1188 1637 1247 voto
1659 1182 1799 1248 omnium
1822 1192 2015 1250 muneretur.
2064 1186 2112 1251 fe-

485 1287 575 1352 cistis
596 1294 632 1351 nt
654 1286 729 1351 urbs
753 1306 835 1350 cana
857 1284 998 1350 luxuriet
1019 1285 1053 1349 in
1076 1284 1211 1369 primam
1234 1285 1369 1350 reducta
1390 1284 1546 1350 laetitiam
1570 1292 1603 1351 et
1624 1305 1681 1351 ver
1700 1285 1781 1351 illud
1796 1287 1958 1369 quondam
1972 1289 2112 1372 vigentis

484 1390 612 1455 aetatis.
659 1389 763 1455 audeo
793 1388 859 1452 iarn
882 1407 1012 1472 sperare
1035 1386 1174 1471 potiora:
1210 1387 1342 1453 mittetis
1365 1387 1462 1452 etiam
1485 1386 1607 1470 regium
1631 1388 1788 1467 classem,
1821 1409 1905 1472 quae
1927 1391 2112 1456 annonariis

485 1492 587 1576 copiis
617 1499 736 1575 augeat
763 1491 899 1555 devotae
922 1490 1027 1575 plebis
1050 1490 1246 1556 alimoniam.
1295 1490 1378 1555 banc
1399 1510 1476 1556 vero
1497 1490 1532 1556 in
1554 1490 1715 1556 Tiberinis
1738 1492 1830 1557 ostiis
1853 1493 1971 1560 mixtus
1993 1495 2112 1579 populo

485 1604 617 1661 senatus
647 1595 800 1680 excipiet3
835 1594 1060 1659 venerabimur
1081 1601 1245 1677 tamqnam
1267 1612 1377 1659 sacras
1399 1613 1541 1678 puppes,
1573 1614 1658 1677 quae
1680 1593 1789 1660 felicia
1811 1616 1910 1661 onera
1930 1597 2111 1682 Aegyptiae
2132 1618 2158 1659 ιι

485 1698 587 1783 frugis
609 1697 799 1763 invexerint.
847 1717 910 1762 non
933 1703 1009 1763 sunt
1030 1717 1130 1761 avara
1151 1704 1242 1777 vota,
1276 1716 1360 1778 quae
1383 1697 1504 1762 saeculi
1527 1697 1681 1765 excitavit
1703 1697 1902 1764 humanitas:
1938 1699 1979 1765 de
2002 1720 2112 1766 errem-

442 1810 461 1871 8
485 1803 549 1887 plis
572 1802 661 1868 venit
681 1802 745 1867 ista
767 1801 902 1879 fiducie3
936 1820 1054 1882 magna
1076 1800 1231 1865 sumendo
1254 1800 1377 1865 maiora
1398 1800 1643 1885 praesumimus.
1690 1821 1774 1867 nnuc
1796 1802 1896 1884 legite
1918 1811 2051 1869 senatus
2073 1826 2111 1870 ac

484 1905 593 1990 populi
624 1904 732 1969 fausta
754 1904 927 1986 suffragia,
960 1903 1036 1968 licet
1059 1904 1173 1984 sciam,
1208 1904 1282 1987 plus
1305 1904 1412 1968 incsse
1435 1903 1564 1981 animis,
1600 1924 1695 1985 quam
1720 1905 1851 1970 vocibus
1874 1906 2048 1990 explicari,
2081 1914 2113 1972 et

484 2009 643 2092 (quaedam
675 2008 829 2073 libamina
858 2007 980 2091 publici
1009 2008 1042 2072 iu
1073 2027 1130 2072 vos
1160 2008 1277 2071 amoris
1308 2007 1455 2091 accipite.
1502 2007 1529 2071 si
1558 2027 1660 2091 parva
1681 2007 1788 2073 adhuc
1810 2008 1897 2074 dicta
1919 2019 2009 2093 sunt,
2042 2032 2110 2077 mn-

484 2132 595 2178 nerum
625 2118 803 2176 vestrorum
832 2110 977 2194 inputate
1004 2109 1183 2186 miraculis,
1217 2130 1291 2175 nam
1314 2108 1502 2192 magnitudo
1525 2109 1664 2194 stuporis
1686 2111 1790 2176 locum
1813 2112 1923 2177 multis
1944 2113 2111 2196 plausibus
2132 2134 2157 2172 ιι

484 2236 548 2280 non
571 2214 712 2296 reliquit.

1061 2521 1093 2586 x
1118 2522 1251 2605 (xxm.
1271 2523 1376 2604 xxx)
1410 2543 1442 2587 a.
1462 2524 1535 2586 aar.

554 2678 624 2741 DD.
651 2677 722 2742 NN.
749 2632 994 2742 THEODOSIO
1017 2676 1073 2740 ΕΤ
1095 2676 1286 2742 AROADIO
1309 2676 1478 2742 SEMPER
1499 2676 1629 2742 Avus.
1656 2677 1917 2745 SYMMAOHVS
1940 2681 1979 2745 V.
2005 2682 2041 2747 O.

1080 2778 1357 2846 PRAEFEOTVS
1379 2778 1517 2845 VRBIS.

572 2954 742 3019 hastarum
772 2973 876 3018 rerum
899 2952 998 3018 index
1020 2971 1093 3017 esse
1115 2952 1313 3033 malueram,
1347 2951 1467 3017 domini
1489 2952 1716 3037 imperatores,
1751 2955 1809 3020 sed
1831 2955 1913 3020 ratio
1935 2954 2030 3021 officii
2054 2976 2112 3041 pn·
2130 2974 2159 3014 ro

486 3057 560 3124 liliei
583 3058 807 3123 necessitatem
830 3056 909 3120 mihi
931 3056 1033 3120 nuntii
1055 3055 1156 3120 tristis
1178 3055 1329 3139 inposuit.
1377 3055 1600 3121 Praetextatus
1624 3064 1742 3137 vester,
1768 3057 1992 3123 Praetextatus
2014 3058 2111 3122 bono-

471 3181 564 3240 rum,
590 3160 742 3243 antiquae
765 3158 933 3244 probitatis
954 3158 1109 3239 adsertor,
1136 3158 1355 3237 invidasqrte
1377 3159 1559 3224 subtractus
1582 3167 1647 3239 est,
1674 3161 1723 3224 vir
1745 3161 1887 3227 omnium
1910 3160 1994 3226 dorni
2019 3161 2112 3226 foris-

485 3283 547 3346 que
570 3264 736 3342 virtutum,
771 3262 804 3326 in
828 3261 919 3327 cuins
942 3262 1045 3326 locum
1069 3268 1197 3326 vestrae
1220 3280 1347 3344 quoque
1369 3261 1571 3339 aeternitati,
1602 3282 1685 3345 quae
1707 3263 1845 3347 optimos
1867 3264 1957 3329 novit
1979 3264 2108 3349 eligere,

444 3373 461 3429 2
484 3365 580 3432 nimis
610 3366 745 3431 arduum
776 3372 826 3430 est
855 3365 993 3430 similem
1023 3365 1212 3446 subrogare.
1259 3363 1369 3446 itaque
1399 3384 1556 3429 summum
1581 3365 1632 3430 sui
1653 3365 1687 3430 in
1710 3386 1744 3432 re
1766 3367 1897 3452 publica
1918 3366 2109 3432 desiderium

484 3489 699 3554 magnumque
728 3468 852 3534 civibus
882 3467 983 3551 gratis
1014 3467 1143 3551 reliquit
1172 3466 1326 3532 dolorem.
1374 3488 1449 3533 nam
1480 3467 1534 3532 ubi
1557 3468 1693 3552 primurn
1717 3469 1837 3535 Rornae
1859 3489 1990 3535 amarus
2012 3469 2053 3536 de
2075 3490 2112 3535 eo
2131 3487 2160 3528 2⁵

483 3593 591 3637 rumor
612 3571 785 3656 increpuit,
817 3570 977 3636 recusavit
998 3570 1136 3655 populus
1159 3570 1334 3635 sollemnes
1356 3570 1474 3636 theatri
1496 3572 1678 3656 voluptates
1700 3572 1950 3656 memoriamque
1971 3574 2041 3638 eius
2062 3573 2113 3637 iu-

486 3678 616 3741 lustrem
646 3676 748 3740 multa
777 3674 1013 3740 adclamatione
1040 3679 1178 3740 testatus
1208 3672 1352 3756 graviter
1374 3673 1441 3756 egit
1463 3693 1534 3738 enm
1558 3673 1658 3739 livore
1681 3674 1845 3755 fortunae,
1872 3675 1956 3757 quod
1980 3675 2041 3740 sibi
2064 3676 2113 3740 in-

485 3778 642 3863 clytorum
671 3777 851 3861 principum
879 3776 1038 3843 beneficia
1067 3775 1263 3841 sustulisset.
1318 3783 1351 3841 et
1379 3775 1435 3840 ille
1465 3776 1593 3858 quidem
1625 3777 1753 3844 functus
1782 3777 1832 3843 es't
1860 3779 1935 3861 lege
1964 3785 2109 3857 naturae,

484 3903 542 3947 nos
571 3902 648 3947 vero
676 3881 781 3947 socios
810 3879 909 3945 animi
940 3881 990 3945 sni
1020 3879 1183 3962 vestrique
1211 3878 1324 3945 indicii
1351 3886 1440 3944 tanto
1470 3879 1579 3945 dolore
1605 3880 1767 3959 confudit,
1802 3887 1836 3946 ut
1858 3880 1914 3945 otii
1936 3881 2111 3946 remedium

443 3991 461 4051 3
484 3986 692 4070 postulemus.
741 3984 822 4050 sileo
845 3991 966 4063 cetera,
993 4003 1076 4067 quae
1099 4002 1151 4048 me
1172 4003 1237 4049 non
1259 3982 1367 4047 sinunt
1389 3981 1624 4066 praefecturam
1647 3982 1731 4050 ferre
1754 3984 1930 4067 patienter:
1957 3986 2009 4050 vel
2034 3985 2113 4050 baec
2132 4004 2160 4043 ru

486 4109 550 4153 nne
578 4089 734 4154 consortis
763 4086 897 4153 amissio
924 4087 1011 4152 iusta
1039 4094 1089 4153 est
1119 4085 1162 4151 ad
1191 4084 1427 4169 impetrandam
1457 4086 1668 4152 vacationem.
1716 4092 1825 4151 ament
1853 4086 1910 4152 alii
1941 4094 2114 4172 perpetuas

486 4198 679 4275 potestates:
712 4191 791 4255 mihi
822 4209 964 4255 summus
993 4195 1044 4255 est
1064 4189 1186 4255 fructus
1210 4188 1394 4269 felicitatis,
1429 4195 1464 4253 ut
1486 4208 1594 4254 coram
1617 4195 1759 4254 vestrum
1782 4210 1899 4254 numen
1922 4191 2110 4270 advenerer,

485 4295 612 4360 intuear
633 4294 774 4378 benigno
795 4294 910 4361 salietis
933 4312 1025 4360 meae
1048 4292 1167 4359 sidera.
1213 4292 1275 4357 hoe
1299 4312 1396 4357 unum
1419 4311 1476 4377 pro
1497 4292 1663 4375 omnibus,
1697 4313 1780 4377 quae
1803 4293 2028 4378 praestitistis,
2058 4312 2115 4359 ex-

486 4403 573 4483 opto.
620 4397 758 4481 simplex
781 4396 892 4482 petitio
914 4404 1045 4463 estnec
1067 4396 1153 4461 viam
1175 4394 1368 4480 capessendi
1392 4394 1524 4461 honoris
1546 4394 1704 4476 adfectat3
1732 4398 1833 4462 semel
1857 4395 1942 4462 enim
1965 4396 2116 4462 claruerit

487 4499 568 4565 nihil
592 4500 681 4565 aliud
704 4519 787 4583 esse,
813 4499 899 4584 quod
921 4499 1059 4584 capim,
1086 4518 1158 4565 curn
1180 4498 1317 4584 supplex
1340 4497 1511 4564 refuderim
1534 4498 1767 4583 magistratum.
2133 4516 2161 4557 ³⁵

573 4814 589 4864 2
607 4814 675 4862 enirn
693 4818 751 4863 cute
769 4814 837 4874 optio
849 4815 922 4862 inea.
937 4810 964 4861 Γ
1062 4812 1203 4862 icouubla
1216 4810 1245 4858 M
1347 4810 1362 4859 t
1380 4816 1485 4860 ouantes
1502 4825 1551 4862 erra.
1567 4810 1595 4859 M
1696 4808 1786 4878 quare]
1804 4810 1938 4876 quandof
2042 4812 2114 4862 iiia·

487 4901 573 4949 mlaria
592 4900 619 4947 Μ
739 4900 849 4947 omnium
869 4904 927 4946 noto
946 4898 973 4945 M
1093 4896 1108 4946 8
1127 4892 1219 4963 audeo]
1238 4895 1267 4961 Γ,
1288 4902 1334 4946 aut
1351 4910 1380 4946 eo
1401 4896 1452 4945 ΓΜ
1571 4899 1622 4949 iani
1643 4898 1664 4944 Τ
1790 4898 1888 4949 libane
1907 4895 1978 4965 uero]
1997 4898 2032 4960 M,
2053 4899 2115 4947 lian-

488 5000 548 5034 nero
569 4985 598 5047 Γ,
619 4987 683 5035 banc
701 4998 757 5046 ergo
775 4983 802 5033 Γ
909 4987 997 5034 bestiis
1019 4984 1069 5031 ΤΜ
1185 4983 1217 5035 io
1235 4986 1426 5032 uenerabuntur
1444 4982 1471 5031 Γ
1577 4985 1688 5034 feliciora
1710 4985 1731 5031 Γ
1845 4986 1937 5034 honera
1954 4987 2068 5047 aegiptus
2088 4983 2116 5031 Μ

490 5071 521 5121 13
539 5074 622 5121 animo
642 5072 669 5119 Μ
774 5070 805 5120 li
823 5078 885 5120 eunt
901 5071 968 5119 dieta
986 5069 1013 5119 Γ
1113 5070 1144 5120 iii
1161 5072 1283 5133 relinquit
1301 5069 1329 5118 Μ

574 5158 606 5205 de
619 5158 709 5206 nuntio
722 5159 808 5209 mortis
821 5158 1009 5220 praetextatii'
1115 5155 1284 5207 lacunar
1369 5156 1484 5205 archadio
1499 5154 1576 5203 ΤΜΓ
1677 5156 1707 5205 19
1728 5157 1790 5205 ·PV·
1806 5157 1833 5205 Μ
1936 5155 2084 5206 20111).Γ

490 5246 553 5305 lmp'r
572 5242 607 5303 M,
633 5243 721 5292 scribe.-
742 5244 837 5293 domini
855 5246 1016 5307 imperatores
1035 5244 1156 5292 Theodosi
1175 5249 1202 5291 et
1219 5243 1310 5292 Arcadi
1330 5244 1418 5303 inclyti
1438 5244 1546 5292 uictores
1565 5258 1593 5293 ac
1612 5243 1803 5305 triumphatores
1822 5257 1920 5307 semper
1939 5244 2057 5302 Augusti,
2077 5242 2110 5302 es.

487 5347 513 5392 p.
529 5329 615 5391 urai
722 5331 815 5392 publici
835 5332 911 5378 oidcli
925 5330 953 5377 M
1056 5329 1086 5379 21
1107 5333 1266 5392 pretextatus
1284 5331 1499 5379 uerterbouorum
1513 5328 1541 5376 M
1644 5329 1762 5378 bonorum
1776 5328 1803 5377 Γ
1901 5328 2083 5380 ritualiter

489 5423 567 5465 morte
586 5416 612 5465 Γ
728 5415 760 5464 23
778 5431 840 5478 quor
857 5418 962 5465 obtimos
982 5415 1010 5462 M
1129 5416 1163 5466 21
1182 5431 1219 5478 rp.
1243 5416 1271 5476 Τ,
1292 5430 1318 5464 re
1339 5431 1375 5478 ·p·
1396 5414 1425 5462 M
1539 5413 1572 5463 26
1590 5417 1717 5464 increbuit
1735 5412 1762 5463 Γ
1871 5414 1904 5465 28
1923 5417 2074 5464 beneddum
2093 5412 2118 5462 Γ

490 5503 519 5552 31
541 5518 591 5552 una
609 5482 703 5551 omsM
807 5505 960 5551 uocationem
974 5502 1001 5550 Μ
1105 5501 1350 5552 attrectaretis
1454 5502 1485 5551 33
1505 5503 1614 5561 benigna
1631 5497 1733 5567 salutis]
1750 5516 1802 5563 epo,
1825 5502 1989 5561 benignitatis
2010 5499 2086 5549 TMP

490 5586 545 5655 pro]
563 5604 622 5652 prae
641 5588 669 5636 M
773 5588 804 5637 34
824 5585 913 5655 semel]
931 5591 994 5636 satis
1013 5586 1039 5636 Γ
1137 5585 1267 5655 claruerit]
1284 5604 1336 5649 epo,
1357 5588 1446 5636 claruit
1468 5585 1542 5635 ΤΜΓ
1644 5587 1676 5636 35
1696 5589 1810 5636 refudere
1829 5587 1857 5634 M
