4736 6478
961 536 1075 591 LIBER
1092 536 1142 591 VI.

870 898 942 965 nvi
961 899 1066 983 (cun)
1100 920 1130 965 a.
1155 903 1228 965 aar.

694 1053 954 1122 sxnxxcsvs
979 1053 1244 1120 ursonacffls
1267 1055 1407 1121 smus,
1863 1061 1920 1123 ⁴r>

324 1229 429 1295 Credo
458 1249 542 1294 nunc
572 1228 686 1294 saltem
717 1227 840 1312 priores
869 1227 991 1292 domini
1020 1227 1084 1292 mei
1113 1225 1269 1312 praefecti
1298 1228 1421 1294 litteras
1449 1227 1509 1295 tibi
1530 1227 1686 1295 redditas.
1732 1250 1815 1314 quac
1839 1228 1868 1295 si

237 1355 314 1400 casu
344 1333 453 1417 aliquo
483 1340 541 1398 aut
568 1332 776 1415 neglegentia
804 1330 967 1417 portitoris
997 1331 1129 1416 elapsae
1160 1337 1251 1412 sunt,
1284 1352 1323 1396 en
1353 1331 1412 1397 tibi
1442 1332 1540 1397 aliam
1563 1330 1784 1397 sublimissimi
1807 1331 1867 1397 viri

205 1438 407 1521 spaginam,
434 1436 485 1502 cui
507 1456 558 1501 me
582 1436 667 1500 bunc
689 1453 867 1499 sermonem
890 1432 986 1499 iussit
1007 1433 1201 1516 adiungere,
1228 1439 1263 1498 ut
1285 1434 1362 1516 qnid
1384 1435 1562 1501 sententiae
1584 1434 1643 1502 tibi
1666 1434 1709 1501 sit
1731 1435 1772 1500 de
1794 1454 1867 1500 sus-

235 1540 386 1624 cipiendo
415 1539 560 1623 negotio,
596 1538 647 1605 cni
674 1546 706 1605 te
737 1543 827 1622 optat
854 1536 1019 1618 adhiberi,
1054 1536 1105 1602 his
1135 1537 1298 1603 consultus
1328 1537 1495 1623 expedias.
1540 1546 1618 1624 puto
1646 1538 1732 1604 enim
1754 1557 1812 1604 vos
1833 1538 1867 1603 in

236 1643 403 1709 meliorem
426 1642 647 1708 valetudinem
671 1640 851 1721 revertisse,
880 1647 1047 1724 postquam
1071 1640 1150 1705 mibi
1172 1639 1296 1705 fecistis
1319 1639 1482 1721 indicium,
1509 1641 1593 1726 quod
1615 1641 1787 1709 reversioni
1810 1662 1868 1708 vc-

238 1753 326 1812 strae
355 1745 483 1811 morbus
515 1745 667 1810 obstaret.
714 1750 747 1810 et
767 1763 826 1809 nos
849 1743 978 1827 quidem
1001 1745 1178 1826 malumus,
1213 1749 1248 1808 ut
1269 1743 1428 1827 integrato
1451 1745 1600 1811 sanitatis
1622 1750 1705 1811 statu
1729 1744 1866 1811 reditum

236 1848 441 1935 spondeatis,
468 1848 526 1914 sed
549 1848 578 1914 si
599 1848 763 1932 querellae
786 1846 929 1932 corporis
951 1854 1060 1913 votum
1084 1854 1265 1928 morantur,
1291 1846 1497 1914 evidentibus
1520 1848 1648 1934 scriptis
1670 1847 1868 1932 expectatio-

190 1971 217 2012 ιο
235 1973 310 2019 nem
333 1951 529 2019 consulentis
552 1951 721 2019 absolvite.
769 1952 854 2018 vale.

796 2226 885 2291 nvn
906 2225 1028 2312 (cvm)
1064 2225 1171 2293 nieme
1194 2226 1305 2313 sauss.

694 2381 954 2449 sunnacnvs
980 2382 1246 2449 niconscnrs
1269 2382 1409 2448 arnus

329 2556 557 2642 Superioribus
587 2555 703 2622 diebus
729 2562 761 2620 et
782 2575 874 2633 meae
898 2552 983 2619 circa
1004 2574 1063 2619 vos
1086 2554 1308 2620 observantiae
1331 2561 1364 2620 et
1385 2562 1511 2622 vestrae
1533 2557 1748 2642 cxpectationi
1770 2558 1870 2624 multo

243 2661 453 2746 epistularum
476 2681 608 2727 numero
631 2658 786 2725 satisfeci.
826 2658 908 2724 haec
928 2678 1005 2723 vero
1027 2658 1148 2742 pagina
1169 2657 1294 2741 copiam
1316 2678 1379 2723 non
1401 2659 1544 2742 rennuit,
1570 2679 1641 2724 curn
1663 2660 1724 2726 hoc
1745 2667 1868 2726 tanturn

193 2780 220 2822 ιε
243 2764 488 2830 benevolentiae
511 2771 637 2829 vestrae
658 2784 717 2848 pro
739 2769 836 2847 captu
858 2761 985 2828 consilii
1006 2761 1070 2826 mei
1092 2760 1260 2841 suadeam,
1284 2769 1319 2827 ut
1340 2761 1383 2826 ad
1403 2764 1585 2848 praefectos
1607 2764 1764 2848 praetorio
1787 2765 1870 2830 Sici-

238 2867 351 2933 liensls
373 2886 492 2934 causac
514 2873 641 2933 vestrae
663 2866 747 2932 actio
770 2865 1000 2948 transferatur,
1035 2864 1062 2930 si
1084 2872 1193 2931 tamen
1214 2865 1339 2948 aliquid
1360 2865 1452 2931 vobis
1474 2866 1517 2932 ad
1539 2866 1769 2950 experiendum
1792 2868 1870 2933 data

237 2969 356 3035 oblatio
379 2968 567 3036 reservabit.

838 3244 942 3310 cvm
963 3244 1103 3330 (nunu)
1138 3266 1169 3311 a.
1189 3247 1264 3311 aas.

693 3399 954 3466 svnnxcsvs
981 3399 1247 3467 mconxcnrs
1270 3401 1408 3466 rmus.

193 3589 223 3633 ac
329 3575 503 3657 Postquam
533 3573 651 3658 pignus
681 3581 823 3640 nostrum
846 3572 990 3638 Sibidius
1012 3574 1147 3638 Romam
1177 3572 1274 3639 rediit
1294 3579 1327 3640 ct
1348 3574 1480 3640 nuntius
1502 3573 1576 3655 fuit,
1609 3582 1747 3657 quantus
1769 3573 1868 3640 filiam

240 3697 347 3742 meam
371 3685 468 3745 vexet
489 3677 630 3762 corporis
653 3678 761 3757 dolor,
792 3697 884 3743 meus
906 3697 1033 3759 quoque
1056 3677 1183 3742 animus
1205 3677 1375 3761 aegrescit.
1422 3676 1530 3759 itaque
1553 3677 1676 3743 litteras
1698 3677 1779 3742 nibil
1801 3697 1870 3742 mo-

237 3788 328 3846 ratus
360 3780 453 3846 emisi
475 3781 571 3847 anxie
592 3787 725 3866 petens,
758 3780 861 3865 p1inro
884 3786 919 3845 ut
940 3779 1067 3846 medica
1088 3801 1150 3866 ope
1172 3786 1204 3845 et
1226 3779 1423 3846 abstinentia
1444 3781 1609 3846 noxiorum
1631 3780 1675 3846 ad
1697 3781 1868 3849 sanitatem

238 3882 380 3965 iuvetur,
415 3883 533 3949 dehinc
563 3891 597 3950 ut
618 3882 766 3968 rescripti
787 3883 869 3949 fides
890 3884 1071 3949 abolendae
1093 3882 1302 3949 sollicitudini
1323 3903 1416 3949 meae
1439 3884 1596 3950 consulat.
1642 3883 1706 3968 ipsi
1727 3891 1800 3969 post
1821 3884 1870 3949 le-

237 3992 383 4069 gatorum
413 3988 641 4073 profectionem
670 4007 725 4052 rus
748 3987 958 4069 Vaticanum,
991 3986 1077 4070 quod
1106 3993 1212 4052 vestro
1235 3987 1370 4071 praedio
1392 3987 1557 4069 cohaeret,
1590 3986 1803 4070 accessimus,
1836 3993 1869 4053 et

190 4107 220 4150 rs
237 4088 266 4153 si
286 4088 369 4154 nihil
393 4088 551 4174 disposita
573 4090 755 4171 conturbet,
788 4089 822 4155 in
844 4089 974 4176 Apriles
997 4088 1157 4155 kalendas
1179 4090 1279 4155 villae
1301 4089 1365 4155 otio
1387 4090 1582 4157 defruemur.
1628 4090 1787 4157 iuniorum
1817 4090 1909 4157 ‹li-2

236 4193 339 4259 lectus
369 4193 501 4260 urbanis
530 4194 662 4261 familiis
691 4193 867 4279 imperatus
897 4213 999 4276 usquc
1027 4193 1071 4258 ad
1100 4192 1223 4259 aeterni
1251 4193 1405 4279 principis
1435 4212 1590 4278 responsa
1615 4193 1779 4278 pendebit.
1825 4193 1867 4260 de

239 4295 417 4363 coniunctis
447 4297 686 4382 exemplaribus
715 4296 850 4362 formam
878 4297 1041 4382 praecepti
1069 4296 1234 4381 utriusque
1264 4296 1414 4363 noscetis.
1461 4296 1543 4362 haec
1571 4297 1646 4382 quia
1666 4297 1731 4363 tuis
1753 4296 1868 4362 litteris

238 4398 422 4466 desiderata
444 4408 535 4483 sunt,
561 4400 652 4479 misi;
684 4406 825 4466 cetemm
847 4420 936 4465 mera
958 4407 1056 4483 atque
1078 4399 1173 4465 unica
1195 4398 1274 4464 mihi
1296 4419 1395 4465 causa
1417 4400 1589 4465 dictandae
1612 4400 1771 4485 epistulae
1794 4399 1864 4480 fuit,

238 4509 273 4567 ut
295 4504 337 4569 ad
360 4522 419 4569 nos
442 4523 540 4589 super
561 4503 647 4569 filiae
669 4523 761 4569 meae
783 4502 968 4569 valetudine
991 4509 1079 4570 certa
1100 4509 1133 4569 et
1153 4509 1224 4569 voto
1246 4502 1351 4568 amica
1372 4502 1563 4569 referantur.
1609 4504 1694 4569 vale.

191 4799 220 4840 so
858 4778 980 4845 LVIIII
1003 4779 1081 4865 (LX)
1117 4800 1149 4845 a.
1168 4781 1242 4844 397.

693 4931 955 5000 svnnxcsvs
977 4931 1244 5000 mconncsrs
1267 4931 1406 4998 amns.
1442 4881 1449 4890 ’

325 5105 510 5173 Anteriores
531 5107 660 5172 litterae
681 5112 776 5188 tuae,
808 5125 890 5191 quas
911 5126 986 5172 mox
1007 5106 1093 5173 aliae
1115 5113 1306 5173 consecutae
1329 5112 1419 5188 sunt,
1447 5124 1537 5191 spem
1560 5105 1639 5171 mihi
1660 5106 1865 5188 aliquatenus

237 5209 360 5277 reditus
382 5209 429 5275 tui
451 5209 612 5289 fecerant;
639 5209 801 5277 secundae
824 5210 981 5296 promissa
1002 5216 1189 5293 vacuarunt,
1215 5209 1262 5275 ita
1284 5217 1319 5276 ut
1333 5218 1406 5294 post
1420 5210 1537 5275 multas
1552 5229 1667 5275 causas
1682 5208 1864 5292 negationis

236 5332 308 5379 meo
339 5311 473 5380 consilio
504 5313 668 5397 sequenda
691 5314 915 5380 committeres.
962 5314 1021 5380 sed
1043 5335 1104 5399 ego
1127 5313 1272 5396 cogitans
1294 5313 1397 5398 primo
1419 5312 1507 5378 filiae
1529 5333 1621 5379 meae
1643 5313 1864 5380 conturbatam

320 5591 337 5640 4
355 5593 439 5642 clsbse
458 5593 503 5641 Pl
517 5609 552 5643 m.
658 5592 674 5643 6
691 5588 745 5660 hle]
763 5594 802 5643 bis
822 5592 918 5642 Pam.
1023 5593 1039 5644 9
1058 5593 1080 5642 sl
1098 5593 1256 5644 om.P1m.

324 5678 354 5728 12
374 5680 533 5730 nichomaeus
552 5678 575 5726 P

323 5763 354 5815 ts
372 5765 532 5815 nichomacns
549 5766 572 5814 P
674 5765 707 5815 29
725 5762 795 5832 uoto]
813 5766 919 5826 merua,
938 5772 998 5815 uota
1017 5766 1039 5814 P

321 5850 354 5900 ³2
372 5853 505 5901 interiores
523 5852 547 5900 P
558 5853 574 5899 2
585 5868 620 5902 m.
727 5850 760 5901 ³4
777 5854 914 5901 comittarls
932 5853 979 5900 ΡΙ
994 5868 1027 5902 m.

315 5950 342 6001 Q.
355 5952 470 5994 Asuuius
484 5952 632 5995 Srurracnvs.
