4744 6476
496 510 558 569 316
1085 500 1279 556 sYiiquui
1298 498 1533 557 uuim'riouils

380 698 477 759 TMl'
497 697 613 760 misero
640 696 763 779 pallore
789 701 939 759 mutams.
986 693 1074 758 stetit
1103 692 1243 757 harenae
1265 691 1371 757 medio
1393 692 1539 757 subiecta
1561 692 1736 776 voluptati,
1770 712 1853 774 quac
1876 693 1938 758 fuit
1959 700 2034 758 ante
2058 692 2122 757 for-

454 802 473 860 2
496 798 619 879 midini,
646 805 679 864 et
693 798 849 864 adsuetae
864 795 962 861 armis
984 795 1159 878 gentilibus
1182 814 1296 859 manus
1319 794 1515 877 gladiatoria
1535 795 1746 861 instrumenta
1769 794 1954 861 timuerunt.
1996 794 2123 860 felicem

496 900 593 967 nimis
622 901 700 966 belli
730 899 824 965 istius
855 899 988 981 ducem,
1022 898 1078 981 qui
1101 897 1232 963 divinae
1256 898 1445 965 clementiae
1468 905 1596 964 vestrae
1618 897 1719 964 fretus
1743 899 1898 984 auspiciis
1920 920 1961 964 ex
1983 898 2122 964 bostium

497 1024 628 1069 numero
656 1004 738 1069 alios
767 1003 810 1068 ad
838 1002 1042 1068 securitatem
1072 1001 1308 1086 provinciarum
1330 1002 1458 1087 penitus
1482 1002 1635 1082 extinxit,
1669 1008 1751 1066 alios
1773 1002 1816 1066 ad
1839 1002 1996 1067 laetitiam
2018 1002 2122 1085 plebis

496 1109 632 1174 Martiae
657 1107 845 1173 reservavit.
892 1105 1004 1171 merito
1026 1106 1078 1170 illi
1098 1104 1220 1171 iudicia
1242 1112 1350 1170 vestra
1371 1107 1591 1190 respondent,
1617 1106 1686 1171 inre
1707 1106 1743 1171 in
1765 1105 1879 1171 litteris
1902 1104 2122 1189 imperialibus
2141 1127 2152 1165 r

497 1232 596 1297 saepe
626 1212 821 1289 celebratum
864 1229 968 1293 neque
1006 1208 1090 1273 enim
1126 1215 1217 1274 tanta
1250 1208 1379 1275 devotio
1407 1208 1585 1292 digniorem
1615 1208 1717 1293 possit
1745 1207 1889 1274 invenire
1919 1228 2120 1293 praeconem.

498 1316 540 1381 sit
561 1314 652 1380 vobis
675 1314 827 1397 frequens
850 1332 927 1378 usus
949 1333 988 1378 ac
1010 1312 1116 1377 facilis
1138 1312 1338 1391 laurearum,
1366 1319 1398 1377 et
1421 1332 1490 1392 cos,
1518 1312 1572 1395 qui
1596 1311 1677 1378 forte
1700 1331 1800 1378 ausus
1822 1311 1929 1396 inpios
1950 1312 1985 1376 in
2008 1313 2125 1376 Roma-

497 1439 573 1482 num
589 1438 703 1483 nomen
719 1416 902 1495 extulerint,
928 1414 1079 1481 fortitudo
1095 1414 1231 1479 militum
1254 1415 1369 1500 capiat,
1396 1414 1518 1480 harena
1541 1415 1629 1480 urbis
1651 1415 1825 1501 expendat.
1866 1421 2023 1500 perpetua
2044 1413 2126 1479 haec

498 1522 622 1587 devotis
644 1520 768 1587 civibus
791 1519 918 1585 virtutis
940 1526 1066 1584 vestrae
1089 1525 1252 1602 tamquam
1274 1518 1394 1583 tributa
1417 1517 1601 1603 praestetis.

911 1879 1120 1945 xxxxviii
1140 1879 1253 1962 (ixii.
1272 1878 1437 1961 ixviini
1477 1901 1509 1944 a.
1528 1882 1710 1944 ssi-ass.
1944 1920 1946 1923 v
2147 1899 2173 1939 ιο
2237 1824 2241 1833 ’

586 2059 682 2123 Certa
711 2054 817 2131 officia
846 2060 921 2119 sunt
948 2052 1089 2118 omnium
1118 2057 1328 2136 potestatum:
1362 2052 1584 2135 praefecturae
1608 2052 1750 2118 urbanae
1772 2052 1936 2137 proprium
1960 2049 2126 2134 negotium

501 2168 551 2228 est
581 2165 763 2225 senatorum
786 2156 856 2222 iura
878 2155 990 2236 tutari,
1026 2154 1104 2219 ddd.
1129 2154 1251 2238 imppp.
1278 2174 1378 2237 quare
1401 2154 1540 2239 partium
1564 2175 1706 2219 mearum
1730 2162 1905 2220 conventus
1929 2154 2125 2220 necessitate

500 2261 749 2348 allegationibus
778 2258 1026 2325 clarissimorum
1057 2258 1196 2322 virorum
1225 2256 1313 2322 iusta
1343 2257 1542 2341 poscentium
1573 2256 1689 2323 deesse
1719 2277 1782 2322 non
1812 2258 1913 2342 potui.
1960 2278 1981 2322 a
2009 2257 2127 2340 quibus

500 2369 656 2453 pleraque
686 2363 819 2430 servitia
847 2360 1009 2447 palatinus
1038 2358 1200 2425 Eusebius
1230 2358 1339 2425 iussus
1372 2379 1503 2442 eruere,
1543 2366 1577 2425 ut
1605 2361 1759 2426 bonorum
1790 2359 1899 2426 Catuli
1929 2360 2127 2426 clarissimae

501 2470 674 2536 memoriae
696 2467 756 2531 riri
787 2464 932 2549 quaestio
961 2462 1211 2529 iudicationibus
1242 2463 1406 2546 sacrisque
1429 2463 1594 2548 responsis
1617 2470 1805 2548 consumpta
1828 2469 2009 2547 repetatur,
2044 2462 2126 2547 opti·
2147 2483 2174 2524 ia

459 2585 479 2645 2
501 2577 635 2645 matium
657 2568 886 2655 querimonias,
915 2566 969 2651 qui
992 2565 1113 2631 dudum
1135 2565 1236 2651 partis
1260 2565 1420 2647 fruuntur,
1448 2566 1579 2632 excivit.
1626 2572 1757 2632 rentum
1779 2572 1830 2631 est
1850 2566 1950 2649 igitur
1971 2566 2014 2631 ad
2036 2567 2128 2650 leges

500 2685 671 2749 executore
694 2674 843 2759 cupiente
868 2719 1082 2736 ........
1109 2689 1205 2750 quem
1228 2668 1437 2734 contradictio
1460 2670 1652 2754 repellebat,
1680 2669 1923 2753 inplorataeque
1946 2669 2047 2734 vestri
2067 2690 2128 2733 nu-

500 2780 597 2849 minis
612 2777 804 2855 sanctiones,
832 2793 913 2858 quae
934 2779 1118 2840 senatorum
1140 2772 1379 2837 controversias
1402 2773 1569 2837 nansfeni
1591 2773 1632 2837 ab
1655 2773 1778 2837 urbano
1801 2771 1869 2837 foro
1891 2771 1934 2836 ad
1957 2772 2130 2855 peregrina

446 2868 450 2883 ¹
501 2889 682 2953 uetuerunt.
723 2880 781 2946 sed
803 2899 876 2944 cum
891 2877 1086 2958 adsererem,
1112 2895 1175 2940 non
1190 2874 1325 2941 eandem
1340 2876 1597 2959 praerogativam
1613 2894 1685 2941 esse
1705 2925 1838 2940 ......
1857 2894 2030 2954 servorum,
2058 2875 2130 2957 qui-

502 2992 562 3056 bus
590 2983 847 3072 supplicantibus
870 2988 989 3047 cenum
1012 2978 1195 3064 perennitas
1217 2984 1327 3044 vestm
1349 2978 1463 3044 detulit
1486 2978 1698 3061 cognitorem,
1733 2997 1919 3062 responsum
1944 2984 2009 3060 est,
2043 2978 2129 3062 quod
2148 2996 2178 3038 ao

461 3100 480 3161 3
503 3096 647 3161 fortunas
670 3087 920 3154 clarissimarum
942 3102 1151 3169 personarum
1173 3082 1314 3167 precatio
1336 3081 1463 3146 subtilis
1482 3081 1660 3148 incesserit.
1700 3082 1785 3146 inter
1798 3081 1881 3147 haec
1896 3102 1968 3147 cum
1983 3082 2128 3147 Donatus

503 3196 676 3263 adsisteret
697 3191 813 3257 ceteris
835 3186 1053 3274 precatoribus
1076 3204 1166 3251 sacro
1188 3184 1315 3250 iunctus
1337 3185 1478 3263 oraculo,
1505 3184 1669 3267 quaesivi,
1704 3190 1740 3249 ut
1761 3201 1831 3248 mos
1854 3191 1919 3264 est,
1951 3204 1991 3249 ne
2014 3183 2128 3250 eodem

503 3298 632 3367 nomine
655 3295 739 3360 alius
761 3291 961 3371 subderetur,
988 3309 1072 3373 quae
1093 3288 1254 3353 hominem
1277 3287 1425 3353 condicio
1448 3288 1583 3352 haberet
1605 3292 1638 3351 et
1660 3306 1702 3350 an
1725 3286 1796 3370 ipse
1818 3286 1859 3351 de
1882 3286 1988 3352 Catuli
2011 3286 2129 3351 iudicio

504 3401 732 3487 supplicasset.
779 3401 856 3460 tunc
883 3394 940 3459 ille
962 3391 1122 3457 Hilariani
1153 3390 1325 3456 clarissimi
1347 3390 1408 3454 riri
1440 3409 1567 3455 servum
1596 3388 1762 3475 professus
1784 3390 1826 3455 ab
1849 3389 1977 3454 illarum
1999 3408 2129 3474 precum

505 3500 711 3577 conscientia,
737 3517 820 3581 quas
844 3496 960 3562 dicitur
981 3494 1135 3561 obtulisse
1157 3514 1230 3560 cum
1254 3493 1378 3573 ceteris,
1413 3493 1554 3559 alienum
1578 3512 1613 3558 se
1636 3499 1819 3558 constanter
1840 3491 2000 3571 adseruit;
2033 3500 2180 3576 atquem

463 3617 482 3675 4
506 3608 551 3674 ita
566 3607 637 3672 visa
652 3610 702 3670 est
723 3599 970 3687 supplicationis
992 3598 1073 3664 fides
1096 3597 1193 3663 etiarn
1216 3597 1257 3662 de
1279 3603 1409 3661 auctore
1432 3603 1556 3662 nutare.
1596 3595 1724 3662 adiecta
1746 3603 1821 3661 sunt
1842 3596 1910 3661 alia
1932 3596 2030 3680 plena
2050 3596 2130 3661 iuris

504 3719 601 3793 atque
630 3706 781 3787 rationis,
821 3703 907 3788 quod
935 3710 1008 3788 post
1037 3702 1167 3767 crebras
1196 3700 1393 3784 cognitiones
1423 3706 1456 3764 et
1484 3699 1640 3784 rescripta
1669 3699 1711 3764 ad
1742 3700 1929 3765 relationem
1961 3718 2131 3765 numerosa

504 3832 641 3900 poenam
668 3810 753 3893 legis
778 3806 967 3886 inciderint,
1000 3805 1056 3889 qui
1079 3804 1184 3870 denuo
1207 3810 1317 3869 uonna
1339 3802 1475 3869 vetitum
1497 3802 1730 3887 supplicarunt.
1778 3809 1889 3867 extant
1910 3802 2034 3886 quippe
2057 3820 2131 3866 sen-

504 3915 643 3995 tentiae,
677 3930 758 3996 quas
773 3967 774 3971 ,
787 3931 859 3976 cuin
888 3908 1072 3995 provocatio
1101 3912 1294 3991 temptasset
1321 3905 1487 3988 inhibere,
1520 3905 1684 3970 consultus
1711 3904 1867 3971 relatione
1890 3904 1985 3969 divus
2007 3904 2133 3986 genitor

505 4016 694 4085 clementiae
717 4020 844 4080 vestrae
868 4012 964 4078 finem
987 4010 1095 4096 posuit
1116 4008 1308 4093 quaestioni.
1356 4008 1407 4073 cui
1429 4006 1581 4073 victorae
1603 4007 1699 4073 fiscus
1722 4007 1860 4073 accessit
1882 4007 2130 4073 emolumentum
2152 4026 2182 4067 ao

505 4122 660 4187 bonorum
683 4117 792 4185 Catuli
814 4114 1016 4181 clarissimae
1039 4112 1212 4178 memoriae
1233 4110 1311 4192 viri,
1343 4118 1378 4176 ut
1400 4111 1564 4176 adsertam
1587 4117 1652 4193 est,
1683 4130 1740 4194 pro
1764 4118 1852 4175 certa
1874 4118 1964 4194 parte
1987 4109 2128 4175 sortitus.

464 4236 482 4293 5
506 4245 578 4290 oum
592 4223 691 4305 igitur
710 4227 891 4287 senatorum
914 4216 1069 4300 allegatio
1091 4215 1256 4300 rescriptis
1279 4234 1318 4280 ac
1339 4214 1468 4298 legibus
1490 4213 1655 4293 niteretur,
1681 4215 1864 4280 maluerunt
1885 4213 2132 4302 capsam'suam

506 4333 634 4393 vestrae
664 4345 721 4410 per
752 4343 804 4388 me
830 4321 957 4406 aperire
978 4320 1122 4386 iustitiae
1145 4339 1242 4403 quam
1264 4318 1408 4401 legitimo
1431 4316 1597 4382 vindicare
1620 4317 1758 4399 iudicio,
1793 4316 1897 4383 securi
1920 4316 2130 4385 decretorum.

506 4450 589 4514 quae
612 4436 644 4495 et
665 4426 858 4494 necessitate
879 4424 959 4489 iuris
974 4431 1007 4490 et
1021 4422 1087 4490 divi
1103 4422 1204 4508 patris
1220 4421 1427 4487 veneratione
1443 4419 1624 4486 servabitis.
1665 4421 1774 4503 itaque
1790 4439 1900 4486 servos
1916 4420 2001 4484 bona
2015 4418 2134 4484 fiducia

451 4598 453 4602 .
506 4531 723 4609 tradiderunt3
757 4548 837 4613 quos
863 4529 898 4593 in
927 4526 1158 4612 praeiudicium
1187 4524 1369 4590 absentium
1398 4530 1471 4608 post
1500 4524 1804 4589 consummationem
1837 4521 1959 4605 negotii
1981 4520 2130 4602 aequitas
2151 4544 2183 4582 aa

506 4643 694 4720 temporum,
720 4638 874 4716 quantum
896 4628 1144 4715 praesumimus,
1169 4648 1233 4693 non
1257 4626 1398 4712 patietur
1420 4625 1535 4692 audiri.

509 4826 853 4836 ——a--ae-——ffl
862 4825 918 4831 ...—

593 4947 653 4997 Tot
671 4961 718 4996 om.
740 4944 767 4994 Γ
866 4948 1005 4992 acuerunt
1024 4939 1050 4989 Γ
1149 4939 1164 4989 3
1183 4953 1287 4988 numero
1304 4939 1414 4988 hostium
1433 4936 1459 4986 Γ

597 5034 627 5084 ic
646 5034 677 5082 D.
698 5032 836 5081 Theodosio
853 5043 951 5091 semper
969 5029 1034 5089 Aug.
1055 5026 1218 5087 Symmachus
1236 5028 1314 5088 praef.
1334 5027 1388 5074 urb.
1412 5024 1437 5072 Γ
1581 5024 1611 5073 it
1630 5025 1679 5072 ddd
1696 5026 1763 5086 impr
1782 5022 1816 5084 Μ,
1839 5024 1869 5072 D.
1891 5024 2027 5084 Imperator
2046 5021 2076 5083 Γ,
2097 5022 2133 5082 es.

506 5138 533 5184 p.
554 5119 613 5180 tis,
634 5119 648 5166 i
767 5117 797 5166 it
815 5118 908 5167 senitia
928 5116 949 5162 T
1066 5112 1097 5162 is
1117 5117 1286 5162 consummate
1304 5110 1330 5159 Γ
1442 5113 1610 5173 optimatuum
1630 5110 1666 5169 M,
1686 5112 1835 5173 optimatum
1853 5107 1880 5158 Γ
2001 5107 2032 5157 16
2051 5110 2137 5156 cicini

508 5207 630 5255 tuendum
651 5204 701 5253 TM
856 5202 886 5251 17
906 5203 1026 5263 cupiente
1044 5214 1118 5262 quein
1139 5196 1217 5258 ΤΜΓ,
1237 5199 1325 5259 supple
1347 5201 1479 5245 executore
1498 5197 1627 5258 cupiente,
1647 5202 1677 5245 ut
1694 5210 1769 5244 causa
1786 5197 1817 5244 ad
1836 5197 2003 5255 cognitionem
2021 5208 2048 5242 u.
2068 5210 2090 5242 c.
2111 5200 2139 5242 ct

508 5293 624 5341 inlustris
647 5292 745 5340 comitis
768 5304 850 5339 rerum
874 5290 1028 5351 priuatarum
1053 5300 1085 5335 ex
1108 5299 1176 5333 sacro
1198 5286 1318 5346 rescripto
1342 5285 1520 5331 transferretur
1537 5287 1588 5349 ,cci
1605 5284 1685 5330 simite
1702 5282 1761 5344 qnid
1899 5281 2060 5343 inplotseque
2081 5280 2102 5326 T

509 5380 611 5428 unmlns
632 5378 654 5425 T
785 5375 816 5425 is
834 5375 969 5425 transferre
987 5371 1014 5421 Γ
1147 5370 1176 5421 19
1195 5372 1326 5421 notuerint
1342 5384 1405 5419 corr.
1425 5385 1454 5419 ea
1473 5374 1611 5418 uetuerunt
1630 5369 1659 5416 M
1790 5381 1839 5417 non
1857 5382 1907 5416 om.
1929 5368 1950 5414 T
2081 5380 2138 5415 esso

509 5479 637 5515 seruorum
659 5462 738 5526 TMF,
758 5464 845 5525 supple
863 5464 891 5510 tu
909 5475 983 5510 causa
1000 5460 1039 5507 rel
1056 5461 1135 5507 simile
1153 5458 1213 5520 qaid
1357 5456 1389 5505 22
1409 5458 1447 5506 uti
1467 5455 1493 5504 Γ
1613 5456 1700 5505 eodem
1719 5469 1751 5503 ne
1770 5454 1796 5503 Γ
1937 5452 1970 5501 23
1989 5454 2076 5503 stibus
2093 5453 2138 5501 de·

509 5558 578 5601 retur
599 5550 649 5598 TM
801 5549 834 5598 ui
853 5562 956 5611 precum
973 5562 1022 5597 om.
1046 5545 1095 5593 TM
1244 5543 1276 5594 26
1294 5545 1392 5594 adiectu
1410 5551 1449 5591 est
1467 5542 1494 5591 Γ
1639 5542 1721 5591 meus
1740 5540 1769 5587 Μ
1918 5538 1950 5588 ti
1969 5535 2056 5605 smne]
2074 5545 2100 5586 at
2120 5538 2141 5584 T

510 5635 542 5686 28
561 5639 663 5702 plenam
685 5636 705 5684 T
807 5635 993 5697 supplicarunt
1014 5633 1035 5679 T
1138 5631 1170 5679 36
1189 5632 1313 5692 patiemur
1334 5630 1355 5677 T
