4722 6470
484 462 682 528 CLXXVIII
1012 462 1275 518 CHRONOLOGIA
1296 457 1581 517 smulcfflaun.

571 687 599 752 V
623 686 809 753 Caeionium
832 687 958 752 Rullum
976 686 1127 752 Albinum
1136 690 1186 771 897)
1214 687 1380 752 Volusiani
1403 687 1453 753 bis
1477 686 1619 754 consulis
1641 686 1743 751 lilium
1767 685 1846 751 dicit
1867 686 2033 770 inscriptio
2055 686 2120 750 sub

485 809 501 872 Ι
524 812 543 872 4
566 807 679 873 relata.
728 806 840 872 consul
870 814 940 872 erat
960 828 991 873 a.
1018 810 1099 888 335,
1133 807 1316 893 praefectus
1346 807 1418 872 urbi
1447 828 1468 873 a
1496 807 1529 872 d.
1556 809 1596 872 30
1619 807 1698 873 Dec.
1723 826 1754 871 a.
1781 809 1843 871 335
1874 826 1977 889 usque
2007 804 2051 871 ad
2080 804 2117 869 d.

488 932 527 991 10
543 928 636 993 llart.
655 948 686 992 a.
705 930 779 991 337.
821 927 997 1009 chronogr.
1015 947 1045 992 a.
1066 930 1140 992 354.
1187 928 1264 1010 quia
1278 927 1312 992 in
1327 928 1419 994 titulo
1434 926 1679 1013 supralaudato
1693 926 1904 1011 philosophus
1919 925 2116 1011 appellatur,

488 1047 573 1113 hunc
594 1047 732 1113 eundem
755 1065 828 1112 esse
850 1054 942 1132 puto,
971 1046 1011 1112 de
1034 1067 1097 1129 quo
1120 1046 1273 1113 Boethius
1300 1048 1423 1130 (comm.
1448 1047 1482 1111 in
1504 1047 1602 1113 Arist.
1627 1044 1696 1133 περὶ
1718 1047 1823 1133 ἑρμην.
1849 1046 1926 1112 edit.
1952 1067 2018 1112 sec.
2044 1046 2059 1110 I
2086 1049 2114 1130 1)

487 1167 568 1233 haec
589 1167 716 1233 scribit:
751 1168 880 1232 Albinus
903 1188 1018 1251 quoque
1041 1169 1078 1229 de
1100 1170 1206 1231 iisdem
1229 1169 1318 1232 rebus
1341 1171 1502 1250 scripsisse
1522 1169 1714 1250 perhibetur,
1741 1173 1828 1231 cuius
1850 1188 1902 1250 epo
1924 1171 2120 1252 peometricos

487 1289 607 1370 widem
630 1290 724 1352 libros
748 1291 841 1352 editos
863 1293 934 1370 scio,
962 1290 998 1351 de
1021 1290 1180 1351 dialectieo
1202 1309 1273 1351 uero
1296 1290 1350 1351 diu
1373 1291 1559 1371 multumque
1581 1291 1734 1370 quaesitos
1757 1292 1893 1369 reperire
1915 1309 1976 1351 non
1994 1291 2092 1370 potui.

573 1408 618 1472 VI
641 1409 678 1475 Ο.
697 1408 868 1475 Caeionius
884 1408 995 1474 Rufius
1011 1409 1205 1474 Volusianus
1228 1409 1282 1491 qui
1305 1414 1338 1473 et
1356 1408 1565 1493 Lampadius.
1609 1412 1634 1488 1)
1663 1409 1699 1473 C.
1718 1409 1745 1472 Ι.
1764 1408 1800 1472 L.
1820 1408 2116 1473 V13866Romae.

490 1531 654 1591 Castellum
677 1549 774 1611 oquae
798 1532 947 1593 Claudiae
968 1532 1088 1613 repioni
1105 1529 1251 1612 prlintcc]
1278 1532 1434 1612 dispositio
1457 1531 1538 1592 dedit
1560 1538 1588 1592 ct
1608 1533 1682 1592 usui
1702 1530 1846 1608 tradidit,
1877 1532 1965 1592 iussn
1990 1530 2121 1611 [mode]-

488 1652 619 1712 rationis
642 1659 790 1733 00900100
812 1651 1027 1734 dlontinorunr)
1050 1652 1248 1733 nlostrorum)
1275 1650 1505 1732 Valentinliant]
1530 1659 1559 1712 ct
1579 1652 1711 1712 Valentis
1733 1652 1892 1729 victorum,
1922 1652 1981 1712 Gai
1996 1652 2121 1712 Coeionr

490 1772 556 1850 Rufi
576 1772 731 1833 Volusiani
744 1770 830 1853 sliri)
850 1770 1056 1853 allarissirni),
1082 1789 1125 1831 ear
1137 1770 1328 1851 praleslcatcl
1345 1769 1555 1853 praellorioll,
1578 1770 1749 1851 praefleetrl
1769 1770 1841 1831 urbi
1855 1771 1964 1832 indicis
1980 1769 2115 1849 iterium)

383 1882 387 1889 ’
489 1890 679 1972 samorlurn)
706 1891 945 1973 oopnlitionuntl,
971 1899 1098 1953 curante
1119 1890 1278 1953 Eustochio
1301 1890 1392 1973 cliro)
1419 1890 1613 1971 ollarissimo)
1641 1892 1804 1952 consulare
1825 1890 2018 1972 aquarluntl.

577 2011 606 2092 2)
635 2010 672 2076 0.
697 2010 724 2074 Ι.
749 2009 787 2074 L.
813 2009 857 2075 VI
883 2013 964 2073 1170
987 2010 1108 2075 Romae
1130 2009 1163 2074 in
1182 2009 1316 2075 thermis
1331 2009 1533 2075 Antonianis.
1575 2011 1719 2091 litamini)
1739 2010 1860 2090 nlostrrl
1887 2012 2119 2072 Valentinianus

491 2139 519 2192 et
547 2132 654 2193 Valens
676 2128 807 2214 depasti
833 2133 960 2194 ornatui
978 2130 1099 2212 publico
1121 2133 1263 2193 constitui
1284 2133 1437 2213 iocarique
1460 2133 1631 2209 iusserunt,
1663 2132 1898 2193 administrante
1921 2133 2003 2211 ltnfio
2031 2132 2120 2192 Volu-

491 2253 578 2313 siano
609 2250 699 2331 cliro)
734 2251 952 2333 ellarissirno),
985 2270 1027 2313 em
1052 2251 1231 2333 praefluunt
1253 2251 1455 2332 proctlorio),
1483 2250 1662 2332 praeflccto)
1689 2250 1763 2311 urbi
1783 2249 1905 2333 ludher)
1932 2253 2043 2313 iterum
2064 2260 2119 2312 sa-'

492 2370 642 2452 crarium)
669 2370 940 2454 coplnilhonumll.
988 2369 1029 2434 cf.
1058 2372 1282 2433 titt-1174.

578 2490 607 2571 3)
635 2489 670 2555 0.
697 2489 723 2553 Ι.
751 2489 788 2553 L.
814 2490 858 2554 VI
880 2490 978 2553 ew.
1027 2495 1069 2553 M.
1097 2493 1133 2552 D.
1160 2494 1203 2553 tt.
1229 2493 1255 2552 1.
1282 2499 1309 2553 et
1332 2487 1443 2552 Attinis
1473 2510 1556 2553 soar.
1584 2492 1710 2553 Flauius
1733 2492 1837 2571 Rufius
1868 2490 2002 2552 Sabinus
2031 2491 2119 2552 Volu-

491 2613 599 2673 sianus
629 2613 679 2672 uir
708 2613 901 2673 clarissimus
931 2619 959 2672 et
987 2612 1137 2673 indusias.
1160 2611 1269 2692 pontis.
1294 2612 1394 2671 minor
1423 2612 1560 2673 vicarius
1584 2608 1675 2672 Asiae
1702 2619 1731 2672 et
1754 2612 1864 2672 Cecrna
1885 2612 2029 2673 Lolliona
2054 2613 2120 2673 cla-

492 2733 607 2793 rissim.
634 2740 661 2793 et
684 2733 853 2793 inilustrss.
875 2733 949 2812 fem.
974 2739 1045 2794 stat.
1072 2752 1114 2793 erc
1136 2750 1207 2792 aere
1230 2750 1256 2792 s.
1278 2750 1311 2811 p.
1338 2731 1530 2793 dedicarunt.
1578 2729 1639 2794 has
1660 2729 1803 2813 ineptias
1826 2729 2026 2812 excogilatas
2048 2747 2120 2794 esse

493 2849 667 2931 aLigorio,
694 2850 827 2915 falsario
850 2849 1028 2932 notissimo,
1053 2849 1145 2915 cuius
1166 2848 1353 2915 auctoritate
1375 2849 1593 2933 inscriptionis
1615 2832 1714 2914 leetio'
1732 2848 1852 2929 nititur,
1879 2869 1942 2914 non
1965 2849 2121 2932 estquod

494 2989 657 3049 moneam,
699 2969 757 3036 sed
785 2990 858 3036 cum
887 2988 944 3035 eas
973 2968 1184 3052 confingeret,
1227 2970 1407 3053 fragmento
1436 2969 1521 3035 tituli
1551 2968 1683 3052 genuini
1710 2969 1797 3034 fonte
1827 2988 1906 3034 usus
1935 2976 1996 3035 est.
2046 2989 2120 3034 nam

493 3089 664 3175 Lampadii
685 3089 786 3155 filium
802 3090 984 3155 Lollianum
1006 3090 1264 3172 cognominatum
1286 3090 1398 3171 fuisse,
1424 3089 1627 3155 Ammianum
1651 3095 1765 3155 testem
1788 3089 1946 3155 habemus
1968 3090 2121 3171 (XXVIII

497 3215 523 3289 1,
551 3212 625 3294 26),
652 3216 685 3276 et
706 3210 865 3276 Caecinae
887 3209 1088 3293 gentilicium
1110 3211 1143 3275 in
1166 3231 1206 3276 ea
1228 3209 1390 3275 homiuum
1413 3216 1535 3290 aetate,
1563 3229 1648 3292 quae
1670 3209 1881 3274 Volusianum
1904 3216 2046 3275 nostrum
2069 3230 2122 3275 se-

493 3329 609 3413 quitur,
636 3330 772 3415 primum
794 3330 828 3394 in
850 3330 1013 3395 Rufiorum
1036 3330 1191 3395 familiam
1213 3330 1379 3396 inductum
1401 3336 1461 3396 est.
1505 3350 1587 3414 quae
1609 3351 1681 3396 cum
1705 3329 1957 3396 coniunctionem
1980 3331 2121 3413 aliquam

494 3449 577 3515 inter
599 3450 768 3516 Caeionios
796 3457 829 3516 et
850 3450 1006 3516 Caecinae
1029 3450 1191 3516 Lollianas
1221 3451 1278 3516 illo
1301 3458 1444 3535 tempore
1466 3451 1578 3516 initam
1600 3468 1674 3515 esse
1696 3455 1816 3515 certum
1839 3449 1991 3531 reddant,
2026 3452 2120 3534 Ligo

495 3570 576 3634 rium
605 3570 736 3634 uomina
763 3571 872 3636 uxoris
901 3571 1061 3654 integrum
1091 3578 1125 3636 et
1152 3571 1258 3635 mariti
1290 3570 1465 3636 secundum
1496 3577 1528 3636 et
1558 3569 1703 3635 ultimam
1734 3590 1797 3636 non
1818 3570 1949 3654 ingenio
1972 3571 2121 3637 debuisse

495 3688 575 3755 satis
597 3690 813 3774 comprobant.

582 3811 675 3875 Hunc
705 3809 917 3876 Volusianum
946 3810 1085 3877 eundem
1113 3830 1201 3890 esse,
1237 3830 1331 3894 quem
1362 3810 1532 3896 scriptores
1561 3830 1669 3876 rerum
1697 3810 1908 3894 Lampadium
1937 3831 2122 3897 nuncupare

495 3931 614 4011 solent,
649 3930 783 4015 probavi
810 3931 920 3996 Herm.
945 3952 976 3996 v.
1003 3931 1113 3996 XVIII
1136 3954 1170 4017 p.
1196 3934 1269 3995 294.
1317 3931 1499 4016 praelectus
1527 3931 1687 4016 praetorio
1714 3931 1829 3997 Italiae
1859 3938 2124 3998 commemoratur

495 4049 572 4115 inde
600 4070 621 4115 a
650 4051 717 4115 kal.
743 4051 813 4115 Ian.
846 4070 948 4135 usque
976 4051 1019 4116 ad
1048 4051 1079 4116 d.
1107 4052 1147 4113 30
1170 4051 1232 4115 101.
1258 4073 1290 4118 a.
1317 4056 1379 4116 355
1389 4052 1461 4135 ⁸⁹⁸),
1494 4052 1728 4137 praefecturam
1760 4053 1848 4118 urhis
1875 4052 1948 4117 iniit
1975 4052 2060 4118 inter
2088 4052 2119 4117 d.

496 4170 632 4235 bllart.
665 4171 1000 4256 occupasset,
1034 4171 1184 4255 deposuit
1211 4171 1294 4237 inter
1323 4171 1354 4236 d.
1383 4175 1421 4234 17
1446 4171 1534 4256 Sept.
1560 4192 1590 4237 a.
1618 4175 1679 4236 365
1710 4172 1941 4253 et‚10ct.a.
1968 4175 2042 4237 366.
2089 4193 2119 4237 v.

495 4287 571 4354 adn.
597 4291 671 4354 806.
2009 4320 2012 4325 ·

583 4410 643 4474 VH
666 4410 799 4476 Publilii
822 4410 967 4479 Caeiouii
987 4410 1147 4477 Caecinae
1166 4411 1275 4476 Albini
1297 4417 1431 4478 matrem
1454 4419 1642 4498 patremque
1664 4433 1780 4479 nomen
1803 4412 1873 4478 eius
1896 4412 2011 4498 prodit,
2039 4411 2123 4495 quod

497 4530 656 4614 integrum
676 4539 899 4598 conservatum
914 4538 964 4598 est
977 4551 1036 4617 per
1049 4530 1191 4614 quinque
1206 4532 1391 4617 provinciae
1406 4532 1591 4617 Numidiae,
1617 4554 1714 4616 quam
1728 4532 1975 4615 administravit,
2000 4532 2119 4613 titulos,

498 4671 538 4716 ex
568 4650 685 4734 quibus
707 4671 804 4716 unum
829 4651 1039 4736 descripsisse
1062 4650 1216 4717 sufficiat:
1251 4652 1289 4718 C.
1315 4653 1341 4716 Ι.
1368 4653 1404 4716 L.
1430 4653 1508 4718 VIII
1531 4655 1614 4718 2388
1638 4653 1854 4737 Thamugadi.
1905 4658 1962 4716 Pro
1984 4656 2124 4738 0009001-

498 4774 597 4834 centia
619 4774 736 4836 saeculi
757 4774 967 4855 dlominorum)
994 4774 1188 4855 nlostrorurn)
1214 4775 1418 4837 Valentiniani
1439 4784 1467 4836 et
1487 4777 1617 4837 Valentis
1640 4794 1758 4856 semper
1780 4771 1985 4858 Auprsrtorunt
2011 4775 2124 4856 [0001]-

499 4902 567 4955 tuor
595 4899 731 4975 porticus
755 4896 888 4976 Capitoli
908 4897 1009 4957 seriae
1030 4896 1188 4957 vetustatis
1211 4891 1387 4974 absumptas
1409 4903 1438 4957 et
1458 4913 1553 4976 nsque
1575 4897 1617 4957 ad
1639 4898 1702 4957 ima
1720 4895 1922 4976 fundamenta
1944 4894 2119 4976 alollcpsas]

498 5034 574 5076 riooo
597 5034 686 5095 opere
705 5014 858 5096 perfectos
879 5025 1108 5097 emornataspue
1130 5015 1284 5077 dedicavit
1308 5015 1455 5078 Publilius
1480 5017 1641 5078 Caeionius
1662 5016 1806 5098 Caecinla
1821 5013 1965 5097 Albrlnns
1987 5017 2038 5077 vir
2059 5015 2124 5076 clo-

499 5138 643 5197 rissirnns
666 5138 850 5215 consularis,
876 5137 1056 5199 curaritibus
1072 5133 1155 5197 Aelio
1171 5137 1294 5198 italiana
1317 5138 1426 5197 iterum
1448 5136 1654 5217 reipublicae
1680 5136 1858 5218 [euramre],
1884 5135 2010 5218 Fl(ocio)
2030 5132 2124 5217 Aqui-

499 5258 561 5318 lino
588 5255 740 5338 sllarnine)
765 5255 975 5340 p(er)p(etu0),
1007 5254 1135 5320 Antonio
1160 5259 1339 5320 Petroniana
1358 5256 1510 5339 filominc)
1535 5256 1747 5339 p(cr)p(etuo)‚
1781 5254 1910 5319 Antonio
1933 5257 2124 5319 lanuariano

586 5581 646 5645 sat)
667 5583 756 5632 Rufius
774 5582 883 5631 Albinus
900 5582 992 5631 dicitnr
1010 5598 1051 5646 ep.
1071 5582 1204 5645 chronogr.
1224 5600 1247 5632 a.
1268 5582 1327 5632 354.
1365 5585 1398 5633 cl.
1419 5583 1451 5631 de
1468 5584 1551 5646 110101,
1569 5584 1649 5632 Inscr.
1670 5583 1756 5632 christ.
1776 5583 1831 5631 urb.
1852 5583 1923 5630 Rom.
1943 5580 1985 5630 11.

588 5667 647 5729 898)
668 5668 726 5718 Kal.
747 5668 801 5716 lau.
823 5684 844 5718 a
867 5667 917 5717 355
940 5668 1001 5719 Cod.
1022 5669 1116 5717 Theoti.
1137 5667 1235 5731 11131,
1256 5667 1280 5717 2.
1318 5669 1344 5718 d.
1366 5668 1398 5717 18
1416 5669 1488 5718 Febr.
1510 5685 1534 5717 a.
1554 5668 1603 5718 355
1629 5670 1689 5718 Cod.
1709 5668 1773 5717 lust.
1794 5668 1831 5715 VI
1851 5666 1895 5730 22,
1914 5667 1938 5716 6.
1976 5666 2123 5715 (130101,

502 5769 525 5801 a.
545 5752 594 5802 355
613 5755 672 5804 Cori.
694 5754 906 5816 Theodxlbb,
926 5754 1075 5818 26)-36,
1097 5754 1137 5805 12.
1174 5751 2124 5819 01.1101111.1115,1;Χ38113,5;11111111,26;200110.1164.
