4686 6472
784 446 835 501 uu
854 441 1051 502 sunuaonr
1067 442 1273 500 uersurum.
1698 444 1845 511 xxxnr

302 669 393 749 Quae
415 690 457 736 ex
479 669 561 736 libro
583 669 620 733 Ρ.
646 668 772 735 Pitheci
794 667 982 751 laudantur,
1007 688 1128 754 magua
1149 688 1191 734 ex
1213 675 1305 753 parte
1326 668 1456 751 quidem
1478 667 1613 734 redeunt
1627 667 1661 732 in
1675 674 1783 733 uestro
1799 669 1840 748 M,

214 791 272 875 qui
293 797 326 856 et
347 791 418 877 ipse
441 811 482 856 ex
504 789 701 855 bibliotheca
715 787 894 855 Pithoeana
908 788 1053 882 Mentem
1064 788 1234 854 Pcssulum
1253 789 1414 874 perrenit3
1441 786 1499 853 sed
1521 808 1593 853 cum
1614 795 1784 874 praeterea
1805 808 1847 854 ex

215 911 331 977 eodem
355 911 464 976 codice
487 910 642 975 nonnulla
663 908 874 993 proferantur,
900 929 984 992 quae
1005 928 1109 992 neque
1124 908 1158 973 in
1172 909 1206 972 Μ
1220 909 1371 992 leguntur
1384 928 1489 991 neque
1505 908 1575 973 sola
1589 894 1774 975 coniectura
1789 908 1848 975 niti

216 1037 367 1117 possunt,
398 1037 510 1117 utpote
540 1029 624 1114 quac
650 1029 811 1096 interdum
841 1030 928 1095 omni
956 1036 1088 1096 careant
1110 1049 1221 1112 seusu,
1254 1049 1317 1094 non
1340 1050 1438 1095 uuum
1461 1030 1576 1095 librum
1599 1029 1724 1097 Pitboei
1747 1029 1848 1096 fuisse

217 1127 341 1219 certum
370 1159 438 1232 est,
470 1149 618 1233 quamvis
640 1150 768 1216 Iuretus
790 1149 862 1235 ipse
883 1150 980 1216 aliter
1002 1150 1131 1216 sentiat.
1178 1128 1313 1235 apparet
1334 1149 1432 1234 igitur
1454 1150 1609 1216 editorem
1632 1150 1774 1217 codicem
1797 1149 1850 1215 rel

217 1274 326 1358 potius
348 1271 479 1336 codices
501 1270 695 1335 Pithoeanos
717 1289 780 1334 non
802 1270 907 1354 ipsum
930 1270 1070 1352 vidisse,
1097 1269 1156 1335 sed
1178 1270 1220 1334 ab
1242 1269 1354 1335 amieis
1375 1275 1500 1335 taumm
1523 1269 1698 1355 scripturas
1720 1268 1849 1353 aliquas

219 1413 258 1459 ex
290 1376 352 1457 eis
367 1392 502 1457 haustas
531 1389 713 1475 accepisse,
747 1409 828 1472 quas
857 1388 993 1479 fortasse
1022 1389 1165 1475 plagulis
1195 1389 1392 1473 corrigendis
1420 1389 1455 1456 in
1479 1389 1626 1473 margine
1648 1388 1846 1455 adiecemnt.

218 1514 336 1580 etenim
359 1512 451 1577 nulla
473 1510 541 1577 lere
563 1496 683 1577 codicis
698 1510 731 1574 M
753 1509 849 1577 lectio
872 1509 1045 1595 peculiaris
1067 1511 1230 1577 contextui
1251 1510 1373 1577 inserta
1394 1517 1453 1591 est,
1481 1510 1540 1576 sed
1562 1530 1673 1577 omncs
1692 1516 1749 1576 eut
1762 1531 1849 1575 mar-

218 1634 286 1718 gini
308 1632 493 1718 adscriptae
516 1631 628 1696 autin
649 1630 908 1698 adnotationibus
930 1631 1011 1697 libre
1034 1631 1067 1696 iu
1089 1633 1179 1697 calce
1202 1630 1337 1698 adiectis
1358 1632 1559 1718 propositae,
1592 1631 1751 1718 epistulae
1773 1651 1850 1697 vero

219 1754 294 1833 133
320 1758 361 1832 43
388 1757 425 1832 ⁷3
454 1753 491 1831 ὃς
518 1756 555 1831 9;
582 1751 644 1816 Vl]
666 1756 725 1833 76,
751 1772 834 1836 quae
855 1753 890 1817 in
911 1752 945 1815 Μ
967 1753 1127 1836 leguntur,
1153 1752 1187 1817 in
1209 1752 1307 1817 lureti
1330 1751 1471 1818 editione
1493 1751 1727 1827 desiderantur.
1775 1771 1851 1840 000-Ι

219 1879 327 1939 textus
360 1872 460 1957 igitur
488 1877 573 1937 totus
602 1877 660 1937 aut
688 1870 798 1938 codice
826 1871 1015 1937 Dirioueusi
1042 1872 1189 1938 innititur
1217 1877 1273 1937 aut
1302 1871 1496 1937 editionibus
1526 1870 1789 1954 argentoratensi
1818 1878 1851 1936 et

219 1991 407 2059 Basiliensi.
1429 1994 1432 2083 s

305 2114 349 2178 Et
377 2112 481 2178 altera
511 2111 641 2195 quidem
672 2118 781 2197 utpote
809 2112 985 2178 recentiore
1009 2118 1041 2179 et
1063 2111 1278 2179 emendatiore
1300 2110 1335 2177 in
1358 2112 1406 2178 eis
1429 2111 1594 2197 epistulis,
1628 2132 1711 2194 quae
1733 2112 1803 2178 iam«
1817 2112 1851 2181 in

223 2233 387 2320 publicum
415 2232 616 2318 prodierunt,
653 2233 779 2298 Iuretus
807 2232 853 2299 ita
882 2253 960 2299 usus
990 2240 1055 2317 est,
1092 2240 1127 2299 ut
1156 2234 1315 2317 integram
1345 2234 1458 2319 paucis
1486 2232 1566 2298 loeis
1595 2253 1613 2299 e
1642 2233 1751 2299 codice
1781 2253 1852 2299 cor-

221 2354 318 2420 rectis
347 2360 405 2419 aut
433 2352 592 2439 suppletis
621 2352 711 2438 prelo
741 2352 912 2419 subiceret.
962 2374 1061 2437 quare
1090 2374 1202 2419 omnes
1232 2353 1399 2436 lectiones,
1432 2352 1549 2435 quibus
1578 2352 1677 2419 editio
1706 2354 1853 2420 Parisiua

224 2493 295 2539 cum
317 2472 491 2538 Basiliensi
521 2473 695 2556 consentit,
729 2473 849 2538 maiore
879 2474 1067 2540 auctoritate
1089 2494 1153 2539 nou
1175 2480 1321 2555 utuntur,
1357 2494 1453 2557 quam
1480 2468 1509 2538 si
1530 2473 1564 2537 in
1586 2473 1761 2540 Basilicusi
1784 2474 1854 2545 sola

223 2592 448 2679 reperirentur.
495 2592 552 2658 sed
574 2592 610 2658 in
632 2594 679 2659 eis
702 2593 866 2678 epistulis,
891 2613 974 2676 quas
996 2593 1119 2679 primus
1141 2593 1257 2677 edidit,
1284 2592 1387 2659 codici
1410 2593 1472 2658 soli
1493 2592 1673 2675 insistebat,
1700 2592 1741 2659 de
1764 2594 1854 2660 cuius

223 2712 331 2779 indole
352 2732 437 2779 nnnc
458 2712 635 2779 rideamus.

309 2832 467 2919 Epistulis
488 2834 505 2898 I
530 2837 563 2916 1;
591 2840 629 2913 53
656 2839 692 2915 6,
718 2835 858 2918 quaein
880 2833 1038 2919 florilegio
1060 2855 1186 2919 quoque
1207 2833 1420 2919 reperiuntur,
1445 2834 1632 2921 praemissis
1654 2834 1755 2901 series
1778 2855 1854 2901 cou-

226 2955 314 3019 tiuua
336 2954 512 3039 incipiebat
526 2955 566 3019 ab
581 2954 667 3034 lle,
694 2954 753 3020 sed
775 2955 899 3021 lacunis
920 2955 1095 3022 mineribus
1117 2955 1284 3039 inprimis
1306 2954 1435 3039 paginis
1457 2974 1693 3038 nonnumquam
1717 2955 1852 3022 relictis.

229 3074 300 3139 libri
322 3074 464 3139 H—Vl'
485 3080 518 3140 et
543 3074 620 3139 VlIl
649 3074 768 3157 integri
789 3082 898 3155 erant,
931 3074 965 3140 in
987 3075 1069 3141 libro
1092 3074 1228 3161 septimo
1251 3074 1496 3141 desiderabatur
1517 3074 1658 3161 epistula
1682 3080 1734 3158 76,
1761 3075 1852 3141 cuius

228 3194 262 3258 in
282 3193 309 3257 P
330 3213 457 3277 quoque
480 3214 584 3280 pauca
605 3200 728 3260 tantum
751 3196 851 3261 verba
872 3203 1002 3261 serrata
1025 3201 1114 3272 sunt;
1146 3195 1182 3260 in
1204 3216 1288 3260 nono
1310 3195 1445 3261 deerant
1465 3216 1517 3281 ep.
1546 3199 1602 3274 193
1630 3198 1688 3275 21;
1716 3198 1757 3260 23
1779 3194 1856 3261 inde

227 3314 267 3380 ab
289 3315 664 3399 eubbnpopoctuletum;
696 3318 751 3394 293
786 3315 881 3395 29A3
916 3318 975 3396 633
1003 3320 1061 3397 66;
1091 3320 1167 3392 10ος
1198 3319 1276 3397 101;
1306 3320 1383 3395 103;
1413 3320 1492 3395 104;
1522 3320 1603 3397 111;
1634 3319 1692 3381 129
1714 3315 1791 3381 iude
1814 3317 1856 3381 ab

228 3456 317 3519 00000
339 3456 408 3498 wne
429 3439 562 3513 Romae,
595 3438 779 3517 rso-13&
815 3439 875 3513 136
898 3434 974 3502 inde
996 3437 1039 3501 ab
1062 3439 1316 3520 adpraesentent
1338 3441 1437 3515 entm,·
1464 3439 1650 3520 131-142,
1675 3438 1711 3503 iu
1732 3436 1856 3503 decime

228 3575 277 3639 ep.
304 3559 323 3618 2
351 3555 429 3621 inde
458 3556 499 3620 ab
528 3558 669 3620 ineundis
690 3579 789 3640 poene
811 3560 947 3639 capitali.
993 3576 1069 3643 pers
1099 3556 1233 3622 dimidia
1261 3557 1419 3642 epistulae
1445 3559 1504 3621 124
1534 3557 1608 3622 libri
1637 3556 1713 3622 noni
1738 3555 1857 3622 iudea

230 3679 376 3760 sinuetque
399 3679 599 3741 restitueret
622 3695 693 3741 cum
717 3697 757 3742 ea
779 3676 991 3761 epistularum
1017 3680 1186 3741 125-136
1209 3698 1292 3760 quae
1315 3683 1519 3769 supererant,
1553 3697 1612 3741 suo
1642 3677 1712 3742 loco
1738 3676 1858 3741 omissa

229 3803 261 3861 et
288 3795 433 3878 reliquiis
462 3795 535 3861 libri
564 3795 680 3861 decimi
707 3794 836 3861 adnexa
858 3804 964 3878 erant,
998 3817 1062 3879 qua
1084 3797 1206 3863 ratione
1229 3797 1330 3862 verba
1351 3818 1383 3881 p.
1410 3799 1482 3878 272,
1513 3800 1552 3860 12
1575 3806 1645 3860 triae
1665 3800 1783 3881 pieriae
1805 3798 1858 3859 de-

232 3919 363 3980 truditur
385 3916 482 3981 totius
504 3915 625 3982 codicis
648 3916 762 3983 ultima
785 3915 872 3983 faeta
894 3924 977 3982 suut.

314 4037 506 4102 Continebat
529 4036 555 4101 ll
579 4022 623 4085 -'-
645 4037 706 4103 hac
735 4037 819 4103 enim
849 4044 926 4103 uota
955 4038 1098 4104 codicem
1120 4020 1348 4105 Diuionensem
1380 4038 1516 4121 designo
1543 4076 1586 4086 —
1614 4038 1690 4104 inde
1713 4040 1756 4105 ab
1777 4039 1793 4103 l
1820 4044 1857 4102 to

231 4176 338 4223 omnes
368 4157 543 4241 epistulas,
576 4158 718 4240 quaein
747 4158 878 4241 reliquis
906 4179 1033 4243 quoque
1062 4158 1226 4225 codicibus
1255 4160 1421 4242 leguntur,
1454 4157 1513 4224 sed
1542 4158 1777 4225 antecedebant
1799 4179 1857 4224 eae

231 4282 370 4360 tanmm,
396 4297 480 4359 quae
502 4278 536 4342 in
557 4276 715 4361 florilegio
738 4286 822 4344 sunt.
869 4299 888 4344 e
911 4279 1020 4344 codiee
1041 4279 1140 4363 igitur
1161 4299 1233 4344 cum
1255 4279 1319 4344 fine
1341 4286 1408 4344 tum
1432 4279 1530 4344 etiam
1552 4260 1643 4344 initio
1666 4286 1777 4345 trunco
1800 4278 1859 4344 de-

232 4395 366 4482 scriptus
397 4398 623 4482 supplementa
652 4418 693 4463 ex
723 4399 804 4464 libro
834 4398 942 4481 aliquo
970 4399 1115 4465 familiae
1137 4399 1277 4464 omnium
1300 4399 1462 4483 pessimae
1485 4405 1660 4484 receperat.
1707 4419 1802 4481 quem
1825 4399 1858 4463 iu

231 4516 372 4600 partibus
402 4537 528 4601 quoque
558 4518 673 4585 ceteris
703 4519 889 4585 correctioni
911 4519 1092 4586 adhibitum
1115 4539 1205 4604 esse,
1237 4520 1305 4586 veri
1328 4520 1457 4603 quidem
1480 4525 1530 4585 est
1551 4519 1766 4600 simillimum,
1800 4519 1858 4585 sed

234 4637 359 4720 probari
381 4638 507 4721 nequit,
533 4639 610 4721 quia
630 4640 758 4706 Iuretus
780 4640 937 4722 florilegio
957 4640 1029 4725 ipso
1050 4640 1085 4705 iu
1106 4640 1264 4724 omnibus,
1290 4659 1373 4723 quas
1395 4639 1546 4721 continet,
1572 4639 1721 4725 epistulis
1744 4638 1859 4705 editio-
1908 4639 1910 4642 ’

235 4756 282 4820 010
310 4756 520 4825 fundamento
550 4780 628 4826 usus
657 4768 707 4826 est
735 4781 794 4827 nce
816 4762 903 4827 ullae
925 4761 958 4826 in
981 4761 1032 4827 bis
1055 4762 1208 4828 lectiones
1231 4761 1352 4828 codicis
1377 4759 1403 4824 ll
1426 4760 1518 4825 nobis
1540 4760 1762 4842 innotuerunt,
1796 4760 1859 4825 uisi

233 4896 311 4958 quae
345 4877 387 4942 ab
417 4878 556 4945 editione
586 4873 758 4947 Basiliensi
785 4881 979 4966 discrepant.
1025 4883 1059 4947 in
1086 4883 1234 4948 omnibus
1261 4888 1384 4961 autem,
1416 4900 1498 4964 quae
1528 4901 1567 4945 ex
1593 4881 1619 4944 F
1647 4879 1768 4945 bauriri
1796 4899 1858 4944 uon

234 5004 417 5081 potuerunt,
453 4999 479 5063 ll
511 5019 581 5064 cum
605 5001 631 5064 P
659 5000 727 5067 lere
757 5004 954 5085 congruebat
982 5003 1179 5087 lacunasque
1208 5002 1280 5067 cius
1308 5007 1365 5066 aut
1392 5002 1558 5085 repetebat
1588 5008 1644 5066 aut
1671 4999 1860 5066 coniecturis

234 5117 458 5185 audacissimis
481 5121 643 5205 explebat.
690 5121 783 5187 euius
805 5123 851 5188 rei
874 5143 990 5207 unum,
1020 5123 1078 5189 sed
1101 5123 1186 5208 quod
1208 5121 1363 5203 sufficiat,
1389 5122 1571 5207 exemplum
1595 5140 1768 5207 proponam
1791 5119 1861 5205 epi-

234 5239 349 5304 stulam
372 5239 433 5305 VII
458 5244 534 5306 100:
