4746 6472
367 971 445 1111 Q.
482 970 908 1117 AVRELH
958 969 1506 1103 SYMMACHI
1542 972 1622 1105 V.
1650 972 1718 1104 C.

751 1194 1011 1277 CONSVLIS
1034 1194 1334 1275 ORDINARII

700 1399 757 1530 Ε
783 1399 896 1531 ΡΙ
924 1399 968 1532 S
992 1399 1046 1530 T
1070 1401 1135 1530 V
1159 1401 1215 1531 L
1239 1403 1302 1530 A
1327 1399 1385 1531 E

600 1658 844 1755 norrun
871 1657 1034 1755 Postu
1061 1657 1206 1757 urus
1234 1660 1487 1758 ouruvu

1028 1878 1055 1934 A

253 2069 329 2209 Q.
368 2068 648 2201 FABIO
685 2068 1067 2200 MEMMIO
1107 2069 1619 2202 SYMMACHO
1656 2072 1736 2201 V.
1765 2069 1834 2204 C.

963 2276 1122 2357 FILIO'.

889 2450 1199 2460 ——-—.

835 2625 1002 2725 LIBER
1031 2625 1252 2725 PRIMVS.

893 2842 956 2914 AD
990 2841 1192 2915 PATREM

957 2995 973 3059 Ι
1002 3014 1034 3061 a.
1053 2997 1129 3061 375.

797 3134 952 3199 PATRI
971 3133 1213 3199 SYMMAOH
1221 3133 1285 3197 VS.

313 3304 362 3370 Ne
385 3303 466 3369 mibi
492 3303 569 3369 vitio
598 3310 742 3371 vertatur
770 3303 966 3371 intermissio
994 3303 1188 3381 litterarum,
1221 3303 1305 3368 malo
1338 3322 1410 3369 esse
1440 3310 1606 3389 promptus
1636 3302 1733 3369 officii
1761 3318 1882 3401 (pram=

205 3405 325 3491 alonge
347 3407 571 3492 expectatione
593 3407 823 3473 vicissitudinis
846 3405 1011 3487 desidere3
1045 3414 1111 3472 tum
1135 3405 1220 3489 quod
1246 3406 1433 3492 parentibus
1455 3426 1519 3472 non
1540 3406 1585 3472 ad
1607 3407 1732 3472 lancem
1753 3428 1859 3490 neque

233 3508 272 3573 ad
295 3509 483 3575 demensum
506 3510 605 3576 verba
626 3510 798 3577 tribuenda
820 3518 905 3577 sunt.
951 3510 1087 3575 iniurius
1109 3508 1232 3591 videar,
1260 3508 1288 3573 si
1310 3528 1434 3574 summo
1457 3508 1621 3575 vobiscum
1643 3509 1712 3577 iure
1728 3516 1860 3577 conten·

235 3609 323 3689 dam;
349 3633 424 3677 nam
447 3620 577 3697 praeter
598 3633 735 3697 aequum
759 3619 883 3693 censet,
916 3613 972 3696 qui
993 3612 1077 3679 inter
1100 3612 1246 3697 dispares
1269 3611 1457 3695 obsequium
1480 3632 1539 3696 par
1560 3612 1703 3694 requirit.
1749 3612 1859 3696 itaque

232 3721 334 3780 vester
356 3734 462 3781 sermo
485 3735 525 3781 ex
547 3715 703 3781 beneficio
725 3715 953 3801 proficiscitur,
985 3722 1095 3781 noster
1116 3735 1157 3780 ex
1180 3713 1299 3781 debito.
1348 3714 1429 3780 baec
1457 3734 1509 3780 me
1536 3720 1633 3800 atque
1655 3716 1722 3781 alia
1744 3715 1858 3782 huius·

231 3816 312 3882 modi
334 3816 455 3903 oppido
484 3819 694 3903 perpulerunt
722 3817 886 3885 scribendi
914 3836 1030 3882 munus
1059 3816 1192 3901 insuper
1220 3837 1284 3881 non
1314 3816 1443 3882 habere.
1491 3837 1577 3883 nunc
1604 3817 1696 3884 vobis
1724 3827 1853 3884 actuum
1877 3814 1896 3874 2

189 3937 213 3977 ro
230 3927 404 3985 nostrorum
420 3919 497 3985 ordo
512 3919 704 4006 pandendus
726 3928 790 3986 est:
817 3919 896 3987 libet
918 3919 1003 3985 enim
1025 3938 1096 3985 non
1119 3918 1242 3984 minus
1266 3918 1333 3984 otii
1357 3939 1465 4002 quam
1487 3918 1633 4003 negotii
1656 3929 1855 4005 praestare

229 4023 422 4088 rationem,
462 4023 582 4089 Baulos
598 4023 736 4090 Lucrina
756 4023 834 4090 sede
853 4023 1064 4099 mutavimus,
1090 4042 1153 4088 non
1168 4021 1254 4105 quod
1269 4021 1340 4087 eius
1356 4022 1531 4088 deversorii
1546 4023 1646 4089 satias
1662 4023 1852 4107 ceperimus,

228 4124 309 4208 quod
339 4145 412 4191 cum
442 4123 563 4191 diutius
591 4124 723 4209 visitur,
756 4127 829 4212 plus
859 4133 1000 4209 amatur,
1035 4125 1094 4191 sed
1116 4124 1203 4208 quod
1224 4131 1328 4190 metus
1351 4124 1429 4207 fuit,
1462 4125 1558 4191 nesi
1581 4125 1754 4192 Baulorum
1776 4127 1857 4193 mibi

228 4226 413 4296 inolevisset
433 4227 590 4309 adiectio,
624 4236 747 4312 cetera,
780 4249 862 4313 qnae
889 4228 1026 4295 visenda
1052 4234 1142 4309 sunt,
1176 4227 1394 4312 displicerent.
1442 4227 1485 4293 ibi
1508 4227 1676 4313 Acindyno
1699 4228 1856 4295 conditori

232 4329 361 4413 eiusque
384 4332 560 4397 maioribus
583 4338 734 4398 emmetra
756 4333 856 4399 verba
878 4331 980 4397 libavi
1002 4338 1035 4397 et
1056 4330 1200 4417 picturae
1223 4329 1395 4411 licentiam,
1423 4349 1507 4412 quae
1529 4328 1679 4396 vestitum
1695 4330 1856 4416 disparem

187 4450 213 4491 rs
231 4431 364 4516 singulis
385 4434 513 4515 tribuit,
547 4435 757 4501 iurationem
780 4435 882 4518 coegi.
930 4434 1122 4519 protelarem
1145 4440 1176 4499 te
1199 4433 1378 4518 paululum,
1405 4432 1438 4497 ni
1461 4452 1605 4514 vererer,
1638 4452 1678 4498 ne
1702 4432 1856 4500 dilatione

231 4536 408 4621 expectatio
430 4537 600 4602 nutriatur.
647 4559 746 4621 quare
768 4538 965 4604 elaboratam
989 4537 1089 4603 soloci
1111 4536 1166 4602 filo
1189 4535 1299 4621 accipe
1322 4535 1530 4602 cantilenam:

536 4640 644 4706 Attica
665 4641 755 4726 palla
776 4640 857 4724 tegit
879 4660 1042 4721 socerum,
1068 4647 1144 4724 toga
1166 4640 1253 4725 picta
1275 4645 1460 4723 parentem:
1877 4637 1895 4699 3

537 4742 677 4828 praefuit
697 4744 758 4809 iste
782 4744 898 4826 sacris,
925 4743 978 4809 hic
1000 4742 1082 4808 dixit
1103 4743 1174 4808 iura
1196 4740 1345 4820 Quiritis:

538 4852 571 4910 at
593 4845 674 4912 mihi
695 4854 891 4913 cannensem
914 4845 999 4929 quod
1021 4845 1145 4911 mordet
1166 4844 1267 4911 iibuia
1289 4852 1428 4926 vestem,

538 4949 681 5016 Aurorae
702 4948 736 5014 in
758 4948 885 5034 populis
907 4969 1020 5033 regum
1042 4947 1202 5033 praetoria
1223 4947 1305 5013 rexi.

539 5051 597 5119 sed
620 5052 726 5119 fasces
748 5052 874 5138 pictura
895 5059 998 5119 tacet:
1024 5058 1059 5116 tu
1081 5049 1204 5135 respice
1226 5049 1342 5116 fastus.

317 5190 348 5240 to
366 5186 438 5244 Cato
457 5204 502 5257 ap.
525 5187 585 5244 Cic.
604 5204 656 5257 pro
674 5189 770 5244 Plane.
791 5189 833 5251 27,
853 5190 895 5243 66.

316 5396 340 5447 1.
355 5396 370 5445 3
388 5411 437 5448 em.
455 5397 499 5447 ΥΡ
601 5396 801 5447 51ω1ᾱοτοῐΡ
902 5394 1132 5460 sappinorum
1236 5394 1264 5444 li
1285 5395 1416 5445 diuersorii
1435 5394 1477 5442 Vr
1534 5380 1656 5457 ⁴ceperit
1673 5407 1717 5444 uos
1735 5393 1858 5457 melus,-

230 5478 271 5528 serl
282 5481 318 5543 es.
333 5480 412 5535 Mace.
427 5482 481 5534 Sat.
501 5483 561 5547 Vir,
577 5483 620 5546 19,
633 5484 665 5531 91
680 5482 892 5545 curquisuidlns
906 5487 1004 5545 norant,
1018 5483 1116 5531 irciiius
1129 5483 1205 5532 satias
1217 5482 1318 5544 capiant
1425 5480 1456 5530 1³
1474 5479 1619 5531 inoiiuisset
1633 5477 1695 5541 (lio)
1797 5486 1858 5528 sunt

230 5567 369 5617 uisendaF
464 5569 585 5630 acyndino
602 5569 629 5631 V,
650 5569 789 5620 scinodol'
887 5567 917 5618 14
937 5570 992 5618 elus
1005 5566 1112 5631 quseI',
1133 5570 1264 5636 eippqnse
1280 5567 1308 5630 V,
1329 5568 1442 5629 eiusqui
1455 5567 1478 5614 F
1573 5561 1703 5632 emmetra]
1717 5564 1855 5626 Scioppius,

231 5654 353 5705 eminetrs
366 5652 397 5716 Γ,
412 5655 508 5704 eminet
520 5669 574 5704 rm
591 5655 635 5703 ΥΡ
739 5654 770 5704 15
788 5654 954 5704 distribuite*
1053 5654 1084 5704 16
1102 5653 1287 5703 filiosoinciiF
1386 5650 1417 5702 is
1435 5652 1476 5702 irie
1488 5646 1566 5719 dixit]
1579 5652 1607 5713 F,
1621 5651 1716 5700 indixit
1734 5647 1821 5712 Vim)

231 5740 317 5801 quiriti
337 5738 375 5803 (Γ
377 5741 384 5802 1

306 5839 331 5890 Q.
346 5840 460 5882 Arnum
474 5840 623 5883 Srnnscars.
1636 5838 1648 5888 l
