4746 6472
971 512 1085 567 LIBER
1103 514 1124 567 1.

847 840 1004 939 nuxxx
1025 874 1250 959 (cxxxruq.

805 1012 1066 1079 sanuacuvs
1088 1012 1294 1080 surculo.
1887 1013 1991 1076 rvr

323 1183 391 1250 Etsi
414 1205 522 1250 amore
545 1185 732 1263 convenior,
767 1205 808 1250 ne
831 1184 890 1248 sim
914 1184 1000 1250 circa
1021 1192 1054 1251 te
1077 1205 1194 1250 avarus
1217 1184 1329 1266 officii,
1356 1207 1440 1251 nuno
1461 1193 1570 1251 tamen
1592 1184 1744 1251 libentius
1767 1204 1862 1266 quam

241 1306 336 1370 saepe
366 1286 449 1352 alias
478 1287 639 1352 scribendi
669 1307 785 1353 munus
814 1287 944 1367 insist03
977 1289 1078 1374 primo
1108 1288 1194 1372 quod
1223 1289 1323 1355 abitio
1353 1288 1460 1355 fratris
1489 1288 1588 1354 nostri
1610 1287 1702 1354 Marii
1724 1286 1862 1371 quodam

213 1389 354 1455 svistico
377 1410 488 1456 carere
511 1412 574 1455 nou
596 1389 718 1472 debuit,
744 1390 861 1458 debinc
883 1390 968 1475 quod
990 1392 1114 1458 litteras
1137 1411 1227 1458 meas
1249 1392 1360 1477 putavi
1380 1393 1562 1478 plusculum
1579 1389 1864 1456 commendationis

241 1492 419 1575 habituras,
453 1493 481 1557 si
504 1492 562 1558 tibi
584 1513 749 1578 pereum,
782 1515 878 1577 quem
901 1501 1012 1560 sancte
1034 1502 1130 1578 atque
1153 1494 1272 1561 efflicte
1295 1495 1422 1578 diligis,
1454 1493 1676 1560 redderentur.
1722 1492 1758 1559 fit
1778 1493 1862 1559 enim

241 1598 435 1681 plerumque,
461 1602 497 1662 ut
518 1597 605 1662 levia
625 1618 731 1663 rerum
753 1604 896 1683 portator
918 1597 1053 1664 festivus
1075 1605 1218 1664 exornet.
1266 1598 1332 1664 alia
1353 1618 1478 1682 quoque
1500 1598 1540 1663 de
1556 1617 1654 1663 causa
1677 1595 1776 1662 studii
1798 1595 1861 1661 mei
1883 1599 1903 1658 2

240 1698 333 1765 ardor
353 1698 532 1783 incanduit,
557 1699 642 1783 qnod
665 1707 770 1767 tecum
793 1721 892 1786 super
911 1701 987 1767 talis
1009 1702 1070 1767 viri
1092 1701 1189 1768 laudo
1210 1702 1438 1785 gratulandum
1459 1700 1582 1785 putavi,
1612 1700 1665 1784 qui
1690 1720 1708 1765 e
1731 1699 1863 1784 provin-

240 1801 288 1867 cia
309 1802 495 1868 suburbana
516 1809 640 1868 tantum
664 1810 805 1889 reportat
827 1803 947 1889 publici
971 1804 1134 1887 desiderii,
1160 1812 1315 1888 quantum
1337 1805 1467 1889 reliquit
1480 1804 1631 1889 exempli.
1679 1822 1742 1868 non
1758 1802 1863 1868 dicam

197 1905 311 1970 odolo
332 1912 444 1990 utpote
466 1906 683 1991 subpalpandi
705 1907 848 1973 nescius:
885 1908 976 1990 viget
997 1906 1031 1973 in
1053 1928 1091 1974 eo
1115 1928 1198 1975 vena
1220 1907 1378 1990 iratema,
1404 1928 1506 1990 eoque
1528 1906 1634 1989 magis
1656 1906 1776 1972 facturn
1799 1911 1859 1984 est,

239 2014 273 2073 ut
293 2008 472 2074 discessum
501 2009 571 2075 eins
599 2010 792 2096 inpatienter
812 2011 972 2095 feramus,
1005 2012 1059 2095 qui
1082 2011 1117 2077 in
1139 2032 1201 2077 uno
1231 2011 1295 2076 frui
1316 2011 1508 2078 videbamur
1536 2010 1705 2076 ambobus.
1750 2028 1865 2074 vereor

239 2111 398 2194 protelare
412 2112 627 2178 testimonium
649 2134 767 2195 meum,
794 2135 835 2179 ne
849 2114 956 2198 magis
971 2115 1061 2180 laudi
1084 2115 1154 2181 eius
1177 2116 1348 2181 obsecutus
1370 2113 1493 2180 iudicer
1514 2134 1610 2196 quam
1632 2112 1762 2199 pudori3
1789 2132 1863 2177 nam

238 2233 370 2296 quorum
393 2235 484 2280 mens
506 2215 643 2283 honesta
665 2224 725 2298 est,
752 2238 860 2297 eorum
884 2217 1037 2284 inbecilla
1059 2218 1148 2283 frons
1171 2225 1231 2284 est.
1270 2224 1305 2285 tu
1328 2218 1437 2284 conice
1459 2218 1555 2302 plura
1576 2215 1617 2282 de
1632 2215 1754 2305 paucis,
1779 2236 1863 2300 quae

238 2336 320 2382 nunc
340 2317 505 2384 insinuare
527 2339 591 2384 non
612 2319 729 2401 decuit,
755 2319 815 2386 sed
836 2341 894 2406 per
915 2320 1013 2387 alium
1036 2321 1176 2388 scribere
1198 2341 1262 2387 non
1284 2320 1418 2406 pigebit.

857 2698 1027 2764 LXXXXI
1051 2700 1239 2779 (LXXXV).

803 2836 1063 2911 SYMMACHVS
1084 2836 1291 2902 ANTONIO.

321 3006 451 3071 Dudum
474 3014 514 3089 te,
548 3007 593 3071 mi
615 3006 723 3085 frater,
757 3006 883 3073 silentio
904 3006 1076 3091 indulgere
1099 3007 1257 3098 mirabar.v
1297 3028 1338 3074 ea
1359 3027 1410 3073 res
1432 3007 1585 3093 inpendio
1607 3007 1750 3091 augebat
1772 3005 1863 3070 dolo-

237 3130 312 3190 rem,
338 3108 424 3191 quod
446 3108 517 3195 ipse
540 3110 670 3175 minime
693 3109 854 3176 scribendi
874 3110 1111 3176 observantiam
1135 3111 1359 3195 neglegebam.
1407 3110 1502 3176 simul
1525 3117 1621 3194 atque
1644 3107 1753 3192 accepi
1776 3107 1863 3173 litte-

237 3232 288 3278 ras
309 3220 392 3294 tuas,
418 3213 559 3278 animum
583 3213 682 3279 subiit
702 3213 835 3295 laetitia,
866 3213 1011 3296 querella
1033 3213 1185 3280 desernit.
1233 3213 1375 3280 amicitia
1397 3214 1483 3280 euim
1506 3213 1568 3279 cito
1591 3220 1722 3279 sanatur
1743 3210 1860 3277 officio.

192 3341 219 3383 rr
237 3321 270 3381 tu
291 3336 418 3399 quoque
440 3316 486 3381 ita
507 3316 659 3402 paginam
682 3317 779 3382 melle
801 3315 1010 3382 eruditissimi
1032 3316 1098 3382 oris
1121 3317 1299 3400 obleveras,
1325 3324 1361 3383 ut
1382 3317 1547 3401 quaelibet
1564 3317 1687 3382 offensa
1700 3322 1862 3398 tamquam

238 3420 376 3485 Lethaeo
404 3420 518 3504 poculo
547 3426 756 3503 mergeretur.
803 3439 896 3485 verso
922 3419 1021 3503 igitur
1048 3419 1121 3485 stilo
1143 3420 1280 3504 gratiam
1302 3420 1422 3503 fateor,
1455 3420 1510 3504 qui
1532 3419 1739 3505 expostulare
1760 3416 1864 3484 medi-

237 3523 338 3603 tabar,
365 3522 511 3588 adiciens
533 3523 743 3608 postulatum,
774 3543 815 3588 ne
838 3543 987 3605 umquam
1012 3523 1222 3607 supersedero
1243 3523 1358 3590 litteris
1380 3542 1579 3610 perseveres.
1625 3523 1711 3606 quod
1734 3520 1762 3586 si
1784 3520 1864 3587 scri-

237 3625 340 3690 benda
362 3625 533 3708 defuerint,
559 3625 637 3691 mihi
661 3626 741 3692 satis
764 3627 835 3711 erit,
861 3633 896 3692 ut
917 3626 976 3691 tibi
998 3628 1142 3709 gratuler
1165 3627 1339 3712 sospitatis.

721 4005 912 4070 cxxxxn
932 4006 1119 4088 (cxxxvi)
1155 4012 1229 4072 anu
1246 4027 1276 4071 a.
1298 4010 1370 4071 aro.

193 4166 220 4208 ιι
801 4141 1063 4208 svnnacnvs
1085 4142 1291 4209 surouro.
1397 4100 1398 4104 Ὺ

320 4316 423 4382 Dulce
446 4321 608 4381 certamen
630 4322 679 4380 est
701 4311 871 4379 familiaris
894 4312 1002 4398 officii,
1029 4320 1061 4379 et
1082 4313 1156 4379 ideo
1179 4315 1247 4379 inre
1269 4313 1364 4379 ambo
1389 4313 1545 4394 cavimus,
1574 4334 1614 4379 ne
1637 4312 1771 4379 alternis
1794 4313 1863 4398 epi-

237 4419 328 4484 stulis
349 4420 558 4485 vinceremur.
605 4418 750 4502 gratulor
771 4416 885 4502 igitur,
911 4437 1007 4502 pares
1030 4437 1089 4482 nos
1112 4435 1184 4482 esse
1207 4436 1271 4482 non
1293 4417 1397 4482 solum
1420 4415 1605 4483 adfectione
1627 4416 1781 4482 mentium
1805 4416 1863 4481 sed

237 4521 329 4588 etiam
353 4520 575 4588 vicissitudine
597 4521 788 4587 litterarum.
837 4522 954 4587 curabo
977 4528 1086 4587 tamen
1109 4519 1254 4605 posthac,
1281 4526 1316 4585 nt
1331 4519 1477 4603 obsequii
1499 4518 1563 4584 mei
1584 4518 1704 4585 trutina
1726 4525 1759 4584 et
1780 4518 1865 4585 libra

236 4625 486 4709 praeponderet,
518 4645 559 4689 ne
582 4623 730 4690 videatur
753 4625 887 4691 inertiae
910 4623 1071 4708 quoddam
1094 4643 1166 4690 esse
1190 4621 1372 4688 conludium
1397 4640 1524 4707 semper
1545 4642 1649 4704 aequa
1671 4623 1765 4688 lance
1787 4643 1864 4689 cen-

190 4753 218 4792 ao
237 4728 310 4793 seri.
351 4727 459 4810 itaque
482 4727 621 4795 scribam
644 4727 785 4811 saepius,
811 4727 906 4793 modo
929 4727 1068 4794 facultas
1091 4727 1335 4793 commeantium
1358 4747 1420 4791 non
1445 4724 1530 4791 desit
1551 4725 1686 4810 optanti.
1726 4726 1773 4792 ita
1795 4725 1859 4806 liet,

235 4837 270 4895 ut
291 4830 417 4914 etipse
441 4830 568 4913 laudem
592 4828 774 4896 sedulitatis
796 4829 977 4913 adfectam,
1003 4836 1036 4895 et
1057 4837 1089 4896 te
1111 4829 1195 4896 curis
1217 4827 1356 4915 publicis
1378 4834 1568 4915 occupatum
1591 4827 1633 4894 ad
1655 4827 1864 4914 rependenda

235 4934 406 5018 conloquia
427 4933 622 5000 adsiduitate
646 4932 826 5033 sollicitem.

320 5298 402 5349 torn.
422 5299 465 5347 VF
565 5298 709 5346 3rarusF
811 5298 878 5358 qu
896 5296 919 5343 P
1034 5297 1163 5359 detttctq
1181 5297 1288 5355 Plan,
1308 5296 1468 5344 afflictoVF
1569 5295 1704 5345 'lleual'
1806 5309 1864 5357 por·

236 5389 294 5437 tltor
312 5388 336 5435 F
437 5384 561 5449 spuunt
579 5384 756 5445 gratulandum
775 5385 798 5431 F
898 5384 942 5445 qul
959 5380 986 5450 e]
1004 5384 1089 5445 qusV
1194 5382 1225 5432 10
1243 5387 1272 5431 ut
1289 5389 1352 5444 puts
1368 5383 1411 5430 VF
1515 5381 1543 5430 ll
1565 5381 1680 5430 teraml'
1785 5379 1816 5429 1³
1834 5388 1863 5429 tu

235 5474 265 5522 de
282 5474 369 5537 paucis
387 5473 471 5521 conice
489 5472 561 5534 plura
579 5472 679 5519 laudas

323 5559 353 5608 16
371 5571 420 5608 om.
440 5558 483 5605 VF
615 5556 645 5605 ts
664 5556 791 5619 quaerella
808 5555 831 5604 P
962 5557 1090 5605 sanabitur
1109 5556 1131 5602 F
1260 5552 1292 5604 20
1311 5546 1357 5620 lta]
1375 5555 1450 5602 istam
1472 5553 1515 5601 Va*
1644 5551 1674 5601 21
1695 5552 1779 5601 letheo
1798 5552 1867 5599 PVF

235 5644 266 5694 22
285 5658 369 5693 meum
387 5658 461 5706 quam
479 5644 638 5706 supersidere
657 5641 703 5690 Pl
718 5657 752 5691 m.
771 5642 800 5701 V,
820 5655 905 5689 meum
923 5654 972 5703 quo
990 5643 1108 5690 insistere
1127 5641 1150 5688 F
1249 5641 1392 5701 perseuerts
1410 5638 1507 5689 le.
1526 5638 1547 5686 V

319 5730 353 5780 25
371 5744 420 5780 om.
441 5730 482 5779 VF
585 5728 616 5778 22
635 5725 726 5795 igitur]
744 5729 813 5777 euim
826 5728 849 5775 F
949 5728 1108 5776 attentionem
1120 5728 1234 5787 gentium
1250 5726 1322 5789 (corr.
1339 5729 1400 5775 lm.
1415 5724 1628 5786 tumentiumll'
1730 5723 1763 5774 29
1780 5720 1863 5791 lanso]
1964 5718 1973 5729 '

233 5817 351 5867 laudeV
452 5816 485 5865 30
504 5815 608 5864 scribam
625 5815 713 5865 orraF
815 5811 850 5863 32
868 5813 1086 5862 ualdultateml'
