4686 6472
783 499 835 554 DE
853 498 1050 555 SYMMAOHI
1066 498 1356 557 RELATIONIBVS.
1796 501 1889 567 XVII

254 732 380 805 nuerat,
407 724 548 791 librariis
571 724 743 791 commisit.
791 723 883 789 cuius
904 723 951 790 rei
974 721 1168 809 vestigiaiu
1190 723 1355 791 codicibus
1376 723 1496 789 uostris
1518 731 1693 809 apparent3
1720 744 1794 789 nam
1818 744 1889 790 cum

256 845 291 910 in
321 845 561 930 exemplaribus
592 843 804 911 sollemnibus
833 842 877 908 ad
899 845 1062 928 Augustos
1092 844 1200 910 missis
1228 845 1324 910 etiam
1352 845 1448 910 rebus
1479 843 1669 910 formalibus
1691 845 1794 911 omnis
1817 844 1893 911 dili-

258 965 373 1048 gentia
402 964 589 1031 adhibenda
611 971 699 1046 erat,
732 964 766 1029 in
788 963 836 1029 eis
857 965 1048 1031 relationum
1071 965 1281 1050 apographis,
1313 985 1397 1049 quae
1419 971 1582 1047 tenemus,
1614 966 1804 1051 subscriptio
1827 965 1893 1032 diei

260 1092 294 1151 et
317 1086 482 1151 consulum
506 1085 575 1151 iere
597 1105 726 1170 semper
735 1087 793 1170 ³²),
820 1085 985 1171 inscriptio
1006 1086 1196 1171 plemmqne
1218 1085 1339 1152 omissa
1360 1092 1425 1169 est,
1451 1068 1690 1169 nonnumquam
1712 1093 1836 1169 autem,
1864 1087 1893 1153 si

263 1207 415 1292 supersit,
440 1207 474 1271 in
498 1206 681 1272 nominibus
703 1205 932 1291 imperatomm
954 1214 1020 1273 tam
1043 1206 1157 1290 gavia
1178 1206 1296 1272 menda
1318 1205 1474 1286 admittit,
1501 1213 1537 1272 ut
1558 1207 1700 1273 librariis
1722 1208 1800 1274 solis
1823 1208 1893 1273 cul-

258 1346 323 1410 pae
353 1325 423 1391 dari
451 1346 514 1391 non
545 1326 680 1411 possint.
728 1326 871 1411 exempli
897 1326 1004 1410 gratia
1033 1326 1146 1393 relatio
1176 1325 1216 1392 de
1246 1348 1303 1392 ara
1331 1327 1508 1410 Victoriae,
1541 1348 1636 1412 quam
1665 1328 1892 1394 Valentiniano

257 1445 320 1511 soli
353 1447 486 1512 missam
519 1466 592 1512 esse
625 1466 665 1513 ex
694 1446 855 1512 Ambrosii
887 1447 996 1512 verbis
1033 1454 1156 1512 constat
1164 1450 1221 1529 ³³),
1260 1467 1301 1513 ne
1331 1466 1448 1513 nomen
1478 1448 1608 1535 quidem
1638 1448 1708 1515 eius
1736 1448 1888 1533 praefert,

259 1568 320 1632 sed
343 1566 525 1633 Theodosio
557 1567 618 1633 soli
640 1566 833 1634 inscribitur.
880 1567 995 1634 cadem
1019 1566 1140 1633 ratione
1163 1567 1352 1652 plemmquc
1374 1566 1442 1632 ddd
1463 1572 1565 1652 impp—p
1589 1568 1743 1653 scriptum
1766 1575 1816 1633 est
1837 1588 1893 1653 pro

257 1687 398 1753 formula
420 1687 569 1754 sollemni
591 1686 659 1751 add
678 1692 782 1772 imffl
803 1692 1010 1753 Valentiniana
1034 1690 1176 1751 Theodosi
1196 1698 1223 1751 et
1238 1687 1356 1752 Arcadi
1374 1693 1503 1753 victores
1526 1711 1563 1752 oc
1585 1690 1792 1771 triuudatorcs
1815 1708 1895 1752 scm-

258 1828 318 1891 pcr
341 1807 473 1893 hapusd
484 1859 491 1887 ,
523 1828 620 1892 quam
644 1808 678 1873 in
700 1807 855 1874 relatione
876 1808 973 1873 tertia
994 1808 1121 1873 codices
1143 1807 1348 1873 Ambrosiaui
1370 1808 1431 1874 soli
1453 1814 1678 1890 servavemnt,
1705 1814 1817 1894 utpote
1839 1808 1895 1891 qui

259 1948 303 1993 ex
326 1928 512 2015 apographo
535 1948 553 1994 e
576 1928 704 1994 scriniis
728 1928 829 1994 sacris
852 1927 993 2013 proiecto
1016 1926 1175 2010 fluxerint,
1203 1936 1235 1994 et
1253 1928 1411 1995 ternarius
1425 1929 1482 1994 ille
1497 1927 1725 2013 imperatomm
1740 1948 1894 1995 numerus

263 2051 286 2111 d
309 2057 342 2114 et
361 2071 383 2133 p
405 2048 577 2134 triplicatis
600 2049 633 2113 in
657 2048 705 2114 eis
726 2067 853 2131 quoque
876 2048 1023 2133 epistulis
1045 2069 1284 2132 nonnumquam
1306 2047 1475 2130 indicatur,
1502 2068 1587 2131 quae
1609 2048 1772 2133 expressis
1786 2048 1894 2114 verbis

258 2170 316 2235 nni
346 2178 470 2235 tantum
500 2176 557 2234 aut
586 2169 712 2235 dnobus
742 2167 923 2252 diriguntur
932 2169 984 2252 ³⁴).
1031 2188 1114 2251 quae
1145 2169 1254 2234 omnia
1282 2169 1401 2234 vitiosa
1423 2169 1552 2252 quidem
1577 2176 1666 2251 sunt,
1700 2170 1759 2235 sed
1782 2168 1895 2235 editori

258 2311 314 2356 res
337 2298 370 2356 et
390 2291 491 2359 rerba
513 2289 726 2373 conservanti,
753 2288 907 2354 formulas
929 2288 1118 2373 neglegenti
1140 2290 1259 2374 optime
1275 2289 1469 2355 conveniunt
1483 2288 1631 2373 ideoque,
1657 2295 1693 2354 ut
1707 2289 1750 2354 ab
1765 2296 1894 2354 auctore

258 2412 333 2496 ipso
356 2410 509 2495 proiecta,
537 2430 630 2476 ame
654 2409 688 2475 iu
713 2409 855 2476 editione
878 2408 1000 2475 intacta
1022 2408 1135 2474 relicta
1156 2415 1240 2489 sunt,
1267 2410 1396 2476 etiamsi
1418 2410 1570 2476 correctio
1593 2409 1750 2475 facillima
1772 2416 1805 2476 et
1826 2429 1896 2476 cer-

258 2531 388 2597 tissima
408 2530 536 2596 fuisset.

350 2686 428 2750 Post
443 2684 629 2770 Symmachi
653 2691 786 2750 mortem
809 2683 984 2749 relationes
1006 2685 1121 2749 itemm
1143 2705 1164 2749 a
1185 2684 1252 2750 illio
1275 2685 1346 2750 eius
1368 2672 1476 2751 editae
1498 2691 1580 2766 sunt,
1607 2685 1663 2768 qui
1684 2705 1756 2750 cum
1772 2684 1896 2770 epistu-

256 2808 311 2872 las
334 2806 439 2891 patris
462 2806 646 2889 colligeret,
678 2805 755 2870 illas
777 2824 904 2888 quoque
927 2805 1049 2889 corpori
1072 2825 1183 2871 earum
1206 2804 1365 2871 adiunxit.
1412 2827 1487 2871 uam
1510 2805 1657 2889 quamvis
1680 2805 1824 2885 Iuretus,
1858 2809 1895 2870 ut

261 2947 322 2992 eas
353 2925 497 3010 reliquiis
526 2926 602 2991 libri
631 2924 747 2991 decimi
777 2924 986 3010 epistularum
1009 2924 1212 3006 adnecteret,
1242 2925 1334 2991 nulla
1357 2925 1501 2991 codicum
1526 2925 1715 2991 auctoritate
1738 2943 1817 3013 usus
1839 2924 1890 3003 sit,
1926 3016 1934 3023 Ι

261 3066 390 3114 errasse
411 3053 520 3112 tamen
542 3066 606 3112 uon
628 3044 771 3125 videtum
805 3044 963 3128 siquidem
986 3045 1019 3110 in
1041 3043 1199 3129 florilegio
1221 3045 1449 3130 epistulamm,
1476 3045 1562 3130 quod
1585 3066 1603 3111 e
1626 3045 1736 3111 codice
1757 3065 1821 3110 non
1844 3045 1896 3109 iu-

262 3174 356 3251 tegro
379 3167 510 3249 quidem
533 3165 592 3232 sed
613 3164 760 3250 pleniore
782 3185 879 3247 quam
901 3185 1022 3247 omnes,
1048 3165 1104 3248 qui
1126 3166 1161 3231 in
1183 3167 1348 3232 saeculum
1371 3165 1672 3232 sextumdecimum
1688 3166 1891 3246 duraverunt,

262 3294 451 3372 excerptum
481 3291 546 3367 est,
580 3285 695 3351 relatio
724 3285 894 3352 undecima
921 3286 1095 3371 reperitur,
1129 3306 1212 3370 quae
1242 3286 1271 3351 si
1293 3285 1327 3351 iu
1348 3286 1406 3352 illo
1429 3286 1540 3352 codice
1563 3286 1683 3367 iuerat,
1718 3285 1759 3351 de
1781 3285 1897 3351 ceteris

261 3407 477 3474 relationibus
503 3406 590 3472 idem
618 3406 888 3491 praesumendum
919 3414 979 3472 est.
1027 3407 1085 3472 sed
1106 3414 1234 3492 praeter
1255 3406 1428 3472 frustulum
1449 3407 1547 3487 illud,
1580 3427 1644 3490 quo
1667 3406 1820 3472 lectiones
1842 3426 1898 3471 co-

263 3528 374 3593 dicum
400 3527 594 3610 reliquomm
617 3526 858 3609 confirmantur,
893 3526 951 3593 sed
973 3547 1014 3592 ex
1036 3546 1099 3609 quo
1122 3527 1203 3593 nihil
1227 3526 1301 3591 novi
1324 3525 1496 3609 discimus,
1530 3527 1610 3594 haec
1633 3526 1818 3611 Symmachi
1839 3526 1898 3591 filii

266 3648 413 3715 recensio
436 3648 531 3713 uobis
553 3648 665 3732 periit;
692 3666 743 3713 res
765 3647 864 3730 igitur
886 3647 997 3713 critica
1019 3647 1089 3713 sola
1112 3647 1252 3713 editione
1274 3647 1490 3713 monobiblica
1512 3646 1630 3729 nititur,
1658 3647 1686 3712 si
1708 3647 1897 3712 relationem

263 3770 306 3835 de
330 3789 388 3833 ara
410 3768 571 3835 Victoriae
593 3768 770 3853 exceperis.

350 3924 441 3989 Haec
460 3922 556 4009 ,enim
585 3923 627 3988 ab
648 3922 816 3989 Ambrosio
845 3921 934 3988 edita
963 3929 1013 3989 est
1041 3944 1083 3989 ex
1112 3922 1315 4007 apographo,
1350 3921 1437 4007 quod
1466 3943 1506 3988 ex
1535 3922 1650 3989 officiis
1677 3919 1898 4006 imperialibus

264 4050 449 4128 acceperat,
476 4064 498 4108 a
520 4042 713 4128 Symmacho
736 4063 777 4108 ex
801 4044 966 4128 exemplo,
994 4043 1080 4127 quod
1102 4043 1135 4108 in
1158 4043 1283 4109 scriniis
1306 4044 1373 4109 suis
1396 4042 1587 4123 retinuerat;
1622 4062 1699 4127 ergo
1721 4042 1898 4108 communis

264 4165 433 4246 utriusque
456 4163 607 4229 editionis
629 4164 824 4249 archetypus
846 4163 955 4228 nullus
977 4163 1062 4229 alius
1084 4169 1144 4244 est,
1171 4183 1267 4246 quam
1289 4164 1523 4248 autographum
1546 4164 1653 4249 ipsum
1676 4162 1816 4229 auctoris
1843 4169 1900 4227 aut

263 4286 336 4351 eius
359 4283 463 4366 servi,
497 4283 549 4349 cni
571 4284 758 4350 relationem
782 4282 970 4349 dictaverat.
1019 4303 1083 4367 qua
1105 4283 1228 4349 ratione
1250 4283 1409 4349 adductus
1432 4302 1518 4365 sum,
1553 4291 1673 4350 utnon
1695 4282 1798 4348 solnm
1821 4302 1899 4347 con-

264 4403 405 4485 iecturis,
433 4403 550 4485 quibus
572 4404 727 4470 lectiones
750 4403 985 4469 consentientes
1009 4403 1173 4487 utriusque
1195 4403 1392 4469 recensionis
1413 4410 1622 4486 mutarentur,
1648 4404 1775 4469 omnino
1797 4402 1898 4468 absti-

264 4527 435 4608 nerem³⁵),
463 4524 521 4589 sed
544 4523 650 4605 etiam,
679 4523 734 4591 ubi
756 4523 1000 4605 dissentiebant,
1027 4524 1164 4590 alteram
1185 4523 1375 4608 plerumque
1398 4530 1526 4590 secutus
1549 4544 1653 4607 neque
1674 4523 1746 4609 ipse
1766 4522 1897 4606 ingenio

265 4646 471 4729 indulgerem
493 4664 598 4727 neque
620 4645 767 4710 aliomm
780 4650 961 4711 commenta
983 4644 1168 4728 reciperem.
1209 4651 1282 4709 utra
1303 4651 1411 4710 autem
1433 4644 1547 4713 melior
1568 4651 1601 4709 et
1621 4642 1685 4709 tide
1701 4643 1828 4726 dignior
1843 4643 1893 4722 sit,
1938 4684 1940 4687 -

263 4775 333 4832 tum
356 4764 598 4850 perspiciemus,
625 4786 697 4831 oum
722 4765 896 4851 scripturas
919 4764 1138 4848 discrepantes
1162 4783 1272 4830 omues
1295 4765 1579 4848 composuerimus.

354 5108 397 5169 32)
419 5110 524 5159 Servata
542 5116 581 5158 est
599 5111 629 5158 ad
648 5111 739 5160 calcem
757 5112 886 5160 relationis
904 5110 947 5160 23.

357 5194 400 5257 831
420 5197 534 5245 Ambros.
556 5199 630 5258 epist.
651 5199 662 5245 1
682 5198 723 5259 si,
745 5197 761 5247 2
779 5198 897 5246 retulerat
914 5200 954 5245 vir
971 5197 1138 5258 amplissimus
1156 5196 1332 5260 Symmachus,
1352 5211 1409 5244 cum
1427 5202 1484 5245 essct
1498 5197 1642 5258 praefertas
1658 5197 1733 5258 urbis,
1755 5196 1788 5244 ad
1811 5194 1899 5243 Valen-

264 5285 394 5332 unimus
411 5287 534 5342 wodstoc
550 5286 683 5331 memorius
700 5286 869 5344 imperatorem
887 5285 1016 5346 iuniorem,
1036 5288 1065 5331 at
1082 5286 1192 5345 templis,
1213 5297 1277 5345 quoe
1293 5283 1391 5331 sublato
1408 5284 1525 5346 sumunt,
1546 5283 1616 5332 reddi
1633 5284 1732 5331 luberti.
1769 5282 1802 5331 ci.
1823 5283 1834 5329 1
1856 5280 1895 5340 17,

268 5368 302 5418 tu
321 5370 438 5417 convenio
455 5373 562 5417 merdam
579 5374 662 5429 tuum,
685 5384 717 5418 me
734 5371 773 5417 oet
790 5369 986 5432 respondendum
1004 5369 1139 5417 seeundum
1156 5369 1295 5418 huiuamodi
1311 5372 1454 5432 petitionem
1471 5373 1603 5430 pontillum
1620 5382 1717 5417 commus
1734 5371 1773 5417 uel
1791 5371 1817 5415 in
1833 5370 1898 5415 eius

265 5454 336 5504 modi
353 5467 469 5515 responsa
487 5456 645 5516 sacrilegium
663 5456 848 5517 sabsmiptiomia
866 5456 999 5516 auianum.
1031 5461 1093 5504 certe
1109 5456 1176 5517 refer
1193 5455 1225 5504 cd
1241 5461 1369 5517 parentem
1384 5459 1483 5516 pietatis
1501 5462 1559 5504 tuae
1575 5458 1710 5517 principem
1725 5453 1896 5516 Theodosium,

264 5555 340 5604 quan
357 5554 429 5601 nuper
445 5540 559 5589 omasum
576 5540 630 5600 sere
647 5543 781 5591 maioribus
798 5545 879 5591 causis
895 5544 1021 5591 consulere
1038 5545 1169 5591 commenti.

356 5625 399 5687 si)
419 5625 479 5689 280,
499 5625 531 5689 ῖς
550 5627 584 5675 ci.
606 5626 665 5690 2ἵ9,
688 5627 717 5692 '13
738 5627 798 5690 289,
819 5628 834 5677 5
854 5636 880 5678 et
897 5644 935 5689 ea,
956 5643 1019 5691 quae
1036 5629 1123 5688 Meyer
1139 5630 1166 5676 in
1185 5629 1295 5677 editione
1314 5629 1463 5678 relationum
1482 5642 1507 5691 p.
1529 5627 1562 5679 65
1581 5629 1728 5689 composuit.

357 5712 399 5773 35)
420 5712 491 5771 Quod
509 5710 569 5775 281,
590 5712 620 5762 11
639 5717 728 5763 ominis
745 5704 913 5776 pronominis
931 5715 1019 5777 scripsi
1039 5721 1065 5762 et
1082 5711 1142 5778 282,
1159 5711 1190 5763 18
1208 5717 1288 5763 uittae
1305 5730 1349 5777 pro
1366 5718 1441 5776 uitur,
1462 5729 1512 5764 nou
1531 5715 1687 5762 coniecturae
1705 5718 1766 5760 sunt
1784 5712 1826 5760 sod
1845 5724 1899 5761 cor·

267 5801 393 5848 rectiones
410 5812 478 5847 mera
495 5799 706 5861 orthographicas.

347 5897 373 5948 Q.
387 5900 506 5939 Asuuius
520 5899 669 5942 Stanacum.
1675 5918 1689 5953 c
