4744 6476
419 492 482 555 336
1021 486 1217 543 SYMMACHI
1237 486 1449 543 ORATIONES

420 678 572 746 desiderii
595 677 693 743 vestri
715 696 834 762 pompa
855 683 920 758 est,
946 697 1030 760 quae
1053 677 1243 743 beneficium
1268 696 1360 743 suurn
1383 696 1486 761 paene
1508 676 1662 741 ambitum
1685 678 1756 742 vult
1777 675 1897 743 videri!
1927 678 1940 763 d
1967 687 2053 741 credo

419 790 490 845 haee
508 795 606 846 vestra
624 789 721 859 opinio
739 794 815 851 eret,
836 794 868 843 ut
885 802 937 856 per
954 786 1069 843 fetiales
1088 788 1296 858 quodammodo
1314 795 1494 853 evocaretur;
1520 788 1662 845 verbenae
1679 794 1788 845 tanturn
1808 795 1837 844 et
1854 791 1982 857 sagmina
2000 791 2054 845 ds-

426 892 541 950 tueruut
567 886 579 971 ΙΙ
606 891 728 951 certum
751 890 800 948 est
822 882 970 966 quidem,
996 881 1316 968 patres‘conscripti,
1342 891 1375 950 et
1395 883 1627 966 inexcusabile,
1654 884 1741 968 quod
1762 884 1891 969 iubetis,
1917 886 1976 952 sed
1998 886 2056 952 ille

424 989 471 1054 sic
492 988 614 1055 accitus
637 994 696 1069 est,
723 993 886 1071 tamquam
909 993 1020 1070 posset
1040 1006 1173 1070 negare.

382 1095 400 1156 3
508 1092 561 1157 Ad
582 1098 614 1157 te
637 1091 752 1175 etiam,
785 1089 982 1156 venerabilis
1004 1089 1197 1173 imperator,
1227 1090 1335 1155 laudis
1357 1090 1450 1156 istius
1474 1110 1598 1156 summa
1620 1090 1792 1157 referenda
1813 1102 1872 1157 cst.
1918 1093 1948 1157 is
1970 1092 2091 1159 enims

425 1216 490 1262 rem
513 1196 677 1281 publicam
699 1195 835 1261 liberam
857 1200 956 1272 tenet,
983 1194 1042 1259 sub
1065 1213 1128 1276 quc
1150 1192 1274 1277 aliquid
1295 1193 1505 1260 invidendum
1528 1199 1559 1257 in
1583 1200 1741 1279 potestate
1764 1202 1907 1261 senatus.
1952 1195 2025 1260 idco
2049 1196 2053 1280 l

249 1315 322 1356 umbr-
337 1326 358 1365 r·
373 1314 411 1355 20⁸
426 1319 574 1383 maguus,
600 1299 675 1364 ideo
697 1298 886 1384 praeclarus
909 1316 962 1378 es,
988 1295 1066 1378 quia
1087 1296 1224 1381 primum
1247 1303 1279 1362 te
1301 1297 1404 1363 mavis
1427 1317 1499 1364 csse
1522 1319 1617 1382 quam
1642 1299 1757 1364 solum.
1805 1297 1961 1381 quidquid
1984 1298 2057 1363 edi-

422 1404 588 1487 piscnntur
608 1402 695 1483 boni,
722 1403 851 1468 saeculo
874 1407 930 1465 tuo
952 1399 1090 1484 proficit.
1132 1406 1297 1466 traxerunt
1312 1401 1389 1465 olim
1404 1400 1547 1486 plerique
1564 1451 1718 1467 ......
1737 1402 1888 1486 suspiria,
1914 1408 1947 1467 et
1961 1400 2056 1484 quasi

422 1504 523 1571 amari
545 1505 791 1590 imperatoribus
813 1510 936 1570 tautum
960 1503 1092 1584 liceret,
1125 1503 1322 1588 privatorum
1352 1504 1468 1571 merita
1496 1511 1693 1589 presserunt.
1739 1505 1818 1570 mibi
1848 1510 1957 1571 autem
1979 1524 2055 1570 vere

422 1616 515 1694 pater
537 1609 661 1693 patriae
684 1608 822 1690 ridetur,
849 1608 908 1673 sub
932 1626 995 1688 quo
1019 1606 1147 1671 laudari
1169 1607 1219 1672 vir
1240 1607 1379 1692 optimus
1400 1627 1465 1673 non
1488 1609 1589 1675 timet.
1628 1614 1679 1675 est
1701 1608 1799 1674 etiam
1819 1608 1879 1673 illa
1900 1609 2057 1674 securitas
2078 1628 2108 1669 ro

422 1711 575 1797 temporis
604 1711 670 1794 tui,
703 1711 790 1795 quod
820 1730 915 1777 nemu
946 1730 982 1776 se
1011 1710 1100 1796 apud
1128 1711 1304 1796 principem
1335 1712 1490 1778 minorem
1520 1712 1589 1777 lieri
1618 1719 1726 1797 putat,
1762 1713 1789 1777 si
1818 1712 1889 1796 ipse
1919 1713 2056 1778 alterum

424 1815 486 1881 sibi
509 1815 682 1900 praeferat.
729 1815 800 1899 quis
824 1815 909 1881 enim
932 1821 982 1879 est
1005 1813 1147 1879 invidiae
1170 1815 1271 1893 locus,
1299 1835 1369 1880 cum
1394 1835 1505 1881 omncs
1526 1836 1547 1880 a
1569 1822 1601 1881 te
1624 1815 1707 1882 iusto
1729 1815 1841 1881 ordine
1863 1814 2058 1899 diligantur?

382 1923 401 1981 4
511 1918 577 1984 Sed
596 1918 663 1984 iem
685 1919 765 1983 satis
787 1918 889 1984 multa
911 1918 952 1984 de
974 1917 1085 1983 nobis!
1112 1917 1226 1983 demus
1248 1918 1371 2001 aliquid
1395 1938 1521 2004 operae,
1549 1919 1673 2001 aliquid
1688 1919 1842 2004 temporis
1861 1919 1958 1985 etiam
1973 1921 2058 2003 Try-

425 2022 510 2106 getio
533 2022 712 2087 clarissimo
735 2029 768 2087 et
790 2020 960 2087 emendato
982 2020 1068 2102 viro,
1102 2025 1159 2103 qui
1181 2041 1238 2087 vos
1265 2029 1373 2088 oratos
1402 2043 1462 2107 per
1489 2043 1541 2088 me
1571 2022 1677 2105 adque
1706 2029 1854 2089 exoratos
1882 2022 1988 2107 cupit,
2023 2030 2058 2087 ut

425 2126 495 2191 eius
518 2125 618 2190 filium
642 2124 800 2190 functioni
820 2123 1000 2209 praetoriae
1024 2123 1220 2190 destinatum
1244 2125 1388 2191 decimus
1410 2145 1515 2191 annus
1537 2126 1686 2211 accipiat.
1734 2126 1762 2192 si
1783 2127 1935 2191 voluntas
1963 2145 2058 2211 spec·
2080 2146 2109 2186 rs

423 2229 525 2294 tanda
553 2236 619 2311 est,
658 2229 783 2295 debetis
813 2228 996 2294 munificum
1027 2234 1207 2294 senatorem
1238 2228 1392 2313 probare;
1431 2229 1459 2293 si
1488 2229 1671 2312 facultates,
1708 2229 1789 2295 nihil
1819 2231 1892 2314 plus
1922 2230 2057 2315 potestis

426 2333 593 2417 inponere.

384 2441 403 2498 5
511 2436 563 2501 Me
586 2454 712 2518 quoque
735 2434 768 2499 in
791 2436 851 2500 hoc
872 2434 1002 2518 negotio
1025 2434 1159 2518 cogitari
1188 2434 1299 2518 decet,
1333 2436 1387 2519 qui
1418 2437 1506 2502 soleo
1529 2456 1628 2520 agere
1651 2436 1784 2519 gratim.
1809 2436 1820 2523 li
1844 2446 1891 2515 qui
1909 2445 2056 2500 obliterari

425 2546 578 2604 benefacto
596 2563 652 2601 non
670 2546 763 2614 patior
791 2537 801 2623 li
824 2544 910 2603 recte
932 2538 1080 2603 locantur
1101 2538 1208 2604 officia
1229 2539 1387 2620 secunda,
1423 2539 1478 2606 ubi
1500 2539 1606 2624 prima
1627 2539 1808 2622 riguerunt.
1856 2539 1952 2605 istum
1975 2560 2058 2605 novo

426 2643 534 2710 debito
557 2642 711 2725 alligate,
737 2661 789 2706 me
811 2640 941 2723 gemino
967 2692 2055 2708 ...............................
2078 2662 2110 2703 ro

1087 3005 1131 3069 VI
1161 3026 1192 3070 a.
1212 3006 1396 3070 aro-378,

1011 3157 1093 3223 rao
1116 3157 1275 3225 unnvro
1299 3138 1476 3225 suusne.

253 3349 326 3389 Ambe
341 3360 362 3399 r·
376 3348 413 3389 2¹¹
518 3381 698 3398 .......
723 3336 833 3416 posset
855 3330 1018 3396 vindicare
1040 3329 1161 3395 virtuti.
1211 3331 1269 3396 sed
1299 3329 1378 3412 quid
1400 3351 1482 3415 opus
1505 3338 1554 3396 est
1576 3331 1666 3415 apud
1688 3332 1902 3398 nobilissimos
1925 3333 2059 3399 humani

429 3437 558 3521 generis
581 3437 622 3502 de
645 3433 834 3516 cuiusquam
857 3434 982 3499 familia
1003 3434 1158 3517 gloriarii
1188 3434 1268 3499 solis
1290 3433 1391 3499 radiis
1413 3454 1506 3500 omne
1530 3436 1637 3501 lumen
1660 3435 1852 3502 obtunditur.
1878 3436 1889 3521 d
1914 3447 2060 3501 stellarum

430 3549 507 3616 ignes
525 3547 643 3602 rutilare
661 3562 716 3602 non
735 3546 803 3600 sinit
821 3546 925 3599 candor
943 3546 1000 3599 diei
1023 3537 1036 3622 ΙΙ
1059 3556 1116 3601 vos
1138 3543 1247 3603 tamen
1269 3544 1477 3617 mementote,
1510 3557 1574 3603 non
1596 3538 1778 3604 diffidentia
1800 3540 1887 3605 istud
1909 3539 1978 3607 fieri
2001 3542 2061 3607 sed
2080 3558 2114 3600 2⁵

432 3641 625 3708 reverentia.
671 3647 746 3706 ante
768 3658 877 3706 sacras
900 3639 1134 3723 quodammodo
1158 3639 1267 3706 curiae
1290 3640 1371 3705 fores
1394 3648 1582 3706 ornamenta
1611 3642 1767 3707 maiorum
1799 3662 1928 3708 suorum
1958 3665 2061 3710 novus

430 3745 557 3828 collega
579 3743 720 3828 deponit,
746 3750 868 3807 tantum
892 3742 1063 3808 virtutibus
1085 3742 1224 3827 stipatus
1245 3742 1435 3827 ingreditur,
1461 3763 1546 3827 quae
1570 3744 1658 3810 solae
1681 3744 1777 3811 etiam
1800 3766 1903 3829 genus
1917 3746 2061 3813 iudicare

430 3854 573 3933 possunt,
601 3846 687 3930 quod
709 3845 844 3912 laudare
867 3845 1038 3911 noluimus.

388 3954 408 4014 2
518 3950 554 4015 Si
575 3955 684 4034 posset
706 3949 791 4013 ullus
812 3949 847 4013 in
875 3948 973 4014 tantis
1002 3949 1098 4014 rebus
1128 3948 1205 4013 ordo
1234 3947 1380 4031 retineri,
1412 3968 1514 4014 mores
1542 3950 1604 4015 viri
1633 3950 1721 4035 prius
1750 3950 1952 4033 edoctorum,
1986 3961 2062 4021 tunc

431 4054 586 4129 bonores;
620 4052 679 4119 scd
709 4052 863 4137 intellego
892 4059 1060 4135 utrumque
1089 4052 1305 4136 iungendum3
1339 4052 1477 4118 fideliter
1506 4053 1592 4119 enim
1622 4054 1662 4120 de
1692 4053 1832 4138 ingeniis
1863 4055 2061 4140 singulorum
2082 4078 2114 4118 ao

431 4157 575 4244 potentia
596 4156 727 4221 iudicat.
775 4166 895 4239 quanta
917 4156 1113 4222 verecundia
1135 4155 1254 4221 iactum
1278 4157 1408 4240 putatis,
1436 4164 1558 4222 uttam
1581 4178 1652 4223 sero
1675 4160 1852 4244 legeretur!
1888 4161 1965 4226 olim
1988 4182 2062 4244 per-

432 4268 544 4327 vectus
565 4259 599 4325 in
622 4258 755 4341 fastigia
783 4279 908 4325 summa
935 4259 984 4325 rei
1012 4260 1162 4344 publicae
1190 4259 1297 4325 adhuc
1325 4260 1467 4341 dubitat,
1500 4280 1541 4325 an
1573 4267 1766 4329 senatorem.
1782 4263 1885 4347 possit
1913 4263 2059 4348 implere.

432 4382 548 4447 nempe
577 4361 669 4426 auxit
695 4361 884 4445 dignitatem
914 4358 1055 4427 obstram
1085 4362 1148 4427 ista
1177 4362 1337 4428 cunctatio
1366 4368 1398 4428 et
1428 4364 1572 4446 superior
1604 4365 1693 4430 locus
1726 4365 1830 4432 faetus
1863 4373 1931 4446 est,
1968 4387 2062 4450 quem

433 4466 495 4532 sibi
518 4465 657 4550 optimus
680 4465 817 4531 virorum
839 4472 915 4550 post
935 4467 1072 4531 bonores
1095 4465 1277 4551 potissimos
1299 4466 1485 4532 reservarit.
1530 4466 1690 4532 fateamur
1711 4488 1843 4535 necesse
1866 4477 1928 4553 est,
1954 4476 2063 4555 patres

257 4590 331 4632 imur.
345 4600 367 4640 p.
380 4588 419 4630 nr
433 4568 620 4654 conscripti,
646 4568 719 4633 ideo
741 4569 833 4634 nobis
855 4569 995 4655 amplius
1018 4588 1091 4634 esse
1115 4569 1273 4651 delatum,
1304 4569 1381 4652 quia
1403 4570 1650 4654 properantibus
1676 4568 1682 4656 1
1709 4570 1783 4636 aliis
1805 4572 1847 4637 ad
1868 4574 1954 4638 bunc
1976 4572 2064 4637 ordi-
2085 4594 2117 4633 ar

433 4693 506 4738 nem
529 4672 575 4737 nil
598 4690 765 4756 negamus.

434 4884 844 4892 -———-——-.-———-

523 5022 534 5071 l
556 5022 633 5071 Credo
650 5035 742 5069 nomm
759 5024 833 5081 eaput
851 5022 939 5081 incipit
957 5024 983 5067 in
1000 5019 1082 5068 codiee
1186 5017 1201 5066 3
1221 5034 1285 5082 ·p·c·

521 5109 635 5157 bestest
738 5106 799 5156 bin
818 5103 953 5172 potestate]
970 5120 1024 5168 eoo,
1043 5104 1168 5171 polestete
1187 5108 1204 5153 9
1220 5121 1266 5163 m.‚
1287 5104 1402 5171 poiestut
1422 5109 1480 5154 int.
1588 5103 1655 5173 idco]
1674 5106 1734 5165 llioi,
1756 5107 1821 5160 adeo
1926 5106 2064 5174 iedllpis·

435 5198 546 5265 cnmtnr
638 5193 778 5256 8proiecit
879 5194 1110 5255 pltriquesnspiriu‚
1131 5193 1219 5254 supple
1236 5198 1370 5241 traxerunt
1387 5194 1448 5241 olim
1466 5194 1579 5255 plerique
1597 5195 1738 5256 principum
1758 5196 1784 5241 in
1803 5194 1934 5253 inuidiam,
1955 5196 1976 5242 ei
1992 5196 2065 5256 quis-

435 5295 511 5343 quam
529 5282 619 5328 ebsens
638 5280 733 5328 dutum
752 5285 866 5328 moneret
883 5280 992 5342 suspirie
1009 5281 1049 5327 vel
1067 5281 1147 5327 simile
1165 5278 1225 5340 quid

524 5364 555 5414 14
573 5367 678 5427 quisuos
784 5364 814 5414 15
835 5361 971 5431 functioni]
990 5365 1053 5427 Mei,
1072 5366 1214 5414 functiones
1321 5364 1352 5413 16
1368 5366 1496 5414 facultatis

523 5451 554 5501 ts
574 5455 601 5500 in
617 5454 699 5513 primo
716 5452 821 5500 editione
838 5455 954 5513 scriptum
967 5457 1019 5501 erat
1036 5453 1081 5513 qui
1099 5452 1166 5501 soleo
1183 5465 1256 5512 egere
1274 5453 1376 5515 gratius,
1397 5454 1424 5499 in
1435 5451 1543 5500 secunda
1561 5454 1605 5513 qui
1623 5453 1750 5501 obliterari
1768 5454 1899 5501 nenetmte
1916 5466 1965 5501 non
1984 5454 2066 5515 petior

522 5537 555 5586 23
574 5538 744 5587 nobilissimus
846 5537 879 5587 tl
898 5541 925 5587 in
940 5542 1023 5600 ptimo
1039 5537 1145 5587 editione
1163 5540 1281 5599 scriptum
1299 5545 1351 5586 etot
1369 5539 1429 5588 solie
1447 5539 1525 5586 radiis
1543 5552 1616 5587 omne
1633 5540 1720 5587 lumen
1738 5540 1895 5601 obtunditur,
1914 5542 1941 5587 itt
1958 5540 2065 5588 eeermdo

437 5625 565 5673 stellarum
583 5626 657 5684 ignes
675 5626 779 5674 rutilare
797 5639 846 5674 non
865 5627 928 5672 sinit
946 5626 1035 5673 tendor
1053 5625 1104 5672 diei
1210 5624 1242 5673 25
1260 5626 1326 5685 ignis
1432 5624 1464 5673 26
1483 5626 1543 5672 iuris

523 5710 556 5761 29
574 5707 767 5777 rettinercmoris
907 5710 939 5759 32
958 5727 978 5760 r.
998 5727 1023 5773 p.
1165 5709 1198 5759 34
1217 5713 1363 5773 potissimos
1383 5715 1395 5759 1
1417 5728 1451 5760 m.
1593 5710 1868 5778 reserunbitiistesmnr
2001 5727 2063 5775 ·p·e·

438 5797 470 5845 35
488 5794 604 5863 nmlplins
