4744 6476
845 467 1122 525 luplsu‘vnnnvn
1141 468 1212 522 LlB.
1233 467 1281 528 Χ).
1810 473 1872 534 313

250 658 400 743 scripturn
431 676 647 722 successorem
669 657 722 721 vel
754 656 932 739 legitimum
956 678 1018 721 non
1042 656 1192 735 haberet,
1226 656 1258 721 in
1288 656 1338 721 ius
1360 656 1429 721 fisci
1451 664 1614 738 tamquam
1638 656 1766 722 domino
1788 657 1874 722 nuda
1900 661 1997 723 ΤΜΓ

249 760 455 839 concederet,
483 766 559 824 tune
575 759 735 825 insinuato
758 780 815 844 per
837 761 1028 825 rationalem
1051 760 1232 844 patrimonii
1254 758 1347 824 modo
1370 760 1570 844 opperiretur
1591 760 1717 846 petitor,
1744 760 1822 843 quid
1844 760 1875 826 ei

250 884 343 930 saera
370 863 510 930 deferret
537 862 731 928 humanitas.
779 882 883 928 annus
912 862 980 928 fere
1010 863 1168 929 secundus
1197 869 1262 942 est,
1294 870 1329 928 ut
1356 883 1413 946 per
1440 862 1626 930 defensores
1648 871 1681 929 et
1702 863 1876 929 rationales
1899 867 1918 927 2

250 967 498 1050 augustissimae
521 966 634 1031 domus
658 973 768 1032 contra
789 966 944 1032 iustitiam
967 966 1133 1032 sollemnis
1156 966 1277 1032 oraculi
1300 966 1410 1051 scripti
1426 967 1602 1052 fatigantur
1616 967 1764 1034 heredes.
1804 967 1879 1033 licet

218 1071 314 1134 aiam
343 1077 454 1136 sextus
484 1088 588 1134 annus
615 1090 635 1133 a
665 1070 848 1135 testamenti
877 1070 1064 1136 recitatione
1090 1075 1290 1150 numeretur,
1324 1071 1499 1136 novissime
1530 1070 1657 1136 fortuna
1687 1071 1879 1136 66666616-

252 1173 417 1258 petibilem
449 1173 614 1258 scopulum
640 1171 757 1238 foedae
781 1171 971 1257 cognitionis
994 1172 1136 1238 incurrit.
1182 1193 1257 1238 nam
1279 1193 1352 1238 cum
1375 1174 1463 1259 apud
1485 1174 1588 1239 virum
1610 1173 1878 1259 perfectissimum

250 1276 440 1341 rationalem
464 1275 654 1340 Bassianum
686 1275 788 1360 primo
819 1275 943 1340 delator
964 1276 1117 1341 bonorum
1142 1276 1318 1340 secundum
1342 1294 1434 1342 sacra
1457 1276 1537 1341 scita
1559 1279 1763 1361 proderetur,
1796 1297 1878 1342 novo

249 1398 331 1444 ausu
368 1379 493 1444 calcata
530 1378 739 1462 praescriptio
770 1386 830 1444 est.
878 1378 997 1444 dehinc
1025 1399 1097 1443 cum
1127 1378 1312 1445 testamenti
1341 1379 1410 1444 iure
1441 1380 1576 1444 confecti
1607 1379 1709 1446 fidem
1733 1380 1920 1446 recitati03

251 1482 448 1566 publicaret,
479 1482 641 1546 calrrmnia
664 1481 770 1545 inanis
793 1481 919 1546 obiecta
941 1490 1007 1564 est,
1034 1481 1120 1563 quod
1142 1482 1322 1565 signatores
1345 1484 1454 1548 nescio
1477 1483 1554 1566 quid
1577 1484 1676 1567 legati
1701 1504 1742 1549 ex
1764 1483 1878 1549 eadem

202 1606 230 1645 ι(
251 1587 415 1651 voluntate
446 1585 617 1670 cepissent.
665 1584 827 1649 adduntur
857 1584 954 1650 etiam
986 1586 1140 1670 rescripta
1162 1585 1301 1667 divalia,
1336 1587 1452 1669 quibus
1481 1585 1690 1672 adstipulatio
1712 1586 1879 1652 cuiusdam

253 1695 375 1753 remota
405 1695 471 1768 est,
506 1688 560 1770 qui
588 1706 679 1752 suam
708 1687 829 1752 iuvisse
858 1708 990 1753 cansam
1022 1689 1204 1753 testimonio
1233 1689 1409 1771 diceretur,
1443 1689 1537 1772 quasi
1567 1689 1770 1755 verosimile
1794 1697 1881 1755 esset

251 1791 434 1876 exemplum
464 1797 521 1855 aut
549 1790 655 1855 tenuis
685 1790 802 1871 bonor,
819 1776 899 1873 ‘quo
930 1791 1160 1876 subscriptores
1189 1792 1229 1856 ob
1259 1792 1434 1856 amicitiam
1464 1793 1634 1858 defunctus
1662 1793 1876 1877 adsperserat,

250 1894 430 1976 legitimum
460 1900 572 1977 posset
598 1893 728 1958 abolere
758 1894 923 1958 iudicium.
970 1915 1044 1958 nam
1075 1895 1101 1958 si
1131 1894 1182 1959 his
1211 1895 1340 1977 legibus
1370 1896 1568 1975 viveremus,
1601 1895 1740 1960 inimicis
1770 1895 1880 1978 signa-

251 1996 372 2061 toribus
395 1996 494 2062 tutius
518 2002 687 2074 uteremur,
716 2015 848 2077 quorum
872 1996 996 2061 offensa
1018 1997 1099 2061 nihil
1123 1996 1164 2062 de
1186 2004 1339 2062 testatore
1361 1998 1572 2063 humanitatis
1595 1999 1751 2082 exigeret.
1791 1998 1882 2082 piget
1903 2004 1922 2061 4

203 2122 233 2162 11
252 2100 359 2165 dicere
374 2100 408 2164 in
424 2099 564 2181 quinque
580 2118 712 2164 numero
735 2099 848 2164 solidis
872 2099 1072 2184 potissimum
1097 2100 1322 2185 subscriptoris
1345 2100 1446 2168 fuisse
1468 2102 1629 2184 legatum;
1656 2102 1771 2168 ceteris
1795 2102 1880 2166 enim

252 2202 356 2287 magis
387 2201 646 2267 commemoratio
677 2200 811 2266 honesta
841 2223 936 2285 quam
968 2202 1124 2287 pecuniae
1155 2210 1309 2287 quaestus
1335 2205 1481 2269 accessit.
1529 2225 1605 2289 ergo
1633 2210 1689 2270 aut
1719 2212 1881 2270 extremae

252 2307 453 2392 paupertatis
476 2305 638 2370 successio
661 2305 736 2385 fuit,
769 2306 797 2370 si
824 2313 954 2390 putatur
983 2306 1121 2389 exiguus
1150 2306 1250 2372 honor
1281 2306 1376 2372 fidem
1406 2307 1543 2390 legitimi
1566 2307 1677 2373 iudicii
1701 2307 1877 2387 sauciasse,

252 2410 351 2475 autsi
367 2428 482 2475 666666
497 2408 712 2473 hereditarius
736 2408 938 2474 existimatur
960 2410 1096 2491 uberior,
1122 2409 1231 2475 aliena
1253 2417 1302 2474 est
1324 2431 1345 2474 a
1367 2410 1603 2495 suspicionibus
1625 2410 1734 2476 brevis
1757 2430 1881 2476 summa

255 2513 366 2597 legati.
415 2512 487 2594 (1616
516 2532 580 2576 666
610 2510 898 2575 familiarissimum
922 2531 1081 2593 quemque
1104 2511 1273 2594 signandis
1295 2510 1444 2592 adhibet,
1479 2533 1550 2577 cum
1574 2519 1717 2577 extrema
1740 2513 1882 2578 condun-

204 2623 326 2682 161611
369 2616 432 2680 iam
464 2614 542 2697 (1611
565 2614 678 2679 mirum
702 2620 767 2693 est,
802 2613 830 2677 si
858 2613 891 2677 in
923 2615 1024 2680 oculis
1054 2614 1177 2700 positus
1207 2622 1368 2685 mereatur
1389 2614 1521 2697 aliquod
1543 2622 1780 2681 monumentum
1803 2615 1882 2681 reli-

253 2719 367 2802 gionis,
395 2717 450 2800 qui
472 2716 588 2783 meruit
610 2715 786 2781 advocarit
822 2737 886 2781 non
909 2718 977 2781 fero
1001 2717 1207 2801 signatorem,
1234 2719 1286 2783 eui
1310 2737 1385 2802 pars
1408 2720 1562 2784 bonorum
1585 2738 1704 2802 magna
1725 2719 1878 2801 defertur,
1905 2726 1923 2781 5

253 2843 327 2887 nam
358 2820 419 2886 6161
449 2820 575 2903 integra
602 2817 799 2884 conscientia
825 2840 889 2884 non
917 2828 1024 2884 tamen
1054 2820 1178 2886 sincero
1208 2820 1329 2905 pudore
1360 2820 1495 2901 ditatur;
1531 2829 1662 2887 atvero
1692 2822 1774 2887 haec
1796 2822 1882 2887 levia

254 2925 389 3010 pignora
418 2929 475 2988 661
503 2921 620 2987 amoris
646 2922 751 3004 gratia
773 2929 830 2987 ant
851 2923 1012 2988 testatoris
1035 2922 1231 2988 verecundia
1252 2923 1484 3006 relinquuntur.
1533 2924 1613 2989 nihil
1636 2924 1711 2990 huic
1733 2925 1880 3008 religioni

253 3028 345 3093 novis
361 3027 489 3109 legibus
504 3025 692 3109 derogatum
708 3031 771 3102 est;
798 3032 907 3091 manet
921 3025 982 3091 iste
999 3046 1077 3092 usus
1094 3034 1126 3091 et
1140 3026 1231 3091 vobis
1251 3026 1322 3091 iura
1345 3027 1549 3093 servantibus
1571 3046 1697 3112 semper
1720 3027 1876 3093 manebit:

204 3150 337 3196 166666
366 3130 507 3195 6166166
531 3134 603 3212 post
624 3127 756 3192 humani
777 3132 898 3213 generis
920 3130 1105 3195 memoriam
1129 3129 1296 3194 rationalis
1319 3130 1463 3210 emersit,
1498 3130 1552 3214 qui
1575 3131 1758 3215 exemplum
1779 3150 1882 3195 novae

253 3232 456 3300 iudicationis
485 3232 662 3296 induceret.
710 3230 784 3296 binc
810 3238 881 3297 orta
903 3240 952 3297 est
974 3232 1174 3317 provocatio,
1208 3253 1292 3315 quae
1314 3233 1369 3298 ubi
1391 3234 1584 3299 auditorium
1607 3253 1732 3299 sacrum
1754 3231 1883 3298 decreto
1906 3239 1926 3299 6

254 3338 351 3404 etiam
381 3343 507 3402 vestrae
536 3334 619 3418 legis
642 3334 792 3417 intravit,
825 3355 935 3400 rursus
959 3335 1110 3401 eludendi
1132 3335 1244 3401 iudicii
1266 3356 1365 3402 causa
1387 3338 1585 3422 propositum
1608 3336 1884 3403 661166666616-

257 3448 417 3520 mentum,
449 3446 485 3504 ut
512 3440 554 3503 ab
584 3439 712 3503 inlustri
734 3438 801 3504 viro
826 3438 970 3524 privatae
994 3439 1040 3505 rei
1063 3439 1177 3504 conrite
1200 3439 1352 3522 delegata
1374 3440 1514 3524 cognitio
1537 3440 1697 3505 diceretur
1718 3439 1884 3505 rationalis

255 3542 397 3608 examini
412 3549 509 3623 atque
531 3540 605 3605 ideo
629 3561 739 3606 rursus
762 3541 804 3606 ad
827 3541 972 3607 eiusdem
994 3542 1149 3608 iudicium
1173 3543 1292 3608 debere
1315 3542 1492 3625 transferri,
1519 3563 1590 3608 cum
1613 3544 1716 3608 omnis
1739 3544 1884 3625 quaestio

208 3670 237 3707 aa
257 3665 297 3709 ex
325 3644 473 3730 precibus
503 3643 659 3708 Marciani
694 3644 815 3708 dudum
844 3645 1033 3729 protectoris
1063 3652 1096 3711 et
1123 3652 1252 3710 vestrae
1282 3646 1473 3711 clementiae
1503 3645 1653 3729 largitate
1683 3644 1885 3711 descendens

257 3767 348 3812 sacro
370 3746 477 3831 potius
500 3746 659 3811 auditorio
682 3766 722 3811 ex
744 3747 971 3831 provocatione
995 3755 1194 3833 conpeteret,
1224 3748 1396 3814 accedente
1420 3750 1514 3814 etiam
1538 3748 1684 3834 proxima
1706 3749 1880 3825 sanctione,

256 3872 340 3933 quae
368 3850 540 3915 indiscrete
570 3849 754 3914 huiusmodi
783 3851 1017 3935 appellationes
1048 3851 1134 3931 sedi,
1168 3872 1251 3934 quae
1281 3852 1385 3917 vicem
1415 3852 1595 3937 principum
1625 3858 1745 3931 tuctur,
1780 3851 1884 3935 prisco

258 3954 325 4018 iure
342 3953 510 4018 commisit.
552 3952 745 4018 examinatis
760 3952 859 4036 igitur
874 3954 1020 4018 omnibus
1040 3953 1245 4039 pronuntiavi
1267 3955 1352 4020 bona
1374 3954 1512 4021 obnoxia
1534 3975 1597 4019 non
1620 3973 1693 4019 esse
1715 3953 1880 4038 rescripto,
1908 3959 1925 4018 7

257 4077 328 4121 cum
344 4056 442 4121 vestri
457 4056 598 4121 numinis
614 4063 746 4122 aeterna
761 4056 893 4137 iustitia,
921 4056 949 4121 si
972 4057 1101 4142 seriptis
1124 4065 1180 4122 aut
1200 4057 1355 4141 legitimis
1378 4056 1617 4123 successoribus
1640 4064 1769 4122 vacaret
1790 4056 1884 4122 here-

209 4184 239 4222 66
258 4161 360 4242 ditas,
394 4160 506 4224 fiscum
536 4159 702 4224 statuisset
724 4157 865 4239 admitti,
903 4158 962 4225 has
985 4166 1093 4226 autem
1117 4160 1289 4227 facultates
1311 4160 1483 4226 Marcellus
1506 4160 1615 4226 Bizias
1638 4168 1671 4225 61
1692 4160 1884 4225 Η61161ο166

257 4264 342 4329 16616
364 4262 507 4328 defuncti
529 4263 693 4327 voluntate
720 4262 891 4346 cepissent.
939 4269 1015 4328 tunc
1038 4264 1229 4328 sententiam
1252 4284 1356 4329 meam
1381 4262 1531 4328 defensor
1551 4261 1748 4329 venerabilis
1771 4262 1884 4327 domus

257 4366 412 4432 inusitata
442 4365 665 4449 provocatione
695 4365 873 4450 suspendit.
920 4366 979 4432 sed
1010 4386 1081 4431 cum
1111 4366 1208 4431 huius
1238 4366 1284 4432 rei
1307 4366 1431 4431 nullum
1454 4367 1638 4450 exemplum
1661 4366 1925 4448 cognitionalisS

259 4476 370 4536 extare
394 4477 592 4553 suggereret,
619 4468 720 4532 nihilo
742 4469 849 4533 minus
871 4468 1027 4535 obiectam
1052 4489 1163 4534 vocem
1186 4469 1325 4535 libenter
1346 4469 1463 4535 admisi
1485 4477 1518 4535 61
1531 4469 1687 4535 relatione
1702 4469 1883 4535 summatim

257 4579 371 4639 666616
401 4572 575 4657 conplexus
606 4577 768 4655 gestorum
799 4593 925 4656 quoquc
954 4573 1146 4638 documenta
1176 4573 1341 4651 subtexui,
1374 4593 1584 4657 praesumens
1611 4574 1705 4640 bonis
1727 4573 1883 4659 placitura

208 4699 238 4738 ro
257 4675 466 4761 principibus,
493 4695 576 4758 quae
599 4674 773 4740 secundum
797 4676 889 4758 leges
912 4697 969 4760 pro
991 4675 1079 4740 fama
1100 4684 1279 4762 temporum
1301 4675 1453 4742 indicavi.

345 4863 778 4928 rosariorumque.
802 4867 842 4919 12.
945 4863 1345 4920 lactendTheodllt.
1382 4865 1659 4933 6161166616.
1760 4864 1881 4918 31061.

257 4950 365 5005 Theud.
386 4950 427 5005 XI
447 4954 488 5015 30,
509 4951 552 5004 41.

346 5246 355 5296 l
378 5261 544 5296 successorem
564 5248 686 5307 scriptum
700 5247 721 5293 Τ
826 5248 894 5296 6616
911 5248 1011 5297 1616166
1032 5248 1053 5294 Τ
1157 5246 1172 5295 2
1191 5247 1292 5308 qnidoei
1313 5248 1334 5294 t*
1438 5245 1453 5294 4
1473 5260 1529 5294 cnru
1548 5248 1647 5294 iusticia
1667 5245 1692 5293 Γ
1792 5246 1807 5295 ’1
1827 5260 1883 5308 pro·

258 5332 441 5401 (1616161696,
463 5340 592 5398 peteretur
612 5332 688 5380 ΤΜΓ
795 5334 960 5384 8161111111
1063 5334 1146 5395 liquo
1165 5334 1193 5381 M
1295 5335 1339 5395 qni
1359 5333 1387 5380 Μ
1492 5332 1522 5382 10
1541 5334 1632 5394 scripte
1650 5330 1676 5379 Γ
1778 5330 1809 5381 12
1828 5328 1883 5397 aut]

258 5427 288 5471 ut
305 5420 331 5469 Γ
454 5418 495 5487 ob]
514 5421 545 5468 ab
566 5420 587 5466 Τ
716 5419 746 5468 14
765 5423 836 5482 piger
855 5421 882 5467 ll
1011 5421 1040 5469 15
1060 5422 1151 5469 solidos
1169 5419 1196 5468 Γ
1322 5420 1351 5469 li
1372 5421 1477 5479 legitimi
1495 5419 1569 5467 tidem
1589 5418 1610 5465 Τ
1732 5421 1842 5467 suasisse
1862 5419 1883 5464 Τ

262 5509 291 5557 18
309 5513 347 5558 est
365 5508 552 5568 suspitionibus
573 5506 594 5552 Τ
725 5506 757 5555 20
776 5510 796 5555 61
815 5521 862 5554 661.
886 5505 935 5553 ΤΜ
1064 5506 1097 5555 24
1116 5503 1200 5572 66116]
1218 5507 1289 5554 noble
1308 5505 1334 5554 Γ
1461 5505 1614 5554 2511616161
1633 5500 1745 5569 generis]
1763 5517 1816 5566 eqo,
1837 5504 1883 5550 bu-

259 5596 324 5642 16661
345 5592 404 5655 PM,
423 5594 556 5640 1616116661
576 5590 603 5640 Γ
710 5592 742 5640 29
760 5594 884 5641 examinis
903 5592 929 5640 Γ
1030 5594 1150 5640 1611611161
1170 5606 1218 5641 om.
1241 5592 1262 5638 Τ
1374 5591 1406 5639 30
1426 5593 1539 5639 martiani
1560 5589 1612 5638 ΜΓ
1712 5591 1842 5638 discedens
1862 5590 1883 5635 Τ

259 5681 288 5729 31
310 5682 397 5728 amede
418 5680 439 5725 Τ
552 5678 755 5727 3116116616166
776 5680 804 5740 Τ,
826 5678 1019 5727 16116616166Γ
1128 5678 1306 5739 appellationis
1328 5678 1377 5725 TM
1486 5676 1645 5726 1661616111
1759 5675 1793 5724 sn
1811 5678 1883 5723 inxts
1960 5692 1965 5700 ·

258 5768 371 5815 defuncti
391 5769 546 5814 rreluntutenr
568 5765 593 5813 Γ
694 5765 725 5813 37
745 5767 887 5828 exemplum
907 5782 955 5813 orn.
979 5765 1029 5811 Tll
1132 5764 1164 5815 38
1184 5765 1320 5812 srrblectanr
1340 5764 1366 5812 Γ

337 5866 362 5916 Q.
378 5867 646 5907 1166611681111116616.
1498 5864 1504 5875 '
1642 5867 1674 5915 40
