<?xml version="1.0" encoding="UTF-8"?>
<!DOCTYPE html PUBLIC "-//W3C//DTD XHTML 1.0 Transitional//EN"
    "http://www.w3.org/TR/xhtml1/DTD/xhtml1-transitional.dtd">
<html xmlns="http://www.w3.org/1999/xhtml" xml:lang="en" lang="en">
 <head>
  <title>
</title>
<meta http-equiv="Content-Type" content="text/html;charset=utf-8" />
  <meta name='ocr-system' content='tesseract 3.04.00' />
  <meta name='ocr-capabilities' content='ocr_page ocr_carea ocr_par ocr_line ocrx_word'/>
</head>
<body>
  <div class='ocr_page' id='page_1' title='image "./qaureliisymmach00seecgoog_0324.png"; bbox 0 0 4736 6478; ppageno 0'>
   <div class='ocr_carea' id='block_1_1' title="bbox 938 430 1849 489">
    <p class='ocr_par' dir='ltr' id='par_1_1' title="bbox 938 430 1849 489">
     <span class='ocr_line' id='line_1_1' title="bbox 938 430 1849 489; baseline 0.004 -4"><span class='ocrx_word' id='word_1_1' title='bbox 938 431 1135 485; x_wconf 72' lang='lat' dir='ltr'>LIBERJIII.</span> <span class='ocrx_word' id='word_1_2' title='bbox 1790 430 1849 489; x_wconf 81' lang='lat'>105</span> 
     </span>
    </p>
   </div>
   <div class='ocr_carea' id='block_1_2' title="bbox 197 615 1940 1222">
    <p class='ocr_par' dir='ltr' id='par_1_2' title="bbox 225 615 1940 1017">
     <span class='ocr_line' id='line_1_2' title="bbox 226 615 1940 706; baseline -0.006 -19"><span class='ocrx_word' id='word_1_3' title='bbox 226 621 507 706; x_wconf 81' lang='lat' dir='ltr'>eloquenfissimus</span> <span class='ocrx_word' id='word_1_4' title='bbox 528 621 663 702; x_wconf 88' lang='lat' dir='ltr'>iuvenis,</span> <span class='ocrx_word' id='word_1_5' title='bbox 691 628 725 687; x_wconf 93' lang='lat' dir='ltr'>ut</span> <span class='ocrx_word' id='word_1_6' title='bbox 747 620 845 687; x_wconf 92' lang='lat' dir='ltr'>fando</span> <span class='ocrx_word' id='word_1_7' title='bbox 861 622 1000 706; x_wconf 81' lang='lat' dir='ltr'>conpari,</span> <span class='ocrx_word' id='word_1_8' title='bbox 1026 620 1179 704; x_wconf 79' lang='lat' dir='ltr'>proximis</span> <span class='ocrx_word' id='word_1_9' title='bbox 1195 617 1368 684; x_wconf 78' lang='lat' dir='ltr'>facundiae</span> <span class='ocrx_word' id='word_1_10' title='bbox 1384 617 1527 683; x_wconf 79' lang='lat' dir='ltr'>calcibus</span> <span class='ocrx_word' id='word_1_11' title='bbox 1543 623 1658 700; x_wconf 87' lang='lat' dir='ltr'>urguet</span> <span class='ocrx_word' id='word_1_12' title='bbox 1672 622 1847 701; x_wconf 88' lang='lat' dir='ltr'>parentem.</span> <span class='ocrx_word' id='word_1_13' title='bbox 1874 615 1940 678; x_wconf 87' lang='lat' dir='ltr'>PF</span> 
     </span>
     <span class='ocr_line' id='line_1_3' title="bbox 228 719 1894 809; baseline -0.006 -18"><span class='ocrx_word' id='word_1_14' title='bbox 228 732 299 791; x_wconf 84' lang='lat' dir='ltr'>ote</span> <span class='ocrx_word' id='word_1_15' title='bbox 321 726 471 808; x_wconf 87' lang='lat' dir='ltr'>beatum,</span> <span class='ocrx_word' id='word_1_16' title='bbox 503 725 623 809; x_wconf 87' lang='lat' dir='ltr'>amice,</span> <span class='ocrx_word' id='word_1_17' title='bbox 656 724 684 790; x_wconf 92' lang='lat' dir='ltr'>si</span> <span class='ocrx_word' id='word_1_18' title='bbox 706 724 858 790; x_wconf 83' lang='lat' dir='ltr'>vincerisl</span> <span class='ocrx_word' id='word_1_19' title='bbox 907 732 1017 790; x_wconf 86' lang='lat' dir='ltr'>nostra</span> <span class='ocrx_word' id='word_1_20' title='bbox 1038 724 1144 790; x_wconf 91' lang='lat' dir='ltr'>adhuc</span> <span class='ocrx_word' id='word_1_21' title='bbox 1167 721 1322 788; x_wconf 88' lang='lat' dir='ltr'>institutio</span> <span class='ocrx_word' id='word_1_22' title='bbox 1344 721 1471 787; x_wconf 88' lang='lat' dir='ltr'>molitur</span> <span class='ocrx_word' id='word_1_23' title='bbox 1496 719 1606 789; x_wconf 84' lang='lat' dir='ltr'>florem</span> <span class='ocrx_word' id='word_1_24' title='bbox 1637 739 1762 799; x_wconf 88' lang='lat' dir='ltr'>creare,</span> <span class='ocrx_word' id='word_1_25' title='bbox 1793 737 1853 784; x_wconf 89' lang='lat' dir='ltr'>nec</span> <span class='ocrx_word' id='word_1_26' title='bbox 1876 722 1894 781; x_wconf 83' lang='lat'><strong>3</strong></span> 
     </span>
     <span class='ocr_line' id='line_1_4' title="bbox 225 817 1854 914; baseline -0.004 -21"><span class='ocrx_word' id='word_1_27' title='bbox 225 828 376 914; x_wconf 88' lang='lat' dir='ltr'>imperari</span> <span class='ocrx_word' id='word_1_28' title='bbox 400 835 507 914; x_wconf 91' lang='lat' dir='ltr'>potest</span> <span class='ocrx_word' id='word_1_29' title='bbox 527 828 620 894; x_wconf 90' lang='lat' dir='ltr'>unico</span> <span class='ocrx_word' id='word_1_30' title='bbox 644 828 744 893; x_wconf 89' lang='lat' dir='ltr'>labor.</span> <span class='ocrx_word' id='word_1_31' title='bbox 790 828 899 911; x_wconf 89' lang='lat' dir='ltr'>itaque</span> <span class='ocrx_word' id='word_1_32' title='bbox 921 828 1004 893; x_wconf 90' lang='lat' dir='ltr'>inter</span> <span class='ocrx_word' id='word_1_33' title='bbox 1033 834 1152 913; x_wconf 89' lang='lat' dir='ltr'>metum</span> <span class='ocrx_word' id='word_1_34' title='bbox 1175 847 1283 892; x_wconf 92' lang='lat' dir='ltr'>meum</span> <span class='ocrx_word' id='word_1_35' title='bbox 1305 832 1338 892; x_wconf 92' lang='lat' dir='ltr'>et</span> <span class='ocrx_word' id='word_1_36' title='bbox 1361 824 1559 908; x_wconf 78' lang='lat' dir='ltr'>diligentiam</span> <span class='ocrx_word' id='word_1_37' title='bbox 1582 817 1689 889; x_wconf 89' lang='lat' dir='ltr'>lentus</span> <span class='ocrx_word' id='word_1_38' title='bbox 1711 821 1854 908; x_wconf 91' lang='lat' dir='ltr'>pignoris</span> 
     </span>
     <span class='ocr_line' id='line_1_5' title="bbox 227 924 1853 1017; baseline -0.004 -22"><span class='ocrx_word' id='word_1_39' title='bbox 227 932 327 997; x_wconf 85' lang='lat' dir='ltr'>nostri</span> <span class='ocrx_word' id='word_1_40' title='bbox 356 931 520 1017; x_wconf 87' lang='lat' dir='ltr'>profectus</span> <span class='ocrx_word' id='word_1_41' title='bbox 547 930 714 996; x_wconf 83' lang='lat' dir='ltr'>adolescit.</span> <span class='ocrx_word' id='word_1_42' title='bbox 761 931 890 1016; x_wconf 82' lang='lat' dir='ltr'>plane,</span> <span class='ocrx_word' id='word_1_43' title='bbox 909 939 945 997; x_wconf 94' lang='lat' dir='ltr'>ut</span> <span class='ocrx_word' id='word_1_44' title='bbox 965 931 1119 1013; x_wconf 88' lang='lat' dir='ltr'>arbitror,</span> <span class='ocrx_word' id='word_1_45' title='bbox 1152 929 1307 1015; x_wconf 81' lang='lat' dir='ltr'>quaesitis</span> <span class='ocrx_word' id='word_1_46' title='bbox 1329 928 1559 994; x_wconf 83' lang='lat' dir='ltr'>satisfecimus.</span> <span class='ocrx_word' id='word_1_47' title='bbox 1605 945 1690 991; x_wconf 91' lang='lat' dir='ltr'>nunc</span> <span class='ocrx_word' id='word_1_48' title='bbox 1712 924 1853 991; x_wconf 87' lang='lat' dir='ltr'>vicissim</span> 
     </span>
    </p>

    <p class='ocr_par' dir='ltr' id='par_1_3' title="bbox 197 1028 1855 1222">
     <span class='ocr_line' id='line_1_6' title="bbox 197 1028 1855 1118; baseline -0.001 -24"><span class='ocrx_word' id='word_1_49' title='bbox 197 1054 332 1100; x_wconf 69' lang='lat' dir='ltr'>ererum</span> <span class='ocrx_word' id='word_1_50' title='bbox 363 1042 490 1100; x_wconf 84' lang='lat' dir='ltr'>tuarum</span> <span class='ocrx_word' id='word_1_51' title='bbox 519 1035 662 1100; x_wconf 89' lang='lat' dir='ltr'>ordinem</span> <span class='ocrx_word' id='word_1_52' title='bbox 693 1033 786 1118; x_wconf 90' lang='lat' dir='ltr'>cupio</span> <span class='ocrx_word' id='word_1_53' title='bbox 818 1051 1023 1118; x_wconf 88' lang='lat' dir='ltr'>cognoscere.</span> <span class='ocrx_word' id='word_1_54' title='bbox 1070 1034 1176 1100; x_wconf 91' lang='lat' dir='ltr'>facilis</span> <span class='ocrx_word' id='word_1_55' title='bbox 1205 1040 1313 1098; x_wconf 87' lang='lat' dir='ltr'>antem</span> <span class='ocrx_word' id='word_1_56' title='bbox 1342 1032 1418 1111; x_wconf 92' lang='lat' dir='ltr'>tibi,</span> <span class='ocrx_word' id='word_1_57' title='bbox 1451 1033 1479 1097; x_wconf 92' lang='lat' dir='ltr'>si</span> <span class='ocrx_word' id='word_1_58' title='bbox 1502 1052 1552 1097; x_wconf 91' lang='lat' dir='ltr'>me</span> <span class='ocrx_word' id='word_1_59' title='bbox 1574 1030 1690 1096; x_wconf 89' lang='lat' dir='ltr'>litteris</span> <span class='ocrx_word' id='word_1_60' title='bbox 1719 1028 1855 1111; x_wconf 90' lang='lat' dir='ltr'>dignum</span> 
     </span>
     <span class='ocr_line' id='line_1_7' title="bbox 227 1134 1637 1222; baseline -0.004 -19"><span class='ocrx_word' id='word_1_61' title='bbox 227 1143 331 1222; x_wconf 88' lang='lat' dir='ltr'>putes,</span> <span class='ocrx_word' id='word_1_62' title='bbox 358 1139 604 1204; x_wconf 85' lang='lat' dir='ltr'>commeantium</span> <span class='ocrx_word' id='word_1_63' title='bbox 627 1138 720 1222; x_wconf 91' lang='lat' dir='ltr'>copia</span> <span class='ocrx_word' id='word_1_64' title='bbox 743 1145 801 1215; x_wconf 91' lang='lat' dir='ltr'>est,</span> <span class='ocrx_word' id='word_1_65' title='bbox 828 1159 900 1204; x_wconf 89' lang='lat' dir='ltr'>cum</span> <span class='ocrx_word' id='word_1_66' title='bbox 922 1136 1101 1205; x_wconf 77' lang='lat' dir='ltr'>tabellariis</span> <span class='ocrx_word' id='word_1_67' title='bbox 1122 1138 1157 1204; x_wconf 92' lang='lat' dir='ltr'>in</span> <span class='ocrx_word' id='word_1_68' title='bbox 1178 1140 1255 1203; x_wconf 89' lang='lat' dir='ltr'>aula</span> <span class='ocrx_word' id='word_1_69' title='bbox 1276 1136 1373 1221; x_wconf 89' lang='lat' dir='ltr'>positi</span> <span class='ocrx_word' id='word_1_70' title='bbox 1395 1135 1502 1201; x_wconf 88' lang='lat' dir='ltr'>fratris</span> <span class='ocrx_word' id='word_1_71' title='bbox 1526 1134 1637 1200; x_wconf 89' lang='lat' dir='ltr'>utaris.</span> 
     </span>
    </p>
   </div>
   <div class='ocr_carea' id='block_1_3' title="bbox 869 1466 1989 1672">
    <p class='ocr_par' dir='ltr' id='par_1_4' title="bbox 869 1466 1989 1672">
     <span class='ocr_line' id='line_1_8' title="bbox 922 1466 1157 1532; baseline 0.004 -2"><span class='ocrx_word' id='word_1_72' title='bbox 922 1466 1003 1531; x_wconf 85' lang='lat' dir='ltr'>XXI</span> <span class='ocrx_word' id='word_1_73' title='bbox 1032 1488 1063 1532; x_wconf 91' lang='lat' dir='ltr'>a.</span> <span class='ocrx_word' id='word_1_74' title='bbox 1083 1468 1157 1531; x_wconf 84' lang='grc'>396.</span> 
     </span>
     <span class='ocr_line' id='line_1_9' title="bbox 869 1600 1989 1672; baseline 0.005 -2"><span class='ocrx_word' id='word_1_75' title='bbox 869 1605 927 1670; x_wconf 89' lang='lat' dir='ltr'>AD</span> <span class='ocrx_word' id='word_1_76' title='bbox 950 1604 1211 1672; x_wconf 83' lang='lat' dir='ltr'>PRO&#39;PADIVM.</span> <span class='ocrx_word' id='word_1_77' title='bbox 1878 1600 1989 1662; x_wconf 85' lang='lat' dir='ltr'>PVM</span> 
     </span>
    </p>
   </div>
   <div class='ocr_carea' id='block_1_4' title="bbox 186 1773 1903 3620">
    <p class='ocr_par' dir='ltr' id='par_1_5' title="bbox 186 1773 1903 3620">
     <span class='ocr_line' id='line_1_10' title="bbox 317 1773 1857 1867; baseline -0.005 -25"><span class='ocrx_word' id='word_1_78' title='bbox 317 1777 395 1842; x_wconf 89' lang='lat' dir='ltr'>Post</span> <span class='ocrx_word' id='word_1_79' title='bbox 421 1776 510 1842; x_wconf 92' lang='lat' dir='ltr'>urbis</span> <span class='ocrx_word' id='word_1_80' title='bbox 532 1784 662 1842; x_wconf 90' lang='lat' dir='ltr'>nostrae</span> <span class='ocrx_word' id='word_1_81' title='bbox 684 1776 882 1867; x_wconf 81' lang='lat' dir='ltr'>exitiabilem</span> <span class='ocrx_word' id='word_1_82' title='bbox 904 1777 1022 1843; x_wconf 86' lang='lat' dir='ltr'>famem</span> <span class='ocrx_word' id='word_1_83' title='bbox 1047 1797 1080 1842; x_wconf 88' lang='lat' dir='ltr'>re</span> <span class='ocrx_word' id='word_1_84' title='bbox 1103 1777 1313 1842; x_wconf 87' lang='lat' dir='ltr'>frumentaria</span> <span class='ocrx_word' id='word_1_85' title='bbox 1332 1777 1366 1841; x_wconf 93' lang='lat' dir='ltr'>in</span> <span class='ocrx_word' id='word_1_86' title='bbox 1388 1775 1595 1858; x_wconf 88' lang='lat' dir='ltr'>tranquillum</span> <span class='ocrx_word' id='word_1_87' title='bbox 1618 1773 1749 1839; x_wconf 86' lang='lat' dir='ltr'>redacta</span> <span class='ocrx_word' id='word_1_88' title='bbox 1769 1791 1857 1835; x_wconf 89' lang='lat' dir='ltr'>oram</span> 
     </span>
     <span class='ocr_line' id='line_1_11' title="bbox 187 1873 1858 1964; baseline -0.001 -25"><span class='ocrx_word' id='word_1_89' title='bbox 187 1900 214 1938; x_wconf 85' lang='lat' dir='ltr'>ro</span> <span class='ocrx_word' id='word_1_90' title='bbox 233 1879 419 1964; x_wconf 81' lang='lat' dir='ltr'>Campanae</span> <span class='ocrx_word' id='word_1_91' title='bbox 447 1880 589 1962; x_wconf 88' lang='lat' dir='ltr'>regionis</span> <span class='ocrx_word' id='word_1_92' title='bbox 619 1899 830 1945; x_wconf 89' lang='lat' dir='ltr'>accesseram.</span> <span class='ocrx_word' id='word_1_93' title='bbox 878 1879 1077 1946; x_wconf 90' lang='lat' dir='ltr'>commodum</span> <span class='ocrx_word' id='word_1_94' title='bbox 1108 1880 1213 1946; x_wconf 90' lang='lat' dir='ltr'>adfuit</span> <span class='ocrx_word' id='word_1_95' title='bbox 1233 1879 1415 1945; x_wconf 89' lang='lat' dir='ltr'>Marcianus</span> <span class='ocrx_word' id='word_1_96' title='bbox 1445 1878 1576 1944; x_wconf 91' lang='lat' dir='ltr'>intimus</span> <span class='ocrx_word' id='word_1_97' title='bbox 1599 1883 1706 1942; x_wconf 81' lang='lat' dir='ltr'>vester</span> <span class='ocrx_word' id='word_1_98' title='bbox 1727 1873 1858 1940; x_wconf 88' lang='lat' dir='ltr'>etmihi</span> 
     </span>
     <span class='ocr_line' id='line_1_12' title="bbox 230 1981 1860 2067; baseline -0.002 -21"><span class='ocrx_word' id='word_1_99' title='bbox 230 2001 367 2067; x_wconf 81' lang='lat' dir='ltr'>perros</span> <span class='ocrx_word' id='word_1_100' title='bbox 389 1981 512 2048; x_wconf 91' lang='lat' dir='ltr'>amicus</span> <span class='ocrx_word' id='word_1_101' title='bbox 536 1982 711 2067; x_wconf 85' lang='lat' dir='ltr'>adportans</span> <span class='ocrx_word' id='word_1_102' title='bbox 734 1982 858 2049; x_wconf 86' lang='lat' dir='ltr'>litteras</span> <span class='ocrx_word' id='word_1_103' title='bbox 887 1991 977 2061; x_wconf 72' lang='lat' dir='ltr'>tuas,</span> <span class='ocrx_word' id='word_1_104' title='bbox 1010 2004 1090 2067; x_wconf 93' lang='lat' dir='ltr'>quas</span> <span class='ocrx_word' id='word_1_105' title='bbox 1120 1984 1176 2049; x_wconf 91' lang='lat' dir='ltr'>ubi</span> <span class='ocrx_word' id='word_1_106' title='bbox 1205 1984 1300 2049; x_wconf 90' lang='lat' dir='ltr'>laetis</span> <span class='ocrx_word' id='word_1_107' title='bbox 1330 1983 1431 2048; x_wconf 89' lang='lat' dir='ltr'>oculis</span> <span class='ocrx_word' id='word_1_108' title='bbox 1460 1981 1659 2067; x_wconf 86' lang='lat' dir='ltr'>percucurri,</span> <span class='ocrx_word' id='word_1_109' title='bbox 1692 1984 1788 2044; x_wconf 89' lang='lat' dir='ltr'>aucta</span> <span class='ocrx_word' id='word_1_110' title='bbox 1810 1984 1860 2043; x_wconf 91' lang='lat' dir='ltr'>est</span> 
     </span>
     <span class='ocr_line' id='line_1_13' title="bbox 231 2081 1859 2172; baseline -0.003 -22"><span class='ocrx_word' id='word_1_111' title='bbox 231 2085 318 2170; x_wconf 91' lang='lat' dir='ltr'>apud</span> <span class='ocrx_word' id='word_1_112' title='bbox 341 2106 392 2151; x_wconf 87' lang='lat' dir='ltr'>mc</span> <span class='ocrx_word' id='word_1_113' title='bbox 415 2086 645 2151; x_wconf 86' lang='lat' dir='ltr'>celebratorum</span> <span class='ocrx_word' id='word_1_114' title='bbox 668 2085 796 2150; x_wconf 88' lang='lat' dir='ltr'>litorum</span> <span class='ocrx_word' id='word_1_115' title='bbox 820 2086 935 2169; x_wconf 86' lang='lat' dir='ltr'>gratia.</span> <span class='ocrx_word' id='word_1_116' title='bbox 982 2086 1018 2152; x_wconf 91' lang='lat' dir='ltr'>fit</span> <span class='ocrx_word' id='word_1_117' title='bbox 1040 2087 1124 2152; x_wconf 92' lang='lat' dir='ltr'>enim</span> <span class='ocrx_word' id='word_1_118' title='bbox 1147 2088 1353 2172; x_wconf 85' lang='lat' dir='ltr'>plerumque,</span> <span class='ocrx_word' id='word_1_119' title='bbox 1387 2093 1422 2151; x_wconf 91' lang='lat' dir='ltr'>nt</span> <span class='ocrx_word' id='word_1_120' title='bbox 1450 2105 1491 2150; x_wconf 87' lang='lat' dir='ltr'>ex</span> <span class='ocrx_word' id='word_1_121' title='bbox 1518 2084 1611 2149; x_wconf 91' lang='lat' dir='ltr'>bonis</span> <span class='ocrx_word' id='word_1_122' title='bbox 1637 2081 1859 2148; x_wconf 89' lang='lat' dir='ltr'>accidentibus</span> 
     </span>
     <span class='ocr_line' id='line_1_14' title="bbox 232 2186 1902 2274; baseline -0.005 -21"><span class='ocrx_word' id='word_1_123' title='bbox 232 2188 332 2254; x_wconf 88' lang='lat' dir='ltr'>honor</span> <span class='ocrx_word' id='word_1_124' title='bbox 360 2195 393 2253; x_wconf 90' lang='lat' dir='ltr'>et</span> <span class='ocrx_word' id='word_1_125' title='bbox 420 2187 571 2273; x_wconf 82' lang='lat' dir='ltr'>voluptas</span> <span class='ocrx_word' id='word_1_126' title='bbox 601 2198 724 2254; x_wconf 88' lang='lat' dir='ltr'>crescat</span> <span class='ocrx_word' id='word_1_127' title='bbox 754 2188 894 2255; x_wconf 89' lang='lat' dir='ltr'>locorum</span> <span class='ocrx_word' id='word_1_128' title='bbox 923 2197 956 2256; x_wconf 90' lang='lat' dir='ltr'>et</span> <span class='ocrx_word' id='word_1_129' title='bbox 980 2241 1161 2255; x_wconf 86' lang='grc'><strong>.......</strong></span> <span class='ocrx_word' id='word_1_130' title='bbox 1188 2190 1305 2255; x_wconf 86' lang='lat' dir='ltr'>amoris</span> <span class='ocrx_word' id='word_1_131' title='bbox 1335 2190 1429 2273; x_wconf 91' lang='lat' dir='ltr'>signa</span> <span class='ocrx_word' id='word_1_132' title='bbox 1451 2188 1621 2274; x_wconf 87' lang='lat' dir='ltr'>praeferet.</span> <span class='ocrx_word' id='word_1_133' title='bbox 1668 2207 1742 2251; x_wconf 92' lang='lat' dir='ltr'>nam</span> <span class='ocrx_word' id='word_1_134' title='bbox 1766 2186 1902 2250; x_wconf 81' lang='lat' dir='ltr'>nemo2</span> 
     </span>
     <span class='ocr_line' id='line_1_15' title="bbox 232 2288 1856 2377; baseline -0.002 -22"><span class='ocrx_word' id='word_1_135' title='bbox 232 2289 421 2375; x_wconf 86' lang='lat' dir='ltr'>flagrantius</span> <span class='ocrx_word' id='word_1_136' title='bbox 443 2290 618 2356; x_wconf 87' lang='lat' dir='ltr'>amicitiam</span> <span class='ocrx_word' id='word_1_137' title='bbox 641 2291 734 2371; x_wconf 90' lang='lat' dir='ltr'>colit,</span> <span class='ocrx_word' id='word_1_138' title='bbox 767 2313 862 2376; x_wconf 90' lang='lat' dir='ltr'>quam</span> <span class='ocrx_word' id='word_1_139' title='bbox 892 2293 945 2377; x_wconf 92' lang='lat' dir='ltr'>qui</span> <span class='ocrx_word' id='word_1_140' title='bbox 974 2293 1122 2360; x_wconf 89' lang='lat' dir='ltr'>irascitur</span> <span class='ocrx_word' id='word_1_141' title='bbox 1147 2293 1384 2377; x_wconf 85' lang='lat' dir='ltr'>neglegentiae.</span> <span class='ocrx_word' id='word_1_142' title='bbox 1433 2292 1517 2375; x_wconf 89' lang='lat' dir='ltr'>quod</span> <span class='ocrx_word' id='word_1_143' title='bbox 1539 2290 1586 2356; x_wconf 90' lang='lat' dir='ltr'>ita</span> <span class='ocrx_word' id='word_1_144' title='bbox 1607 2289 1751 2374; x_wconf 88' lang='lat' dir='ltr'>accipias</span> <span class='ocrx_word' id='word_1_145' title='bbox 1773 2288 1856 2369; x_wconf 88' lang='lat' dir='ltr'>volo,</span> 
     </span>
     <span class='ocr_line' id='line_1_16' title="bbox 187 2393 1857 2482; baseline -0.001 -26"><span class='ocrx_word' id='word_1_146' title='bbox 187 2417 216 2456; x_wconf 82' lang='grc' dir='ltr'>ιι</span> <span class='ocrx_word' id='word_1_147' title='bbox 233 2402 268 2459; x_wconf 93' lang='lat' dir='ltr'>ut</span> <span class='ocrx_word' id='word_1_148' title='bbox 290 2413 390 2460; x_wconf 90' lang='lat' dir='ltr'>causa</span> <span class='ocrx_word' id='word_1_149' title='bbox 411 2393 508 2459; x_wconf 86' lang='lat' dir='ltr'>officii</span> <span class='ocrx_word' id='word_1_150' title='bbox 530 2393 595 2459; x_wconf 91' lang='lat' dir='ltr'>mei</span> <span class='ocrx_word' id='word_1_151' title='bbox 617 2395 710 2460; x_wconf 83' lang='lat' dir='ltr'>salsa</span> <span class='ocrx_word' id='word_1_152' title='bbox 732 2394 782 2460; x_wconf 91' lang='lat' dir='ltr'>sit.</span> <span class='ocrx_word' id='word_1_153' title='bbox 824 2395 947 2461; x_wconf 92' lang='lat' dir='ltr'>nullum</span> <span class='ocrx_word' id='word_1_154' title='bbox 970 2396 1089 2482; x_wconf 87' lang='lat' dir='ltr'>quippe</span> <span class='ocrx_word' id='word_1_155' title='bbox 1111 2396 1264 2463; x_wconf 88' lang='lat' dir='ltr'>delictum</span> <span class='ocrx_word' id='word_1_156' title='bbox 1287 2416 1382 2462; x_wconf 90' lang='lat' dir='ltr'>curae</span> <span class='ocrx_word' id='word_1_157' title='bbox 1404 2416 1483 2479; x_wconf 88' lang='lat' dir='ltr'>erga</span> <span class='ocrx_word' id='word_1_158' title='bbox 1496 2402 1529 2461; x_wconf 88' lang='lat' dir='ltr'>te</span> <span class='ocrx_word' id='word_1_159' title='bbox 1544 2393 1691 2477; x_wconf 87' lang='lat' dir='ltr'>frigentis</span> <span class='ocrx_word' id='word_1_160' title='bbox 1706 2411 1857 2475; x_wconf 88' lang='lat' dir='ltr'>agnosco.</span> 
     </span>
     <span class='ocr_line' id='line_1_17' title="bbox 234 2496 1860 2584; baseline -0.001 -23"><span class='ocrx_word' id='word_1_161' title='bbox 234 2496 420 2581; x_wconf 88' lang='lat' dir='ltr'>quidquod</span> <span class='ocrx_word' id='word_1_162' title='bbox 443 2496 586 2583; x_wconf 85' lang='lat' dir='ltr'>proxime</span> <span class='ocrx_word' id='word_1_163' title='bbox 609 2504 691 2563; x_wconf 82' lang='lat' dir='ltr'>teste</span> <span class='ocrx_word' id='word_1_164' title='bbox 713 2497 811 2564; x_wconf 88' lang='lat' dir='ltr'>fratre</span> <span class='ocrx_word' id='word_1_165' title='bbox 826 2499 994 2580; x_wconf 91' lang='lat' dir='ltr'>communi,</span> <span class='ocrx_word' id='word_1_166' title='bbox 1020 2519 1115 2584; x_wconf 87' lang='lat' dir='ltr'>quem</span> <span class='ocrx_word' id='word_1_167' title='bbox 1130 2500 1337 2583; x_wconf 79' lang='lat' dir='ltr'>magistratus</span> <span class='ocrx_word' id='word_1_168' title='bbox 1353 2498 1443 2564; x_wconf 93' lang='lat' dir='ltr'>urbis</span> <span class='ocrx_word' id='word_1_169' title='bbox 1458 2497 1671 2582; x_wconf 83' lang='lat' dir='ltr'>amplectitur,</span> <span class='ocrx_word' id='word_1_170' title='bbox 1698 2496 1860 2579; x_wconf 90' lang='lat' dir='ltr'>geminam</span> 
     </span>
     <span class='ocr_line' id='line_1_18' title="bbox 231 2598 1862 2685; baseline -0.004 -18"><span class='ocrx_word' id='word_1_171' title='bbox 231 2600 290 2667; x_wconf 91' lang='lat' dir='ltr'>tibi</span> <span class='ocrx_word' id='word_1_172' title='bbox 313 2601 450 2666; x_wconf 84' lang='lat' dir='ltr'>salutem</span> <span class='ocrx_word' id='word_1_173' title='bbox 473 2619 531 2684; x_wconf 89' lang='lat' dir='ltr'>per</span> <span class='ocrx_word' id='word_1_174' title='bbox 553 2601 709 2685; x_wconf 86' lang='lat' dir='ltr'>epistulas</span> <span class='ocrx_word' id='word_1_175' title='bbox 733 2602 822 2667; x_wconf 80' lang='lat' dir='ltr'>dixti</span> <span class='ocrx_word' id='word_1_176' title='bbox 850 2623 926 2667; x_wconf 91' lang='lat' dir='ltr'>num</span> <span class='ocrx_word' id='word_1_177' title='bbox 948 2603 1141 2669; x_wconf 89' lang='lat' dir='ltr'>fraternitati</span> <span class='ocrx_word' id='word_1_178' title='bbox 1162 2611 1239 2669; x_wconf 90' lang='lat' dir='ltr'>tuae</span> <span class='ocrx_word' id='word_1_179' title='bbox 1254 2603 1351 2669; x_wconf 89' lang='lat' dir='ltr'>etiam</span> <span class='ocrx_word' id='word_1_180' title='bbox 1367 2601 1611 2668; x_wconf 87' lang='lat' dir='ltr'>commeantium</span> <span class='ocrx_word' id='word_1_181' title='bbox 1628 2600 1723 2665; x_wconf 88' lang='lat' dir='ltr'>fidem</span> <span class='ocrx_word' id='word_1_182' title='bbox 1738 2598 1862 2664; x_wconf 77' lang='lat' dir='ltr'>debeat</span> 
     </span>
     <span class='ocr_line' id='line_1_19' title="bbox 232 2701 1902 2791; baseline -0.002 -22"><span class='ocrx_word' id='word_1_183' title='bbox 232 2703 340 2787; x_wconf 89' lang='lat' dir='ltr'>cogita</span> <span class='ocrx_word' id='word_1_184' title='bbox 360 2703 394 2768; x_wconf 93' lang='lat' dir='ltr'>in</span> <span class='ocrx_word' id='word_1_185' title='bbox 417 2703 594 2786; x_wconf 88' lang='lat' dir='ltr'>longinqua</span> <span class='ocrx_word' id='word_1_186' title='bbox 616 2724 705 2769; x_wconf 89' lang='lat' dir='ltr'>raras</span> <span class='ocrx_word' id='word_1_187' title='bbox 727 2712 784 2770; x_wconf 90' lang='lat' dir='ltr'>ant</span> <span class='ocrx_word' id='word_1_188' title='bbox 805 2706 947 2772; x_wconf 89' lang='lat' dir='ltr'>occultas</span> <span class='ocrx_word' id='word_1_189' title='bbox 969 2705 1133 2771; x_wconf 92' lang='lat' dir='ltr'>hominum</span> <span class='ocrx_word' id='word_1_190' title='bbox 1155 2706 1385 2791; x_wconf 87' lang='lat' dir='ltr'>profectiones,</span> <span class='ocrx_word' id='word_1_191' title='bbox 1410 2705 1495 2771; x_wconf 86' lang='lat' dir='ltr'>adde</span> <span class='ocrx_word' id='word_1_192' title='bbox 1516 2703 1683 2789; x_wconf 87' lang='lat' dir='ltr'>perfidiam</span> <span class='ocrx_word' id='word_1_193' title='bbox 1706 2701 1861 2767; x_wconf 88' lang='lat' dir='ltr'>mandata</span> <span class='ocrx_word' id='word_1_194' title='bbox 1885 2704 1902 2764; x_wconf 87' lang='grc'>3</span> 
     </span>
     <span class='ocr_line' id='line_1_20' title="bbox 232 2796 1861 2895; baseline -0.001 -24"><span class='ocrx_word' id='word_1_195' title='bbox 232 2804 470 2872; x_wconf 89' lang='lat' dir='ltr'>frustrantium:</span> <span class='ocrx_word' id='word_1_196' title='bbox 496 2827 560 2871; x_wconf 94' lang='lat' dir='ltr'>non</span> <span class='ocrx_word' id='word_1_197' title='bbox 582 2808 751 2873; x_wconf 88' lang='lat' dir='ltr'>accusabis</span> <span class='ocrx_word' id='word_1_198' title='bbox 772 2796 927 2892; x_wconf 79' lang='lat' dir='ltr'>absentis,</span> <span class='ocrx_word' id='word_1_199' title='bbox 954 2815 989 2875; x_wconf 90' lang='lat' dir='ltr'>ut</span> <span class='ocrx_word' id='word_1_200' title='bbox 1010 2829 1115 2895; x_wconf 90' lang='lat' dir='ltr'>spero,</span> <span class='ocrx_word' id='word_1_201' title='bbox 1141 2809 1309 2891; x_wconf 80' lang='lat' dir='ltr'>desidiam,</span> <span class='ocrx_word' id='word_1_202' title='bbox 1337 2809 1365 2874; x_wconf 91' lang='lat' dir='ltr'>si</span> <span class='ocrx_word' id='word_1_203' title='bbox 1387 2809 1582 2889; x_wconf 86' lang='lat' dir='ltr'>consideres,</span> <span class='ocrx_word' id='word_1_204' title='bbox 1609 2815 1641 2874; x_wconf 89' lang='lat' dir='ltr'>et</span> <span class='ocrx_word' id='word_1_205' title='bbox 1661 2807 1695 2873; x_wconf 90' lang='lat' dir='ltr'>in</span> <span class='ocrx_word' id='word_1_206' title='bbox 1711 2805 1861 2872; x_wconf 85' lang='lat' dir='ltr'>emitten-</span> 
     </span>
     <span class='ocr_line' id='line_1_21' title="bbox 186 2908 1862 2995; baseline 0 -22"><span class='ocrx_word' id='word_1_207' title='bbox 186 2931 214 2973; x_wconf 78' lang='grc' dir='ltr'>ιι</span> <span class='ocrx_word' id='word_1_208' title='bbox 233 2909 284 2974; x_wconf 93' lang='lat' dir='ltr'>dis</span> <span class='ocrx_word' id='word_1_209' title='bbox 305 2909 453 2995; x_wconf 86' lang='lat' dir='ltr'>epistulis</span> <span class='ocrx_word' id='word_1_210' title='bbox 475 2909 615 2976; x_wconf 90' lang='lat' dir='ltr'>alienam</span> <span class='ocrx_word' id='word_1_211' title='bbox 638 2911 756 2995; x_wconf 87' lang='lat' dir='ltr'>requiri</span> <span class='ocrx_word' id='word_1_212' title='bbox 778 2913 979 2978; x_wconf 90' lang='lat' dir='ltr'>occasionem</span> <span class='ocrx_word' id='word_1_213' title='bbox 1002 2913 1089 2979; x_wconf 89' lang='lat' dir='ltr'>etin</span> <span class='ocrx_word' id='word_1_214' title='bbox 1112 2913 1283 2980; x_wconf 90' lang='lat' dir='ltr'>reddendis</span> <span class='ocrx_word' id='word_1_215' title='bbox 1305 2913 1447 2979; x_wconf 89' lang='lat' dir='ltr'>alienam</span> <span class='ocrx_word' id='word_1_216' title='bbox 1471 2910 1670 2978; x_wconf 87' lang='lat' dir='ltr'>fidelitatem.</span> <span class='ocrx_word' id='word_1_217' title='bbox 1710 2910 1769 2976; x_wconf 90' lang='lat' dir='ltr'>sed</span> <span class='ocrx_word' id='word_1_218' title='bbox 1784 2908 1862 2992; x_wconf 92' lang='lat' dir='ltr'>quid</span> 
     </span>
     <span class='ocr_line' id='line_1_22' title="bbox 234 3011 1862 3101; baseline 0 -23"><span class='ocrx_word' id='word_1_219' title='bbox 234 3032 294 3095; x_wconf 87' lang='lat' dir='ltr'>ego</span> <span class='ocrx_word' id='word_1_220' title='bbox 325 3011 376 3077; x_wconf 91' lang='lat' dir='ltr'>his</span> <span class='ocrx_word' id='word_1_221' title='bbox 405 3012 596 3079; x_wconf 87' lang='lat' dir='ltr'>testimoniis</span> <span class='ocrx_word' id='word_1_222' title='bbox 626 3013 828 3097; x_wconf 82' lang='lat' dir='ltr'>diligentiam</span> <span class='ocrx_word' id='word_1_223' title='bbox 857 3015 891 3081; x_wconf 93' lang='lat' dir='ltr'>in</span> <span class='ocrx_word' id='word_1_224' title='bbox 920 3023 952 3082; x_wconf 89' lang='lat' dir='ltr'>te</span> <span class='ocrx_word' id='word_1_225' title='bbox 981 3037 1086 3083; x_wconf 91' lang='lat' dir='ltr'>meam</span> <span class='ocrx_word' id='word_1_226' title='bbox 1116 3017 1199 3084; x_wconf 83' lang='lat' dir='ltr'>nitor</span> <span class='ocrx_word' id='word_1_227' title='bbox 1221 3017 1395 3083; x_wconf 81' lang='lat' dir='ltr'>adsereret</span> <span class='ocrx_word' id='word_1_228' title='bbox 1438 3016 1543 3101; x_wconf 88' lang='lat' dir='ltr'>ipsum</span> <span class='ocrx_word' id='word_1_229' title='bbox 1565 3014 1697 3082; x_wconf 89' lang='lat' dir='ltr'>fratrem</span> <span class='ocrx_word' id='word_1_230' title='bbox 1719 3020 1862 3080; x_wconf 90' lang='lat' dir='ltr'>nostrum</span> 
     </span>
     <span class='ocr_line' id='line_1_23' title="bbox 233 3114 1864 3205; baseline 0 -25"><span class='ocrx_word' id='word_1_231' title='bbox 233 3114 429 3181; x_wconf 85' lang='lat' dir='ltr'>Marcianum</span> <span class='ocrx_word' id='word_1_232' title='bbox 453 3117 550 3182; x_wconf 89' lang='lat' dir='ltr'>credo</span> <span class='ocrx_word' id='word_1_233' title='bbox 571 3116 630 3182; x_wconf 91' lang='lat' dir='ltr'>tibi</span> <span class='ocrx_word' id='word_1_234' title='bbox 654 3117 767 3183; x_wconf 87' lang='lat' dir='ltr'>sedulo</span> <span class='ocrx_word' id='word_1_235' title='bbox 790 3119 988 3203; x_wconf 85' lang='lat' dir='ltr'>prodidisse,</span> <span class='ocrx_word' id='word_1_236' title='bbox 1021 3127 1141 3204; x_wconf 86' lang='lat' dir='ltr'>quanta</span> <span class='ocrx_word' id='word_1_237' title='bbox 1169 3120 1322 3186; x_wconf 86' lang='lat' dir='ltr'>memoria</span> <span class='ocrx_word' id='word_1_238' title='bbox 1352 3126 1384 3186; x_wconf 89' lang='lat' dir='ltr'>et</span> <span class='ocrx_word' id='word_1_239' title='bbox 1406 3119 1603 3205; x_wconf 90' lang='lat' dir='ltr'>praedicatio</span> <span class='ocrx_word' id='word_1_240' title='bbox 1625 3118 1673 3183; x_wconf 89' lang='lat' dir='ltr'>tui</span> <span class='ocrx_word' id='word_1_241' title='bbox 1693 3118 1727 3182; x_wconf 94' lang='lat' dir='ltr'>in</span> <span class='ocrx_word' id='word_1_242' title='bbox 1749 3137 1803 3182; x_wconf 91' lang='lat' dir='ltr'>ore</span> <span class='ocrx_word' id='word_1_243' title='bbox 1825 3135 1864 3180; x_wconf 89' lang='lat' dir='ltr'>ac</span> 
     </span>
     <span class='ocr_line' id='line_1_24' title="bbox 233 3220 1903 3309; baseline 0.004 -25"><span class='ocrx_word' id='word_1_244' title='bbox 233 3224 363 3304; x_wconf 88' lang='lat' dir='ltr'>pectore</span> <span class='ocrx_word' id='word_1_245' title='bbox 386 3239 457 3285; x_wconf 92' lang='lat' dir='ltr'>meo</span> <span class='ocrx_word' id='word_1_246' title='bbox 479 3220 600 3303; x_wconf 85' lang='lat' dir='ltr'>rigeat.</span> <span class='ocrx_word' id='word_1_247' title='bbox 641 3241 701 3304; x_wconf 87' lang='lat' dir='ltr'>ego</span> <span class='ocrx_word' id='word_1_248' title='bbox 724 3242 800 3288; x_wconf 85' lang='lat' dir='ltr'>vero</span> <span class='ocrx_word' id='word_1_249' title='bbox 821 3221 897 3306; x_wconf 88' lang='lat' dir='ltr'>iam,</span> <span class='ocrx_word' id='word_1_250' title='bbox 924 3223 1003 3307; x_wconf 91' lang='lat' dir='ltr'>quid</span> <span class='ocrx_word' id='word_1_251' title='bbox 1025 3223 1216 3309; x_wconf 88' lang='lat' dir='ltr'>descriptis</span> <span class='ocrx_word' id='word_1_252' title='bbox 1238 3224 1319 3289; x_wconf 92' lang='lat' dir='ltr'>meis</span> <span class='ocrx_word' id='word_1_253' title='bbox 1342 3224 1394 3290; x_wconf 90' lang='lat' dir='ltr'>vel</span> <span class='ocrx_word' id='word_1_254' title='bbox 1417 3223 1545 3290; x_wconf 89' lang='lat' dir='ltr'>silentio</span> <span class='ocrx_word' id='word_1_255' title='bbox 1567 3223 1700 3303; x_wconf 89' lang='lat' dir='ltr'>sentias,</span> <span class='ocrx_word' id='word_1_256' title='bbox 1725 3240 1788 3286; x_wconf 93' lang='lat' dir='ltr'>non</span> <span class='ocrx_word' id='word_1_257' title='bbox 1811 3239 1862 3284; x_wconf 88' lang='lat' dir='ltr'>re-</span> <span class='ocrx_word' id='word_1_258' title='bbox 1885 3233 1903 3290; x_wconf 83' lang='lat'>4</span> 
     </span>
     <span class='ocr_line' id='line_1_25' title="bbox 234 3322 1862 3412; baseline 0 -25"><span class='ocrx_word' id='word_1_259' title='bbox 234 3323 341 3406; x_wconf 86' lang='lat' dir='ltr'>quiro;</span> <span class='ocrx_word' id='word_1_260' title='bbox 368 3322 526 3406; x_wconf 90' lang='lat' dir='ltr'>siquidem</span> <span class='ocrx_word' id='word_1_261' title='bbox 549 3324 655 3389; x_wconf 91' lang='lat' dir='ltr'>minus</span> <span class='ocrx_word' id='word_1_262' title='bbox 678 3332 728 3392; x_wconf 92' lang='lat' dir='ltr'>est</span> <span class='ocrx_word' id='word_1_263' title='bbox 749 3334 780 3391; x_wconf 90' lang='lat' dir='ltr'>te</span> <span class='ocrx_word' id='word_1_264' title='bbox 803 3326 988 3411; x_wconf 88' lang='lat' dir='ltr'>frequenter</span> <span class='ocrx_word' id='word_1_265' title='bbox 1009 3327 1142 3410; x_wconf 86' lang='lat' dir='ltr'>adloqui</span> <span class='ocrx_word' id='word_1_266' title='bbox 1165 3348 1260 3412; x_wconf 87' lang='lat' dir='ltr'>quarn</span> <span class='ocrx_word' id='word_1_267' title='bbox 1283 3326 1324 3393; x_wconf 90' lang='lat' dir='ltr'>de</span> <span class='ocrx_word' id='word_1_268' title='bbox 1346 3334 1378 3395; x_wconf 88' lang='lat' dir='ltr'>te</span> <span class='ocrx_word' id='word_1_269' title='bbox 1400 3327 1519 3411; x_wconf 88' lang='lat' dir='ltr'>iugiter</span> <span class='ocrx_word' id='word_1_270' title='bbox 1539 3326 1639 3408; x_wconf 93' lang='lat' dir='ltr'>loqui.</span> <span class='ocrx_word' id='word_1_271' title='bbox 1685 3323 1763 3408; x_wconf 90' lang='lat' dir='ltr'>quid</span> <span class='ocrx_word' id='word_1_272' title='bbox 1785 3342 1862 3406; x_wconf 91' lang='lat' dir='ltr'>ergo</span> 
     </span>
     <span class='ocr_line' id='line_1_26' title="bbox 188 3426 1863 3514; baseline 0.001 -25"><span class='ocrx_word' id='word_1_273' title='bbox 188 3447 216 3490; x_wconf 78' lang='lat' dir='ltr'>as</span> <span class='ocrx_word' id='word_1_274' title='bbox 236 3426 356 3511; x_wconf 89' lang='lat' dir='ltr'>scripta</span> <span class='ocrx_word' id='word_1_275' title='bbox 377 3427 540 3511; x_wconf 89' lang='lat' dir='ltr'>postulas,</span> <span class='ocrx_word' id='word_1_276' title='bbox 567 3428 683 3509; x_wconf 88' lang='lat' dir='ltr'>quibus</span> <span class='ocrx_word' id='word_1_277' title='bbox 706 3448 805 3514; x_wconf 89' lang='lat' dir='ltr'>saepe</span> <span class='ocrx_word' id='word_1_278' title='bbox 827 3430 912 3496; x_wconf 91' lang='lat' dir='ltr'>male</span> <span class='ocrx_word' id='word_1_279' title='bbox 936 3431 1096 3497; x_wconf 78' lang='lat' dir='ltr'>credituri</span> <span class='ocrx_word' id='word_1_280' title='bbox 1139 3432 1200 3497; x_wconf 89' lang='lat' dir='ltr'>hoo</span> <span class='ocrx_word' id='word_1_281' title='bbox 1221 3432 1372 3513; x_wconf 89' lang='lat' dir='ltr'>liberius,</span> <span class='ocrx_word' id='word_1_282' title='bbox 1399 3431 1458 3497; x_wconf 92' lang='lat' dir='ltr'>hoc</span> <span class='ocrx_word' id='word_1_283' title='bbox 1480 3430 1589 3496; x_wconf 87' lang='lat' dir='ltr'>verius</span> <span class='ocrx_word' id='word_1_284' title='bbox 1612 3437 1671 3509; x_wconf 88' lang='lat' dir='ltr'>est,</span> <span class='ocrx_word' id='word_1_285' title='bbox 1697 3427 1783 3512; x_wconf 90' lang='lat' dir='ltr'>quod</span> <span class='ocrx_word' id='word_1_286' title='bbox 1806 3426 1863 3492; x_wconf 90' lang='lat' dir='ltr'>de-</span> 
     </span>
     <span class='ocr_line' id='line_1_27' title="bbox 237 3528 1796 3620; baseline 0.001 -27"><span class='ocrx_word' id='word_1_287' title='bbox 237 3528 339 3595; x_wconf 87' lang='lat' dir='ltr'>fertur</span> <span class='ocrx_word' id='word_1_288' title='bbox 361 3529 498 3595; x_wconf 87' lang='lat' dir='ltr'>absenti.</span> <span class='ocrx_word' id='word_1_289' title='bbox 545 3530 664 3613; x_wconf 83' lang='lat' dir='ltr'>itaque,</span> <span class='ocrx_word' id='word_1_290' title='bbox 692 3533 808 3615; x_wconf 83' lang='lat' dir='ltr'>utris,</span> <span class='ocrx_word' id='word_1_291' title='bbox 834 3534 973 3617; x_wconf 87' lang='lat' dir='ltr'>gloriare</span> <span class='ocrx_word' id='word_1_292' title='bbox 996 3535 1064 3600; x_wconf 90' lang='lat' dir='ltr'>stili</span> <span class='ocrx_word' id='word_1_293' title='bbox 1085 3536 1282 3620; x_wconf 87' lang='lat' dir='ltr'>frequentia:</span> <span class='ocrx_word' id='word_1_294' title='bbox 1309 3554 1370 3618; x_wconf 89' lang='lat' dir='ltr'>ego</span> <span class='ocrx_word' id='word_1_295' title='bbox 1391 3534 1530 3600; x_wconf 86' lang='lat' dir='ltr'>officium</span> <span class='ocrx_word' id='word_1_296' title='bbox 1554 3532 1646 3598; x_wconf 82' lang='lat' dir='ltr'>vinco</span> <span class='ocrx_word' id='word_1_297' title='bbox 1668 3530 1796 3596; x_wconf 89' lang='lat' dir='ltr'>iudicio.</span> 
     </span>
    </p>
   </div>
   <div class='ocr_carea' id='block_1_5' title="bbox 878 3861 1219 4066">
    <p class='ocr_par' dir='ltr' id='par_1_6' title="bbox 878 3861 1219 4066">
     <span class='ocr_line' id='line_1_28' title="bbox 919 3861 1180 3929; baseline 0.008 -3"><span class='ocrx_word' id='word_1_298' title='bbox 919 3861 1018 3927; x_wconf 86' lang='lat' dir='ltr'>XXII</span> <span class='ocrx_word' id='word_1_299' title='bbox 1047 3885 1078 3929; x_wconf 89' lang='lat' dir='ltr'>a.</span> <span class='ocrx_word' id='word_1_300' title='bbox 1098 3867 1180 3928; x_wconf 78' lang='grc'>3961</span> 
     </span>
     <span class='ocr_line' id='line_1_29' title="bbox 878 3999 1219 4066; baseline 0.006 -2"><span class='ocrx_word' id='word_1_301' title='bbox 878 3999 936 4064; x_wconf 83' lang='lat' dir='ltr'>AD</span> <span class='ocrx_word' id='word_1_302' title='bbox 958 4001 1219 4066; x_wconf 81' lang='lat' dir='ltr'>PROTADIVM.</span> 
     </span>
    </p>
   </div>
   <div class='ocr_carea' id='block_1_6' title="bbox 193 4154 1978 4569">
    <p class='ocr_par' dir='ltr' id='par_1_7' title="bbox 193 4154 1978 4569">
     <span class='ocr_line' id='line_1_30' title="bbox 323 4154 1978 4261; baseline 0.005 -29"><span class='ocrx_word' id='word_1_303' title='bbox 323 4164 480 4233; x_wconf 81' lang='lat' dir='ltr'>Geminus</span> <span class='ocrx_word' id='word_1_304' title='bbox 502 4168 623 4252; x_wconf 87' lang='lat' dir='ltr'>pariter</span> <span class='ocrx_word' id='word_1_305' title='bbox 643 4168 678 4233; x_wconf 93' lang='lat' dir='ltr'>in</span> <span class='ocrx_word' id='word_1_306' title='bbox 699 4189 813 4235; x_wconf 90' lang='lat' dir='ltr'>manus</span> <span class='ocrx_word' id='word_1_307' title='bbox 836 4190 926 4237; x_wconf 89' lang='lat' dir='ltr'>meas</span> <span class='ocrx_word' id='word_1_308' title='bbox 949 4192 969 4236; x_wconf 94' lang='lat' dir='ltr'>a</span> <span class='ocrx_word' id='word_1_309' title='bbox 991 4180 1023 4238; x_wconf 89' lang='lat' dir='ltr'>tc</span> <span class='ocrx_word' id='word_1_310' title='bbox 1046 4193 1151 4240; x_wconf 88' lang='lat' dir='ltr'>sermo</span> <span class='ocrx_word' id='word_1_311' title='bbox 1173 4175 1328 4259; x_wconf 83' lang='lat' dir='ltr'>pervenit,</span> <span class='ocrx_word' id='word_1_312' title='bbox 1354 4175 1429 4240; x_wconf 93' lang='lat' dir='ltr'>dum</span> <span class='ocrx_word' id='word_1_313' title='bbox 1453 4176 1629 4261; x_wconf 87' lang='lat' dir='ltr'>multiiugis</span> <span class='ocrx_word' id='word_1_314' title='bbox 1644 4175 1760 4243; x_wconf 90' lang='lat' dir='ltr'>officiis</span> <span class='ocrx_word' id='word_1_315' title='bbox 1781 4175 1864 4241; x_wconf 88' lang='lat' dir='ltr'>ami·</span> <span class='ocrx_word' id='word_1_316' title='bbox 1964 4154 1978 4177; x_wconf 69' lang='lat'>⁸</span> 
     </span>
     <span class='ocr_line' id='line_1_31' title="bbox 193 4271 1863 4362; baseline 0.007 -28"><span class='ocrx_word' id='word_1_317' title='bbox 193 4291 222 4334; x_wconf 81' lang='lat' dir='ltr'>sc</span> <span class='ocrx_word' id='word_1_318' title='bbox 240 4271 348 4338; x_wconf 89' lang='lat' dir='ltr'>citiam</span> <span class='ocrx_word' id='word_1_319' title='bbox 370 4276 512 4336; x_wconf 90' lang='lat' dir='ltr'>nostram</span> <span class='ocrx_word' id='word_1_320' title='bbox 534 4272 644 4356; x_wconf 89' lang='lat' dir='ltr'>pcrgls</span> <span class='ocrx_word' id='word_1_321' title='bbox 665 4274 824 4339; x_wconf 82' lang='lat' dir='ltr'>excolere.</span> <span class='ocrx_word' id='word_1_322' title='bbox 872 4295 934 4357; x_wconf 91' lang='lat' dir='ltr'>quo</span> <span class='ocrx_word' id='word_1_323' title='bbox 956 4278 1120 4362; x_wconf 84' lang='lat' dir='ltr'>exemplo,</span> <span class='ocrx_word' id='word_1_324' title='bbox 1150 4277 1227 4344; x_wconf 81' lang='lat' dir='ltr'>licat</span> <span class='ocrx_word' id='word_1_325' title='bbox 1248 4278 1351 4344; x_wconf 90' lang='lat' dir='ltr'>omnis</span> <span class='ocrx_word' id='word_1_326' title='bbox 1373 4279 1512 4345; x_wconf 89' lang='lat' dir='ltr'>adfectio</span> <span class='ocrx_word' id='word_1_327' title='bbox 1535 4281 1714 4347; x_wconf 84' lang='lat' dir='ltr'>modo&#39;non</span> <span class='ocrx_word' id='word_1_328' title='bbox 1736 4302 1863 4349; x_wconf 84' lang='lat' dir='ltr'>numero</span> 
     </span>
     <span class='ocr_line' id='line_1_32' title="bbox 209 4373 1947 4470; baseline 0.008 -29"><span class='ocrx_word' id='word_1_329' title='bbox 209 4417 214 4425; x_wconf 87' lang='lat'>·</span> <span class='ocrx_word' id='word_1_330' title='bbox 238 4382 425 4454; x_wconf 85' lang='lat' dir='ltr'>censeatur,</span> <span class='ocrx_word' id='word_1_331' title='bbox 451 4373 552 4440; x_wconf 91' lang='lat' dir='ltr'>reddo</span> <span class='ocrx_word' id='word_1_332' title='bbox 574 4375 632 4440; x_wconf 89' lang='lat' dir='ltr'>tibi</span> <span class='ocrx_word' id='word_1_333' title='bbox 654 4375 748 4442; x_wconf 91' lang='lat' dir='ltr'>binas</span> <span class='ocrx_word' id='word_1_334' title='bbox 770 4376 905 4459; x_wconf 78' lang='lat' dir='ltr'>litteras,</span> <span class='ocrx_word' id='word_1_335' title='bbox 931 4399 1066 4461; x_wconf 85' lang='lat' dir='ltr'>quaram</span> <span class='ocrx_word' id='word_1_336' title='bbox 1089 4380 1172 4446; x_wconf 91' lang='lat' dir='ltr'>alias</span> <span class='ocrx_word' id='word_1_337' title='bbox 1195 4381 1293 4448; x_wconf 85' lang='lat' dir='ltr'>frater</span> <span class='ocrx_word' id='word_1_338' title='bbox 1315 4388 1424 4449; x_wconf 88' lang='lat' dir='ltr'>noster</span> <span class='ocrx_word' id='word_1_339' title='bbox 1444 4383 1605 4450; x_wconf 84' lang='lat' dir='ltr'>Eusebius</span> <span class='ocrx_word' id='word_1_340' title='bbox 1627 4407 1703 4470; x_wconf 91' lang='lat' dir='ltr'>pars</span> <span class='ocrx_word' id='word_1_341' title='bbox 1725 4386 1864 4470; x_wconf 90' lang='lat' dir='ltr'>pectoris</span> <span class='ocrx_word' id='word_1_342' title='bbox 1943 4452 1947 4455; x_wconf 15' lang='lat' dir='ltr'>r</span> 
     </span>
     <span class='ocr_line' id='line_1_33' title="bbox 238 4477 1864 4569; baseline 0.007 -27"><span class='ocrx_word' id='word_1_343' title='bbox 238 4478 312 4559; x_wconf 87' lang='lat' dir='ltr'>mci,</span> <span class='ocrx_word' id='word_1_344' title='bbox 339 4477 399 4543; x_wconf 88' lang='lat' dir='ltr'>has</span> <span class='ocrx_word' id='word_1_345' title='bbox 422 4496 498 4543; x_wconf 86' lang='lat' dir='ltr'>vero</span> <span class='ocrx_word' id='word_1_346' title='bbox 520 4479 623 4562; x_wconf 89' lang='lat' dir='ltr'>frugis</span> <span class='ocrx_word' id='word_1_347' title='bbox 646 4479 785 4565; x_wconf 91' lang='lat' dir='ltr'>optimae</span> <span class='ocrx_word' id='word_1_348' title='bbox 808 4481 935 4547; x_wconf 85' lang='lat' dir='ltr'>iuvenis</span> <span class='ocrx_word' id='word_1_349' title='bbox 949 4482 1122 4568; x_wconf 84' lang='lat' dir='ltr'>Martyrius</span> <span class='ocrx_word' id='word_1_350' title='bbox 1144 4485 1318 4565; x_wconf 79' lang='lat' dir='ltr'>exhibebit,</span> <span class='ocrx_word' id='word_1_351' title='bbox 1346 4486 1505 4569; x_wconf 89' lang='lat' dir='ltr'>simulque</span> <span class='ocrx_word' id='word_1_352' title='bbox 1528 4489 1692 4569; x_wconf 88' lang='lat' dir='ltr'>convenio,</span> <span class='ocrx_word' id='word_1_353' title='bbox 1718 4488 1864 4554; x_wconf 82' lang='lat' dir='ltr'>attidem</span> 
     </span>
    </p>
   </div>
   <div class='ocr_carea' id='block_1_7' title="bbox 239 4580 1863 4767">
    <p class='ocr_par' dir='ltr' id='par_1_8' title="bbox 239 4580 1863 4767">
     <span class='ocr_line' id='line_1_34' title="bbox 239 4580 1863 4675; baseline 0.006 -29"><span class='ocrx_word' id='word_1_354' title='bbox 239 4580 408 4647; x_wconf 86' lang='lat' dir='ltr'>solutionis</span> <span class='ocrx_word' id='word_1_355' title='bbox 429 4580 523 4646; x_wconf 91' lang='lat' dir='ltr'>istius</span> <span class='ocrx_word' id='word_1_356' title='bbox 546 4582 729 4648; x_wconf 91' lang='lat' dir='ltr'>memineris</span> <span class='ocrx_word' id='word_1_357' title='bbox 752 4585 926 4667; x_wconf 89' lang='lat' dir='ltr'>aemulari,</span> <span class='ocrx_word' id='word_1_358' title='bbox 959 4606 1030 4651; x_wconf 91' lang='lat' dir='ltr'>cum</span> <span class='ocrx_word' id='word_1_359' title='bbox 1053 4594 1085 4652; x_wconf 85' lang='lat' dir='ltr'>te</span> <span class='ocrx_word' id='word_1_360' title='bbox 1108 4589 1249 4673; x_wconf 87' lang='lat' dir='ltr'>coeperit</span> <span class='ocrx_word' id='word_1_361' title='bbox 1271 4587 1485 4673; x_wconf 91' lang='lat' dir='ltr'>frequentium</span> <span class='ocrx_word' id='word_1_362' title='bbox 1507 4590 1698 4675; x_wconf 87' lang='lat' dir='ltr'>paginarum</span> <span class='ocrx_word' id='word_1_363' title='bbox 1721 4592 1863 4658; x_wconf 86' lang='lat' dir='ltr'>vicissim</span> 
     </span>
     <span class='ocr_line' id='line_1_35' title="bbox 239 4684 504 4767; baseline 0 -19"><span class='ocrx_word' id='word_1_364' title='bbox 239 4684 332 4750; x_wconf 88' lang='lat' dir='ltr'>fenus</span> <span class='ocrx_word' id='word_1_365' title='bbox 354 4703 504 4767; x_wconf 86' lang='lat' dir='ltr'>urguere.</span> 
     </span>
    </p>
   </div>
   <div class='ocr_carea' id='block_1_8' title="bbox 560 4862 650 4869">
    <p class='ocr_par' dir='ltr' id='par_1_9' title="bbox 560 4862 650 4869">
     <span class='ocr_line' id='line_1_36' title="bbox 560 4862 650 4869; baseline 0.022 -2"><span class='ocrx_word' id='word_1_366' title='bbox 560 4862 650 4869; x_wconf 45' lang='lat' dir='ltr'>e-—ffl</span> 
     </span>
    </p>
   </div>
   <div class='ocr_carea' id='block_1_9' title="bbox 240 4961 1868 5633">
    <p class='ocr_par' dir='ltr' id='par_1_10' title="bbox 325 4961 1606 5036">
     <span class='ocr_line' id='line_1_37' title="bbox 325 4961 1606 5036; baseline 0.007 -25"><span class='ocrx_word' id='word_1_367' title='bbox 325 4961 463 5013; x_wconf 62' lang='lat' dir='ltr'>bacatum</span> <span class='ocrx_word' id='word_1_368' title='bbox 483 4962 528 5011; x_wconf 81' lang='lat' dir='ltr'>Pr</span> <span class='ocrx_word' id='word_1_369' title='bbox 543 4979 577 5012; x_wconf 85' lang='lat' dir='ltr'>m.</span> <span class='ocrx_word' id='word_1_370' title='bbox 686 4964 701 5013; x_wconf 86' lang='lat'><strong>3</strong></span> <span class='ocrx_word' id='word_1_371' title='bbox 721 4967 842 5029; x_wconf 81' lang='lat' dir='ltr'>imperare</span> <span class='ocrx_word' id='word_1_372' title='bbox 860 4968 883 5015; x_wconf 78' lang='lat' dir='ltr'><strong><em>V</em></strong></span> <span class='ocrx_word' id='word_1_373' title='bbox 984 4983 1067 5018; x_wconf 88' lang='lat' dir='ltr'>mcum</span> <span class='ocrx_word' id='word_1_374' title='bbox 1087 4977 1182 5020; x_wconf 84' lang='lat' dir='ltr'>matum</span> <span class='ocrx_word' id='word_1_375' title='bbox 1202 4969 1249 5021; x_wconf 86' lang='grc' dir='ltr'>ΓΦ</span> <span class='ocrx_word' id='word_1_376' title='bbox 1353 4973 1470 5021; x_wconf 83' lang='lat' dir='ltr'>lilratris</span> <span class='ocrx_word' id='word_1_377' title='bbox 1489 4974 1606 5036; x_wconf 78' lang='lat' dir='ltr'>posltll&#39;</span> 
     </span>
    </p>

    <p class='ocr_par' dir='ltr' id='par_1_11' title="bbox 240 5048 1868 5633">
     <span class='ocr_line' id='line_1_38' title="bbox 325 5048 1867 5121; baseline 0.005 -22"><span class='ocrx_word' id='word_1_378' title='bbox 325 5048 341 5099; x_wconf 88' lang='lat'>8</span> <span class='ocrx_word' id='word_1_379' title='bbox 359 5050 390 5098; x_wconf 75' lang='lat' dir='ltr'>cd</span> <span class='ocrx_word' id='word_1_380' title='bbox 408 5050 549 5111; x_wconf 81' lang='lat' dir='ltr'>protadium</span> <span class='ocrx_word' id='word_1_381' title='bbox 567 5049 647 5098; x_wconf 79' lang='lat' dir='ltr'>dcccc</span> <span class='ocrx_word' id='word_1_382' title='bbox 665 5053 739 5113; x_wconf 81' lang='lat' dir='ltr'>incip.</span> <span class='ocrx_word' id='word_1_383' title='bbox 759 5051 814 5114; x_wconf 80' lang='lat' dir='ltr'>VM,</span> <span class='ocrx_word' id='word_1_384' title='bbox 834 5057 1018 5116; x_wconf 78' lang='lat' dir='ltr'>inscriptionem</span> <span class='ocrx_word' id='word_1_385' title='bbox 1036 5071 1083 5108; x_wconf 87' lang='lat' dir='ltr'>om.</span> <span class='ocrx_word' id='word_1_386' title='bbox 1099 5057 1128 5105; x_wconf 82' lang='lat' dir='ltr'><em>M</em></span> <span class='ocrx_word' id='word_1_387' title='bbox 1257 5059 1273 5108; x_wconf 88' lang='grc'>9</span> <span class='ocrx_word' id='word_1_388' title='bbox 1291 5074 1316 5107; x_wconf 91' lang='lat' dir='ltr'>rc</span> <span class='ocrx_word' id='word_1_389' title='bbox 1335 5084 1370 5094; x_wconf 94' lang='lat'>-—</span> <span class='ocrx_word' id='word_1_390' title='bbox 1387 5059 1550 5121; x_wconf 83' lang='lat' dir='ltr'>tranquillum</span> <span class='ocrx_word' id='word_1_391' title='bbox 1568 5073 1616 5107; x_wconf 87' lang='lat' dir='ltr'>om.</span> <span class='ocrx_word' id='word_1_392' title='bbox 1635 5060 1655 5107; x_wconf 99' lang='lat' dir='ltr'><strong><em>V</em></strong></span> <span class='ocrx_word' id='word_1_393' title='bbox 1780 5073 1822 5108; x_wconf 81' lang='lat' dir='ltr'>cra</span> <span class='ocrx_word' id='word_1_394' title='bbox 1846 5060 1867 5107; x_wconf 93' lang='lat' dir='ltr'><strong><em>V</em></strong></span> 
     </span>
     <span class='ocr_line' id='line_1_39' title="bbox 242 5135 1860 5209; baseline 0.006 -25"><span class='ocrx_word' id='word_1_395' title='bbox 242 5135 272 5184; x_wconf 88' lang='grc'>10</span> <span class='ocrx_word' id='word_1_396' title='bbox 290 5136 445 5184; x_wconf 86' lang='lat' dir='ltr'>commodum</span> <span class='ocrx_word' id='word_1_397' title='bbox 464 5135 514 5184; x_wconf 86' lang='lat' dir='ltr'>fuit</span> <span class='ocrx_word' id='word_1_398' title='bbox 537 5136 557 5182; x_wconf 96' lang='lat' dir='ltr'><strong><em>V</em></strong></span> <span class='ocrx_word' id='word_1_399' title='bbox 658 5139 835 5187; x_wconf 77' lang='lat' dir='ltr'>martianamm</span> <span class='ocrx_word' id='word_1_400' title='bbox 859 5141 886 5201; x_wconf 88' lang='lat' dir='ltr'>V,</span> <span class='ocrx_word' id='word_1_401' title='bbox 906 5144 1046 5193; x_wconf 79' lang='lat' dir='ltr'>martianus</span> <span class='ocrx_word' id='word_1_402' title='bbox 1065 5143 1093 5192; x_wconf 93' lang='grc' dir='ltr'><em>Μ</em></span> <span class='ocrx_word' id='word_1_403' title='bbox 1209 5145 1237 5195; x_wconf 92' lang='grc'>11</span> <span class='ocrx_word' id='word_1_404' title='bbox 1257 5147 1357 5194; x_wconf 80' lang='lat' dir='ltr'>litteras</span> <span class='ocrx_word' id='word_1_405' title='bbox 1379 5147 1415 5208; x_wconf 84' lang='lat' dir='ltr'>(aa</span> <span class='ocrx_word' id='word_1_406' title='bbox 1433 5146 1538 5207; x_wconf 74' lang='lat' dir='ltr'>isreal</span> <span class='ocrx_word' id='word_1_407' title='bbox 1559 5145 1582 5193; x_wconf 90' lang='lat' dir='ltr'><em>P</em></span> <span class='ocrx_word' id='word_1_408' title='bbox 1683 5148 1795 5209; x_wconf 86' lang='lat' dir='ltr'>percurri</span> <span class='ocrx_word' id='word_1_409' title='bbox 1816 5144 1860 5209; x_wconf 83' lang='grc' dir='ltr'>(Γ)</span> 
     </span>
     <span class='ocr_line' id='line_1_40' title="bbox 243 5220 1865 5295; baseline 0.005 -25"><span class='ocrx_word' id='word_1_410' title='bbox 243 5220 391 5270; x_wconf 68' lang='lat' dir='ltr'>illitorum</span> <span class='ocrx_word' id='word_1_411' title='bbox 414 5222 443 5284; x_wconf 86' lang='lat' dir='ltr'>V,</span> <span class='ocrx_word' id='word_1_412' title='bbox 462 5235 510 5270; x_wconf 89' lang='lat' dir='ltr'>om.</span> <span class='ocrx_word' id='word_1_413' title='bbox 527 5220 556 5268; x_wconf 93' lang='grc' dir='ltr'><em>Μ</em></span> <span class='ocrx_word' id='word_1_414' title='bbox 657 5225 724 5272; x_wconf 81' lang='lat' dir='ltr'>anim</span> <span class='ocrx_word' id='word_1_415' title='bbox 742 5226 815 5283; x_wconf 86' lang='lat' dir='ltr'>titV</span> <span class='ocrx_word' id='word_1_416' title='bbox 919 5227 949 5277; x_wconf 86' lang='grc'>13</span> <span class='ocrx_word' id='word_1_417' title='bbox 968 5237 995 5279; x_wconf 77' lang='lat' dir='ltr'>ct</span> <span class='ocrx_word' id='word_1_418' title='bbox 1013 5232 1102 5280; x_wconf 87' lang='lat' dir='ltr'>amoris</span> <span class='ocrx_word' id='word_1_419' title='bbox 1121 5230 1209 5292; x_wconf 68' lang='lat' dir='ltr'>Pan,-</span> <span class='ocrx_word' id='word_1_420' title='bbox 1228 5235 1254 5279; x_wconf 82' lang='lat' dir='ltr'>r&#39;n</span> <span class='ocrx_word' id='word_1_421' title='bbox 1272 5233 1371 5293; x_wconf 74' lang='grc' dir='ltr'>ὶασιιιιιι,</span> <span class='ocrx_word' id='word_1_422' title='bbox 1392 5247 1467 5294; x_wconf 84' lang='lat' dir='ltr'>qaum</span> <span class='ocrx_word' id='word_1_423' title='bbox 1485 5233 1600 5295; x_wconf 77' lang='lat' dir='ltr'>indicavi,</span> <span class='ocrx_word' id='word_1_424' title='bbox 1622 5234 1731 5294; x_wconf 75' lang='lat' dir='ltr'>querella</span> <span class='ocrx_word' id='word_1_425' title='bbox 1752 5231 1865 5279; x_wconf 85' lang='lat' dir='ltr'>Protcdii</span> 
     </span>
     <span class='ocr_line' id='line_1_41' title="bbox 240 5305 1862 5379; baseline 0.006 -24"><span class='ocrx_word' id='word_1_426' title='bbox 240 5306 270 5355; x_wconf 75' lang='lat' dir='ltr'>de</span> <span class='ocrx_word' id='word_1_427' title='bbox 281 5308 354 5368; x_wconf 68' lang='grc' dir='ltr'>ἱοιιρο</span> <span class='ocrx_word' id='word_1_428' title='bbox 366 5305 507 5369; x_wconf 75' lang='lat' dir='ltr'>Symmachi</span> <span class='ocrx_word' id='word_1_429' title='bbox 519 5308 618 5356; x_wconf 76' lang='lat' dir='ltr'>silentio</span> <span class='ocrx_word' id='word_1_430' title='bbox 630 5315 817 5360; x_wconf 80' lang='lat' dir='ltr'>commemoratu</span> <span class='ocrx_word' id='word_1_431' title='bbox 829 5318 891 5373; x_wconf 78' lang='lat' dir='ltr'>erat,</span> <span class='ocrx_word' id='word_1_432' title='bbox 913 5330 988 5375; x_wconf 81' lang='lat' dir='ltr'>quom</span> <span class='ocrx_word' id='word_1_433' title='bbox 1005 5321 1087 5364; x_wconf 81' lang='lat' dir='ltr'>noster</span> <span class='ocrx_word' id='word_1_434' title='bbox 1102 5317 1190 5364; x_wconf 82' lang='lat' dir='ltr'>amoris</span> <span class='ocrx_word' id='word_1_435' title='bbox 1209 5319 1279 5377; x_wconf 77' lang='lat' dir='ltr'>signa</span> <span class='ocrx_word' id='word_1_436' title='bbox 1297 5319 1422 5379; x_wconf 82' lang='lat' dir='ltr'>praeferre</span> <span class='ocrx_word' id='word_1_437' title='bbox 1440 5320 1547 5366; x_wconf 77' lang='lat' dir='ltr'>laetatur</span> <span class='ocrx_word' id='word_1_438' title='bbox 1652 5317 1683 5367; x_wconf 86' lang='grc'>14</span> <span class='ocrx_word' id='word_1_439' title='bbox 1702 5319 1746 5379; x_wconf 88' lang='lat' dir='ltr'>qui</span> <span class='ocrx_word' id='word_1_440' title='bbox 1764 5331 1812 5366; x_wconf 87' lang='lat' dir='ltr'>cm.</span> <span class='ocrx_word' id='word_1_441' title='bbox 1828 5316 1862 5377; x_wconf 94' lang='grc' dir='ltr'>Μ,</span> 
     </span>
     <span class='ocr_line' id='line_1_42' title="bbox 240 5391 1867 5465; baseline 0.005 -23"><span class='ocrx_word' id='word_1_442' title='bbox 240 5395 304 5442; x_wconf 73' lang='lat' dir='ltr'>aar</span> <span class='ocrx_word' id='word_1_443' title='bbox 321 5393 398 5441; x_wconf 74' lang='lat' dir='ltr'>Vacca</span> <span class='ocrx_word' id='word_1_444' title='bbox 416 5391 474 5441; x_wconf 80' lang='lat' dir='ltr'>cdd.</span> <span class='ocrx_word' id='word_1_445' title='bbox 494 5393 538 5441; x_wconf 80' lang='lat' dir='ltr'>VI</span> <span class='ocrx_word' id='word_1_446' title='bbox 552 5409 588 5442; x_wconf 88' lang='lat' dir='ltr'>m.</span> <span class='ocrx_word' id='word_1_447' title='bbox 722 5394 752 5443; x_wconf 82' lang='grc'>15</span> <span class='ocrx_word' id='word_1_448' title='bbox 770 5398 892 5458; x_wconf 83' lang='lat' dir='ltr'>crigentls</span> <span class='ocrx_word' id='word_1_449' title='bbox 912 5399 933 5445; x_wconf 89' lang='lat' dir='ltr'><em>P</em></span> <span class='ocrx_word' id='word_1_450' title='bbox 948 5405 957 5447; x_wconf 85' lang='lat'><em>1</em></span> <span class='ocrx_word' id='word_1_451' title='bbox 972 5417 1006 5448; x_wconf 88' lang='lat' dir='ltr'>m.</span> <span class='ocrx_word' id='word_1_452' title='bbox 1026 5400 1112 5465; x_wconf 58' lang='grc' dir='ltr'>ΜΦ)</span> <span class='ocrx_word' id='word_1_453' title='bbox 1246 5401 1277 5451; x_wconf 89' lang='grc'>16</span> <span class='ocrx_word' id='word_1_454' title='bbox 1295 5418 1417 5463; x_wconf 78' lang='lat' dir='ltr'>gammam</span> <span class='ocrx_word' id='word_1_455' title='bbox 1437 5403 1532 5452; x_wconf 85' lang='lat' dir='ltr'>le.</span> <span class='ocrx_word' id='word_1_456' title='bbox 1659 5403 1689 5452; x_wconf 88' lang='grc'>19</span> <span class='ocrx_word' id='word_1_457' title='bbox 1708 5405 1825 5452; x_wconf 83' lang='lat' dir='ltr'>absentas</span> <span class='ocrx_word' id='word_1_458' title='bbox 1848 5404 1867 5449; x_wconf 89' lang='lat' dir='ltr'><strong><em>V</em></strong></span> 
     </span>
     <span class='ocr_line' id='line_1_43' title="bbox 241 5476 1868 5550; baseline 0.006 -23"><span class='ocrx_word' id='word_1_459' title='bbox 241 5476 270 5527; x_wconf 74' lang='lat'>21</span> <span class='ocrx_word' id='word_1_460' title='bbox 292 5479 370 5527; x_wconf 84' lang='lat' dir='ltr'>istum</span> <span class='ocrx_word' id='word_1_461' title='bbox 388 5479 490 5527; x_wconf 81' lang='lat' dir='ltr'>fratrem</span> <span class='ocrx_word' id='word_1_462' title='bbox 508 5482 658 5528; x_wconf 79' lang='lat' dir='ltr'>martianum</span> <span class='ocrx_word' id='word_1_463' title='bbox 677 5487 790 5530; x_wconf 84' lang='lat' dir='ltr'>nostrum</span> <span class='ocrx_word' id='word_1_464' title='bbox 813 5485 839 5546; x_wconf 89' lang='lat' dir='ltr'>V,</span> <span class='ocrx_word' id='word_1_465' title='bbox 860 5486 1012 5535; x_wconf 82' lang='lat' dir='ltr'>martianum</span> <span class='ocrx_word' id='word_1_466' title='bbox 1031 5494 1144 5537; x_wconf 88' lang='lat' dir='ltr'>nostrum</span> <span class='ocrx_word' id='word_1_467' title='bbox 1164 5487 1193 5535; x_wconf 99' lang='grc' dir='ltr'><em>Μ</em></span> <span class='ocrx_word' id='word_1_468' title='bbox 1305 5489 1338 5539; x_wconf 77' lang='grc'>21</span> <span class='ocrx_word' id='word_1_469' title='bbox 1356 5491 1388 5540; x_wconf 86' lang='lat' dir='ltr'>ds</span> <span class='ocrx_word' id='word_1_470' title='bbox 1406 5492 1500 5550; x_wconf 78' lang='lat' dir='ltr'>iugiter</span> <span class='ocrx_word' id='word_1_471' title='bbox 1521 5491 1541 5538; x_wconf 99' lang='lat' dir='ltr'><strong><em>V</em></strong></span> <span class='ocrx_word' id='word_1_472' title='bbox 1643 5489 1676 5539; x_wconf 79' lang='lat'>25</span> <span class='ocrx_word' id='word_1_473' title='bbox 1694 5492 1795 5540; x_wconf 87' lang='lat' dir='ltr'>creditis</span> <span class='ocrx_word' id='word_1_474' title='bbox 1818 5488 1868 5536; x_wconf 80' lang='lat' dir='ltr'>VM</span> 
     </span>
     <span class='ocr_line' id='line_1_44' title="bbox 241 5561 796 5633; baseline 0.007 -20"><span class='ocrx_word' id='word_1_475' title='bbox 241 5563 274 5613; x_wconf 79' lang='grc'>26</span> <span class='ocrx_word' id='word_1_476' title='bbox 292 5561 414 5632; x_wconf 80' lang='lat' dir='ltr'>officium]</span> <span class='ocrx_word' id='word_1_477' title='bbox 431 5564 490 5628; x_wconf 85' lang='grc' dir='ltr'>ΡΜ,</span> <span class='ocrx_word' id='word_1_478' title='bbox 509 5567 618 5615; x_wconf 79' lang='lat' dir='ltr'>officium</span> <span class='ocrx_word' id='word_1_479' title='bbox 636 5573 707 5616; x_wconf 85' lang='lat' dir='ltr'>tunm</span> <span class='ocrx_word' id='word_1_480' title='bbox 731 5567 796 5633; x_wconf 61' lang='grc' dir='ltr'>ΗΓ)</span> 
     </span>
    </p>
   </div>
   <div class='ocr_carea' id='block_1_10' title="bbox 243 5649 1868 5786">
    <p class='ocr_par' dir='ltr' id='par_1_12' title="bbox 243 5649 1868 5786">
     <span class='ocr_line' id='line_1_45' title="bbox 243 5649 1868 5786; baseline 0.009 -86"><span class='ocrx_word' id='word_1_481' title='bbox 243 5736 275 5786; x_wconf 59' lang='lat'>3⁴</span> <span class='ocrx_word' id='word_1_482' title='bbox 327 5649 361 5784; x_wconf 79' lang='grc'>128</span> <span class='ocrx_word' id='word_1_483' title='bbox 368 5650 580 5786; x_wconf 48' lang='lat' dir='ltr'>Sdpxfflum]</span> <span class='ocrx_word' id='word_1_484' title='bbox 599 5652 652 5715; x_wconf 92' lang='lat' dir='ltr'>PV,</span> <span class='ocrx_word' id='word_1_485' title='bbox 672 5668 719 5703; x_wconf 81' lang='lat' dir='ltr'>cnr.</span> <span class='ocrx_word' id='word_1_486' title='bbox 737 5656 764 5702; x_wconf 87' lang='lat' dir='ltr'><em>M</em></span> <span class='ocrx_word' id='word_1_487' title='bbox 867 5658 899 5706; x_wconf 85' lang='lat'>30</span> <span class='ocrx_word' id='word_1_488' title='bbox 918 5650 1152 5711; x_wconf 66' lang='lat' dir='ltr'>monononomlr</span> <span class='ocrx_word' id='word_1_489' title='bbox 1256 5661 1505 5731; x_wconf 78' lang='lat' dir='ltr'>nnmcroJLatfniur,</span> <span class='ocrx_word' id='word_1_490' title='bbox 1526 5678 1628 5712; x_wconf 85' lang='lat' dir='ltr'>mnrrcre</span> <span class='ocrx_word' id='word_1_491' title='bbox 1643 5663 1695 5725; x_wconf 88' lang='lat' dir='ltr'>PV,</span> <span class='ocrx_word' id='word_1_492' title='bbox 1715 5665 1868 5727; x_wconf 77' lang='lat' dir='ltr'>qmlncrolt</span> 
     </span>
     <span class='ocr_line' id='line_1_46' title="bbox 294 5751 427 5786; baseline 0 -1"><span class='ocrx_word' id='word_1_493' title='bbox 294 5751 351 5786; x_wconf 76' lang='lat' dir='ltr'>nac</span> <span class='ocrx_word' id='word_1_494' title='bbox 421 5774 427 5785; x_wconf 93' lang='lat'>.</span> 
     </span>
    </p>
   </div>
   <div class='ocr_carea' id='block_1_11' title="bbox 318 5837 1659 5903">
    <p class='ocr_par' dir='ltr' id='par_1_13' title="bbox 318 5837 1659 5903">
     <span class='ocr_line' id='line_1_47' title="bbox 318 5837 1659 5903; baseline 0.014 -25"><span class='ocrx_word' id='word_1_495' title='bbox 318 5838 345 5890; x_wconf 74' lang='lat' dir='ltr'>Q.</span> <span class='ocrx_word' id='word_1_496' title='bbox 359 5837 473 5879; x_wconf 74' lang='lat' dir='ltr'>Amaras</span> <span class='ocrx_word' id='word_1_497' title='bbox 488 5838 635 5882; x_wconf 73' lang='lat' dir='ltr'>Sruuauuvs.</span> <span class='ocrx_word' id='word_1_498' title='bbox 1629 5853 1659 5903; x_wconf 74' lang='lat'>14</span> 
     </span>
    </p>
   </div>
   <div class='ocr_carea' id='block_1_12' title="bbox 0 0 2373 6468">
    <p class='ocr_par' dir='ltr' id='par_1_14' title="bbox 0 0 2373 6468">
     <span class='ocr_line' id='line_1_48' title="bbox 0 0 2373 6468; baseline 0 0"><span class='ocrx_word' id='word_1_499' title='bbox 0 0 2373 6468; x_wconf 95' lang='lat' dir='ltr'> </span> 
     </span>
    </p>
   </div>
  </div>
 </body>
</html>
