4736 6478
1100 507 1295 563 SYMMACHI
1314 505 1525 563 EPISTVLAE

1231 867 1388 933 XXXIII.

371 1012 483 1073 PVM
1141 1005 1199 1070 AD
1222 1005 1483 1071 PROTADIVM.

585 1180 765 1246 Delectaris
788 1177 937 1264 epistulis
959 1178 1052 1242 meis.
1092 1177 1211 1243 credo!
1252 1177 1327 1243 hino
1349 1184 1415 1259 est,
1444 1178 1531 1259 quod
1553 1197 1609 1244 eas
1632 1185 1665 1244 et
1686 1197 1785 1264 saepe
1808 1186 1841 1246 et
1861 1178 2012 1246 ardenter
2033 1179 2126 1246 effla-

499 1284 595 1368 gitas.
642 1284 785 1349 sednon
809 1281 916 1347 statim
939 1300 1063 1346 mereor
1090 1279 1213 1345 desidis
1242 1287 1368 1363 uotam,
1402 1280 1430 1345 si
1458 1301 1583 1363 nequeo
1611 1282 1658 1347 tui
1686 1282 1805 1347 amoris
1833 1282 1868 1348 in
1896 1303 1947 1349 me
1970 1283 2125 1349 avaritiae

499 1387 697 1453 satisfacere.
737 1407 779 1451 an
801 1384 951 1450 interlabi
973 1383 1135 1449 amicitiae
1157 1384 1341 1449 memoriam
1365 1404 1423 1468 per
1445 1384 1606 1450 silentium
1631 1390 1748 1470 purast
1787 1405 1866 1452 cave
1888 1386 1968 1451 talia
1990 1386 2031 1452 de
2053 1386 2125 1451 ani-
2148 1407 2162 1445 s

497 1490 560 1555 mis
589 1489 732 1573 opinari,
764 1509 897 1572 quorum
926 1495 1059 1553 aeterna
1080 1487 1200 1553 iudicia
1218 1496 1306 1552 sunt.
1354 1487 1452 1553 habet
1481 1488 1566 1553 euim
1595 1488 1767 1572 plurimum
1796 1488 1846 1554 sui
1872 1489 2022 1574 ponderis
2043 1488 2126 1555 fides

455 1596 474 1656 2
498 1598 531 1658 et
558 1592 701 1675 allegata
728 1590 907 1656 voluntario
929 1611 1020 1657 sacro
1044 1591 1108 1656 stili
1131 1590 1346 1657 admonitione
1368 1611 1431 1656 non
1458 1590 1590 1675 indiget.
1639 1592 1720 1657 haec
1742 1613 1763 1657 a
1785 1612 1836 1657 me
1858 1591 1917 1658 tibi
1938 1612 2002 1658 uon
2024 1593 2126 1658 semel

499 1695 620 1779 scripta
642 1701 726 1777 sunt,
752 1714 812 1759 nec
834 1701 940 1759 mmeu
965 1693 1088 1760 deseris
1103 1694 1314 1759 inveteratam
1330 1694 1518 1777 querellam.
1559 1692 1678 1776 quidsi
1694 1700 1837 1779 praestat
1851 1695 1982 1779 longum
1998 1700 2129 1761 taceret

498 1819 561 1864 nou
583 1797 675 1863 vides
697 1798 828 1864 oracula
849 1797 927 1862 olim
956 1798 1065 1862 locuta
1093 1796 1234 1876 desisse,
1268 1815 1329 1862 uec
1358 1796 1427 1861 ulla
1454 1796 1489 1861 in
1518 1803 1609 1862 antro
1633 1796 1775 1863 Cumano
1804 1797 1921 1864 litteris
1950 1798 2034 1881 legi,
2066 1817 2129 1864 uec

498 1902 666 1967 Dodonam
696 1900 783 1984 loqui
812 1899 996 1981 frondibus,
1029 1919 1090 1965 nec
1119 1899 1160 1965 de
1190 1899 1361 1984 spiraculis
1383 1899 1551 1985 Delphicis
1574 1900 1673 1965 ullum
1698 1920 1825 1966 carmen
1848 1901 1975 1966 audiril
2017 1908 2182 1985 paterere

496 2005 613 2088 igitur,
646 2012 682 2071 ut
711 2004 873 2069 homullus
896 2003 1078 2069 Promethei
1101 2023 1197 2068 manu
1219 2003 1312 2069 fictus
1333 2002 1489 2069 mandare
1519 2022 1642 2069 cessem
1665 2023 1803 2089 papyro,
1837 2024 1920 2088 quae
1949 2004 2070 2070 dudum
2091 2004 2128 2070 in

458 2112 609 2174 svamm
639 2107 726 2173 foliis
755 2128 819 2173 non
849 2108 1010 2191 leguntur.
1056 2107 1131 2172 nolo
1160 2113 1268 2172 tamen
1297 2096 1518 2173 denuntiatum
1547 2106 1605 2173 tibi
1628 2127 1649 2171 a
1670 2127 1722 2172 me
1744 2107 1908 2173 silentium
1939 2106 2124 2192 suspiceris.

498 2212 615 2277 tenebo
637 2211 669 2276 in
692 2209 861 2275 scribendo
884 2217 1005 2275 tantam
1028 2230 1212 2276 mensuram
1234 2209 1396 2296 temporis,
1422 2217 1575 2294 quantum
1598 2210 1760 2275 internos
1782 2211 1862 2276 locis
1884 2211 2049 2277 absumus.
2090 2218 2128 2278 tu

497 2334 623 2397 quoque
644 2313 868 2399 inpatientiam
891 2313 984 2379 vince
1007 2314 1147 2393 ratione,
1181 2334 1264 2395 quae
1294 2332 1357 2378 non
1380 2313 1473 2396 sinit,
1506 2321 1542 2379 ut
1568 2313 1627 2380 tibi
1655 2312 1785 2380 cottidie
1814 2313 1942 2380 litterae
1970 2333 2064 2380 meae
2091 2314 2128 2380 in

498 2417 616 2483 vicinia
638 2416 743 2482 Rheni
765 2416 869 2501 posito
891 2436 912 2481 a
933 2423 1040 2482 nostro
1063 2417 1183 2481 Albula
1204 2415 1400 2482 deferantur.
2148 2440 2178 2481 rs

1149 2725 1314 2790 XXXIIII
1346 2746 1377 2791 a.
1397 2728 1470 2792 395.

1135 2863 1195 2928 AD
1218 2862 1480 2930 PROTADIVM.

582 3038 693 3122 Magni
717 3043 791 3102 sunt
813 3022 943 3119 quidem
966 3036 1108 3116 fructus,
1134 3054 1214 3118 quos
1237 3034 1278 3100 de
1301 3034 1415 3100 litteris
1437 3035 1502 3100 tuis
1525 3037 1633 3121 capio,
1660 3036 1719 3102 sed
1741 3037 1821 3103 liunt
1841 3037 2024 3121 uberiores,
2050 3039 2126 3105 dum

497 3141 711 3209 communium
735 3140 869 3205 fratrum
891 3160 1006 3204 manus
1030 3145 1207 3204 transeunt.
1255 3138 1374 3221 singuli
1397 3138 1481 3214 enim
1509 3139 1636 3225 scriptis
1665 3140 1730 3205 tuis
1759 3141 1800 3208 de
1829 3160 1887 3207 suo
1915 3142 2041 3225 aliquid
2067 3142 2128 3209 ad-

495 3251 627 3331 ponuut.
674 3243 734 3309 tibi
755 3242 853 3326 igitur
875 3249 1044 3328 acceptum
1068 3242 1135 3307 fero
1158 3240 1315 3326 quidquid
1345 3261 1384 3306 ex
1407 3242 1549 3307 omniurn
1571 3263 1625 3308 ore
1648 3243 1811 3326 conquiro.
1857 3245 1916 3311 sed
1937 3264 2046 3310 rursus
2069 3266 2128 3311 ex·
2149 3265 2180 3307 ao

497 3346 613 3434 pende,
640 3352 758 3431 quanto
780 3346 890 3411 labore
913 3345 1128 3431 respondeam
1150 3351 1197 3410 tot
1217 3344 1417 3428 ingeniorum
1434 3344 1617 3411 sublimium
1633 3346 1791 3413 varietati.
1831 3367 1906 3412 uam
1921 3367 2017 3433 pares
2033 3348 2125 3425 estis,

496 3473 556 3519 nec
579 3458 687 3517 tamen
709 3449 843 3515 similes.
885 3469 961 3533 ergo
984 3470 1048 3516 nou
1077 3448 1231 3514 minorem
1261 3448 1341 3513 mihi
1370 3448 1578 3533 rependenda
1606 3448 1756 3515 adferunt
1770 3448 2008 3516 ‘difficultatem
2032 3471 2127 3534 quam

455 3557 632 3640 haccepta
660 3552 876 3619 dulcedinem.
922 3553 1006 3618 hanc
1035 3551 1183 3617 omuibus
1213 3550 1362 3616 humanis
1391 3551 1520 3634 gaudiis
1549 3553 1654 3635 legem
1687 3559 1802 3618 natura
1830 3552 1928 3635 dixit,
1965 3560 2000 3621 ut
2031 3575 2128 3620 curae

498 3659 696 3743 voluptatem
727 3663 913 3740 sequautur.
960 3662 1056 3722 natae
1078 3654 1209 3720 *subolis
1237 3654 1358 3740 primus
1388 3662 1539 3739 parentes
1569 3654 1641 3720 dies
1669 3655 1803 3738 hilarat,
1839 3676 1914 3721 mox
1947 3656 1993 3741 pii
2021 3663 2128 3723 metus

497 3762 628 3827 brevem
651 3759 787 3843 gratiam
811 3759 941 3842 fugant:
976 3759 1077 3823 honor
1097 3759 1132 3823 in
1154 3757 1294 3824 exordiIs
1316 3758 1421 3824 laetus
1444 3765 1508 3840 est,
1542 3758 1660 3824 dehinc
1688 3760 1812 3824 animos
1840 3759 1987 3825 laborum
2017 3766 2128 3826 aestus
2148 3783 2181 3826 aa

497 3862 686 3948 ingreditur.
728 3862 857 3946 longum
881 3861 948 3943 fiat,
975 3861 1003 3927 si
1026 3882 1160 3947 pergam
1184 3861 1305 3926 similia
1327 3869 1507 3941 contexere,
1535 3867 1567 3927 et
1587 3861 1652 3927 iam
1674 3861 1754 3927 mihi
1775 3861 1818 3927 ad
1839 3884 1880 3928 ea
1895 3862 2127 3928 devertendum

455 3970 474 4031 3
497 3973 557 4049 est,
585 3986 667 4049 quae
690 3966 740 4030 fas
763 3965 806 4031 sit
828 3966 869 4031 de
891 3971 980 4030 tanto
1003 3964 1071 4029 viro
1095 3964 1212 4029 dicere.
1253 3972 1373 4030 temere
1393 3964 1519 4030 iurasti.
1559 3964 1705 4030 mandari
1721 3965 1804 4031 euim
1820 3967 1980 4051 periturae
1995 3966 2128 4032 chartae

498 4070 654 4156 epistulas
677 4069 821 4152 quereris
845 4075 877 4133 et
899 4067 1053 4152 allegasti
1076 4074 1276 4133 sacramento
1299 4087 1427 4134 enorme
1449 4068 1615 4134 iudicium.
1665 4068 1750 4134 itane
1773 4089 1824 4135 me
1847 4069 1940 4135 ludos
1963 4069 2060 4153 facis,
2091 4077 2129 4135 ut

498 4193 580 4259 quae
603 4171 690 4257 apud
712 4178 744 4237 te
767 4171 958 4236 incuriosius
981 4172 1103 4254 loquor,
1128 4171 1189 4250 'sin
1213 4170 1279 4235 stili
1303 4171 1453 4238 caudices
1475 4179 1532 4237 aut
1552 4172 1641 4238 tiliae
1664 4171 1842 4256 pugillares
1865 4192 1999 4239 censeas
2020 4180 2128 4239 trans-

498 4276 650 4355 ferenda,
684 4296 725 4340 ne
754 4274 860 4340 facilis
892 4282 1040 4340 senectus
1068 4273 1184 4359 papyri
1207 4274 1326 4340 scrinia
1348 4281 1551 4360 corrumpam
1595 4281 1628 4341 et
1648 4275 1838 4341 Marciorum
1862 4276 1993 4359 quidem
2015 4282 2126 4342 vatum
2148 4301 2180 4341 ao

498 4378 652 4445 divinatio
675 4376 806 4444 caducis
830 4377 999 4443 corticibus
1022 4378 1183 4443 inculcata
1206 4384 1273 4461 est,
1306 4378 1445 4444 monitus
1467 4379 1629 4444 Cumanos
1657 4378 1757 4445 lintea
1783 4386 1873 4446 texta
1901 4388 2124 4466 sumpserunt:

456 4489 474 4546 4
498 4491 533 4548 tu
556 4482 653 4547 eham
676 4479 788 4547 sericis
809 4480 1025 4546 voluminibus
1040 4481 1258 4546 Achaemenio
1281 4502 1367 4547 more
1390 4482 1517 4548 infundi
1539 4482 1662 4548 litteras
1684 4502 1774 4548 meas
1796 4482 1967 4569 praecipis.
2007 4504 2129 4566 magua

499 4592 574 4651 sunt
597 4583 796 4651 auctoritatis
819 4591 894 4649 tuac
917 4583 1071 4668 pondera,
1097 4602 1158 4648 nec
1180 4603 1310 4668 possum
1329 4584 1510 4667 ‘gratiosum
1532 4592 1656 4671 putare,
1684 4584 1769 4670 quod
1791 4592 1825 4652 tu
1840 4587 1964 4653 iuratus
1980 4587 2125 4671 allegam

587 4863 669 4912 lom.
688 4862 737 4911 VM
834 4863 894 4910 ‘tet
906 4862 1028 4911 audenter
1040 4862 1076 4922 M,
1090 4868 1120 4910 ut
1132 4863 1336 4911 emendenturV
1432 4864 1610 4913 Istatlmnon
1628 4864 1678 4912 VM
1768 4851 2095 4929 surlrebrlnlrnras.)1³

499 4952 530 5000 ds
548 4952 627 4998 emico
644 4948 716 4997 ΥΜΦ
820 4947 953 5010 ‘laIIIgatn
971 4950 1115 4997 uoluntario
1134 4955 1287 4999 sacramento
1303 4949 1445 4998 Woameren
1548 4949 1693 5012 Spraestet
1709 4951 1736 5009 V,
1758 4956 1870 5012 praestes
1890 4951 1925 5013 M,
1945 4958 2058 5015 praestus
2078 4951 2125 5016 (Γ)

498 5035 705 5085 sullasPam.
723 5033 772 5083 VM
867 5035 1071 5084 litterasPVm.
1091 5034 1141 5082 VM
1245 5034 1276 5084 10
1294 5036 1415 5084 dodonam
1432 5036 1633 5099 (odotnros.)P
1728 5037 1823 5087 delhcls
1836 5037 1887 5086 PM
1991 5038 2021 5088 12
2039 5039 2128 5088 locun·

497 5122 585 5171 turV
703 5122 839 5183 suspicerls
858 5135 918 5170 corr.
940 5134 968 5169 cn
986 5121 1163 5184 suspicarisP
1288 5120 1319 5171 13
1337 5126 1408 5172 tanta
1427 5121 1472 5171 ΡΙ
1487 5138 1521 5171 m.
1653 5123 1684 5173 14
1702 5125 1853 5186 lupatlantla
1870 5125 1945 5173 ulnce
1962 5126 2130 5173 rstlouemV

500 5208 531 5258 15
549 5204 656 5275 uiciate]
676 5207 782 5272 Pam,
802 5209 888 5256 ulelns
907 5207 1000 5257 le.
1020 5206 1069 5255 VM
1170 5208 1297 5256 nostreV

586 5294 616 5343 17
635 5308 683 5345 om.
707 5293 757 5342 VM
884 5292 915 5343 19
933 5307 979 5356 per
997 5295 1167 5343 communlum
1190 5293 1288 5358 VM(I')
1418 5294 1448 5345 21
1469 5298 1575 5357 pareatis
1594 5295 1688 5344 le.
1817 5293 1850 5345 22
1869 5296 2023 5360 rependendi
2046 5297 2094 5345 VM

498 5380 741 5444 qnsmom.P1m.
842 5379 876 5429 24
894 5376 1001 5446 subolts]
1014 5379 1072 5443 ΓΦ,
1086 5382 1166 5429 suboll
1180 5380 1216 5442 M,
1231 5383 1331 5431 suboles
1344 5381 1392 5429 PV
1482 5382 1850 5445 prlmnparentesdlePPm.
1950 5383 1984 5433 26
2002 5385 2094 5434 lustV

497 5468 561 5517 mlhl
577 5468 606 5516 ad
627 5468 713 5516 eadem
732 5468 880 5516 uertendum
899 5472 939 5516 est
962 5465 1017 5528 VM,
1043 5481 1073 5514 aa
1091 5466 1153 5515 mihi
1171 5467 1354 5516 aduertendum
1372 5473 1412 5517 est
1429 5467 1457 5517 Γ
1591 5468 1622 5517 21
1643 5474 1724 5519 cartae
1743 5468 1839 5518 Pam.
1860 5468 1916 5527 VM,
1942 5474 2010 5519 certo
2028 5470 2074 5519 Pl
2088 5487 2123 5520 m.

498 5554 531 5604 28
550 5561 577 5602 et
593 5554 680 5603 om.P
798 5550 910 5620 enorme]
928 5549 1022 5604 inllme
1041 5553 1064 5600 P
1076 5558 1088 5601 1
1101 5569 1136 5601 m.
1261 5552 1295 5602 29
1313 5554 1371 5614 sort.
1393 5554 1464 5604 scrtb.
1485 5556 1512 5603 iu
1530 5557 1586 5603 citri
1605 5556 1734 5618 mudlccsg
1755 5554 1785 5603 de
1805 5555 1924 5619 ‘paudum
1942 5558 2127 5606 immortalitate

497 5640 636 5702 moterlae’,
656 5655 717 5703 qnae
735 5642 763 5688 ta
780 5643 841 5688 citro
859 5639 1016 5702 uocabatur,
1038 5640 1072 5700 cs.
1094 5640 1161 5689 Plta.
1182 5640 1205 5688 l.
1224 5654 1251 5689 n.
1273 5642 1347 5701 Xlll,
1369 5643 1418 5689 101
1532 5641 1689 5700 caudices?
1802 5641 1835 5691 30
1854 5656 1902 5705 nec
1919 5641 1943 5690 Ρ
2053 5657 2127 5692 sena·

499 5734 541 5776 tus
563 5726 613 5775 VM
715 5722 819 5793 scrinia]
835 5740 888 5789 epo,
909 5727 1038 5788 scrinta(?)
1056 5726 1101 5774 Pl
1116 5742 1161 5789 aa,
1182 5728 1273 5787 scripta
1292 5727 1386 5776 Pam.
1405 5728 1453 5775 VM
1556 5729 1699 5777 mertiorum
1721 5727 1772 5775 VM
1882 5727 1914 5777 32
1933 5730 2013 5778 stricls
2038 5730 2063 5790 V,
2084 5744 2126 5789 sy·

498 5814 556 5861 ricls
575 5810 604 5859 M
706 5812 851 5860 athamanto
873 5813 900 5873 V,
920 5812 1067 5873 schymenlo
1085 5811 1113 5859 M
