4744 6476
511 501 573 559 274
1111 493 1307 551 SYMMACHI
1325 489 1536 549 EPISTVLAE

453 686 603 767 licerit,
635 685 669 749 in
697 704 811 749 manus
840 683 909 749 eius
932 683 1032 749 facies
1054 683 1241 768 pervenire3
1274 681 1365 746 aliud
1387 681 1473 747 enim
1495 679 1694 744 salubritatis
1716 698 1819 761 genus
1842 678 1985 743 condicio
2007 685 2132 763 tempo-

508 809 576 853 rum
605 808 668 853 non
690 786 846 873 permittit
867 785 1024 852 adhiberi.
1071 786 1144 850 volo
1167 792 1274 850 autem
1297 784 1381 849 scias
1404 821 1446 830 —
1469 791 1501 848 et
1523 789 1636 867 sponte
1658 801 1715 865 pro
1738 781 1880 847 amicitia
1902 788 2011 846 nostra
2033 781 2134 847 debes

507 889 675 955 advertere
696 927 739 936 -
762 909 871 954 curam
901 908 958 974 pro
988 896 1020 953 te
1050 908 1154 953 meam
1177 907 1241 952 non
1264 887 1449 952 desiderare
1472 886 1676 964 monitorem,
1711 884 1770 949 sed
1792 904 1855 948 non
1877 903 1972 968 posse
1995 883 2135 969 amplius

507 992 584 1071 fieri,
610 1012 707 1074 quam
732 999 766 1056 ut
787 991 845 1058 tibi
868 990 1009 1057 animum
1033 991 1258 1076 disceptatoris
1280 989 1392 1074 petitio
1414 997 1524 1055 nostra
1546 987 1703 1053 conciliet.

934 1212 1156 1280 cxxxxmr
1182 1213 1322 1295 (cxxv.
1340 1212 1436 1294 exv)
1471 1233 1502 1276 a.
1522 1213 1705 1276 ass-coo.
2155 1227 2166 1266 ι

593 1370 703 1436 Ludos
726 1369 902 1454 praetorios
926 1387 1174 1453 praeparamus,
1208 1387 1341 1450 quornm
1364 1375 1494 1431 omatus
1516 1365 1687 1449 peregrina
1709 1363 1864 1428 animalia
1887 1363 2066 1444 desiderat,
2102 1372 2135 1429 ut

507 1494 588 1538 novo
611 1474 699 1538 cultu
722 1474 866 1538 Romana
888 1472 1095 1556 splendescat
1116 1470 1227 1535 editio.
1273 1471 1416 1536 addaces
1438 1469 1537 1552 igitur
1557 1478 1589 1534 et
1611 1488 1774 1552 pygargos
1804 1474 1824 1546 i·
1832 1467 1938 1531 studio
1961 1467 2038 1531 milri
2062 1474 2135 1551 opto

507 1576 675 1661 praestari,
700 1596 835 1658 quorum
859 1574 985 1660 copiam
1008 1574 1101 1637 limes
1125 1573 1215 1638 vobis
1238 1574 1390 1638 finitimus
1414 1572 1644 1638 subministrat.
1685 1571 1820 1652 dignare
1842 1570 1941 1652 igitur
1962 1569 2134 1634 amicitiam

507 1688 646 1744 nostram
676 1677 783 1743 votivo
813 1677 945 1761 pignore
975 1677 1159 1753 foederare;
1193 1697 1255 1741 non
1284 1697 1338 1741 ero
1361 1677 1454 1760 inpar
1475 1674 1517 1740 ad
1540 1673 1793 1740 vicissitudinem
1816 1672 2074 1757 rependendam,
2108 1672 2136 1736 si

506 1782 586 1865 quid
608 1781 705 1847 etiam
729 1788 803 1845 tuus
826 1799 904 1845 usus
926 1779 1081 1862 exegerit.
1748 1846 1749 1850 Ἰ
2155 1796 2183 1835 ro

1064 2001 1247 2069 cxxxxv
1270 2001 1427 2081 (cxxvi.
1447 2001 1577 2081 cxvi).

594 2157 691 2244 Spem
720 2158 799 2223 mihi
829 2157 987 2223 adventus
1015 2157 1061 2221 tui
1091 2156 1132 2222 de
1164 2157 1259 2239 longo
1289 2163 1430 2239 tempore
1464 2155 1657 2238 pollicebar3
1694 2162 1728 2219 tu
1763 2155 1860 2221 etiam
1893 2174 1978 2219 nune
2011 2155 2052 2220 de
2086 2175 2136 2220 me

508 2263 696 2345 scriptorum
728 2261 816 2326 vices
844 2260 990 2345 postulas
1021 2266 1053 2324 et
1082 2258 1265 2323 diuturnam
1294 2257 1528 2339 quodammodo
1558 2257 1691 2323 minaris
1719 2258 1913 2323 absentiam.
1960 2257 2136 2340 namquid

508 2364 570 2429 sibi
592 2365 662 2429 vult
683 2363 784 2428 mutui
808 2363 920 2428 solacii
943 2362 1126 2446 postulatio,
1154 2362 1181 2427 si
1204 2361 1326 2427 reditus
1348 2366 1545 2446 apparatur?
1567 2360 1595 2425 si
1618 2359 1696 2441 quid
1718 2360 1817 2443 igitur
1838 2360 1926 2445 apud
1946 2368 1978 2425 te
1995 2359 2137 2425 consiliis

507 2466 589 2532 meis
611 2467 673 2532 loci
696 2474 756 2549 est,
783 2466 904 2531 suadeo
927 2465 1038 2531 urbem
1061 2465 1195 2545 revisas,
1221 2464 1382 2546 adquam
1405 2470 1436 2529 te
1458 2473 1491 2528 et
1513 2482 1604 2528 amor
1625 2463 1747 2529 civicus
1769 2470 1864 2529 vocat
1886 2472 1918 2528 et
1940 2484 2018 2528 cura
2035 2484 2137 2545 quae-
2156 2484 2184 2523 rs

508 2568 620 2651 storia,
653 2570 744 2635 cuius
766 2578 960 2654 apparatus,
994 2567 1122 2633 etiamsi
1145 2568 1252 2652 copias
1274 2567 1384 2632 divitis
1407 2562 1522 2647 habet,
1549 2565 1682 2649 requirit
1704 2572 1811 2631 tamen
1834 2564 2037 2649 diligentiam
2061 2586 2138 2631 can-

507 2671 620 2738 didati.
667 2673 753 2739 vale.

1038 2890 1240 2961 cxxxxvr
1264 2892 1436 2976 (cxxvn
1456 2892 1601 2974 exunt.

594 3050 762 3132 Animum,
788 3070 883 3133 quem
905 3048 998 3115 nobis
1021 3047 1189 3133 rependis,
1216 3048 1406 3132 agnovimus
1428 3048 1602 3113 recentium
1627 3049 1710 3115 serie
1733 3049 1928 3127 litterarum,
1954 3048 2012 3114 sed
2035 3049 2137 3115 mole·

509 3163 557 3221 ete
586 3154 718 3219 ferimus
740 3154 841 3227 ,buius
869 3153 1011 3218 muneris
1040 3152 1202 3217 raritatem
1233 3159 1266 3217 et
1293 3151 1368 3217 ideo
1398 3151 1619 3231 adhortamur,
1653 3159 1688 3217 ut
1717 3151 1900 3233 frequenter
1922 3150 2065 3236 adripias
2086 3152 2136 3215 in·
2155 3171 2184 3212 aa

508 3258 628 3323 dicium
655 3256 821 3321 familiaris
849 3254 958 3321 oflicii.
1006 3254 1117 3340 petitio
1146 3261 1202 3319 tua
1231 3273 1328 3338 super
1357 3254 1535 3320 hereditate
1559 3276 1586 3320 c.
1613 3276 1656 3319 m.
1682 3275 1713 3319 v.
1740 3255 1955 3336 Audireque
1979 3255 2055 3320 mihi
2080 3274 2137 3320 ne-

507 3381 571 3444 que
594 3359 684 3440 aliis,
717 3359 772 3442 qui
796 3359 844 3423 tui
866 3379 974 3424 euram
998 3365 1131 3441 gerunt,
1157 3357 1334 3441 probabilis
1357 3358 1428 3422 visa
1450 3365 1509 3423 est.
1558 3379 1633 3422 nam
1655 3378 1738 3440 quae
1761 3357 1828 3423 iure
1851 3377 1890 3422 ao
1913 3356 2042 3440 legibus
2064 3363 2138 3449 sunt

468 3463 636 3537 trelicta,
675 3462 811 3528 alienari
843 3461 1067 3546 impetratione
1101 3481 1164 3526 non
1199 3467 1342 3544 possunt.
1389 3460 1475 3544 quod
1509 3461 1555 3525 ita
1583 3481 1655 3526 esse
1687 3460 1932 3526 Valentinianus
1961 3461 2137 3525 communis

510 3567 632 3633 amiens
654 3572 807 3651 expertus
830 3572 889 3645 est,
915 3563 971 3647 qui
994 3583 1189 3648 magnopere
1212 3564 1387 3641 laboravit,
1414 3573 1449 3629 ut
1471 3563 1611 3646 aliquid,
1638 3564 1666 3629 si
1688 3563 1759 3629 fieri
1781 3571 1906 3646 posset,
1933 3567 2131 3646 exculperet:

509 3669 567 3735 sed
590 3689 662 3735 eum
685 3668 869 3751 refragante
891 3666 1014 3731 iustitia
1037 3666 1178 3731 deseruit
1201 3665 1320 3731 laboris
1343 3666 1489 3731 effectus.
1535 3665 1669 3749 proinde
1692 3666 1820 3749 siquid
1843 3665 1922 3730 mihi
1944 3665 2060 3748 credis,
2086 3686 2137 3732 re-
2155 3685 2185 3727 rs

510 3793 601 3838 move
623 3793 644 3836 a
664 3777 696 3837 te
720 3771 815 3836 huius
837 3769 999 3854 petitionis
1021 3768 1193 3848 invidiam,
1225 3769 1431 3852 quodetiam
1454 3769 1590 3834 consorti
1614 3768 1777 3852 petitionis
1799 3776 1874 3835 tuae
1897 3776 1971 3855 opto
1994 3769 2132 3836 suaderi.

509 3876 593 3940 malo
615 3874 699 3939 enim
723 3873 815 3938 vobis
837 3872 995 3953 integram
1018 3890 1092 3937 esse
1114 3872 1235 3937 famam
1258 3891 1353 3953 quam
1376 3872 1515 3955 inputari
1539 3871 1721 3937 huiusmodi
1744 3872 1941 3957 petitionem.
1982 3873 2063 3939 haee
2087 3893 2136 3938 me

508 3977 612 4044 amice
627 3984 659 4043 et
673 3976 814 4060 benigna
829 3975 915 4041 circa
928 3982 960 4040 te
975 3975 1140 4040 voluntate
1156 3973 1303 4055 suadere,
1329 3994 1386 4058 pro
1401 3981 1513 4039 mutua
1527 3974 1560 4037 in
1576 3994 1636 4038 nos
1651 3975 1822 4058 diligentia
1838 3995 2062 4059 recognosces;
2087 3976 2137 4040 in-

509 4080 638 4163 tellegis
660 4080 757 4160 enim,
783 4078 863 4143 nibil
879 4098 930 4143 me
944 4079 1049 4161 magis
1066 4097 1161 4160 quam
1177 4076 1446 4143 existimationem
1463 4076 1669 4142 familiarium
1685 4085 1863 4144 nostrorum
1879 4079 1997 4144 debere
2014 4099 2133 4144 curare.

1013 4270 1231 4368 oxxxrrvn
1257 4300 1448 4384 (cxxvm.
1467 4300 1630 4382 oxvmr.
2156 4321 2186 4362 o

594 4458 681 4524 More
714 4457 922 4538 institutoque
957 4456 1109 4521 maiorum
1142 4457 1299 4521 incestum
1331 4455 1546 4538 Primigeniae
1581 4454 1701 4520 dudum
1732 4454 1819 4538 apud
1849 4455 1965 4520 Albam
1996 4456 2137 4522 Vestalis

510 4561 662 4628 antistitis
696 4559 824 4641 collegii
853 4558 952 4624 nostri
981 4558 1163 4639 disquisitio
1194 4557 1424 4641 deprehendit,
1462 4557 1549 4639 quod
1579 4563 1611 4621 et
1638 4557 1758 4640 ipsius,
1795 4576 1879 4639 quae
1909 4558 2139 4625 contaminarit

510 4663 696 4748 pudicitiam
726 4682 869 4741 sacram,
902 4669 934 4727 et
962 4660 1110 4742 Maximi,
1145 4681 1217 4725 cum
1247 4680 1310 4742 quo
1340 4659 1516 4725 nefandum
1547 4659 1672 4724 facinus
1702 4658 1849 4740 admisit,
1883 4660 2137 4728 confessionibus

510 4766 681 4845 claruisse,
717 4771 810 4847 gesta
838 4769 1006 4829 testantur.
1055 4770 1169 4845 restat,
1204 4770 1239 4828 ut
1266 4763 1301 4827 in
1331 4781 1405 4844 eos,
1438 4762 1492 4844 qui
1522 4761 1732 4827 caerimonias
1755 4762 1901 4846 publicas
1923 4763 2137 4829 abominando

403 4866 405 4870 ’
510 4869 631 4934 scelere
653 4868 852 4953 polluerunt,
879 4867 987 4948 legum
1016 4866 1172 4932 severitas
1196 4872 1361 4944 exeratur,
1387 4884 1471 4948 quae
1494 4865 1551 4930 tibi
1575 4865 1658 4930 actio
1682 4865 1723 4930 de
1746 4865 1881 4950 proximi
1905 4865 2058 4949 temporis
2081 4886 2138 4932 ex·
2156 4887 2187 4925 as

510 4972 616 5056 emplo
647 4978 775 5035 servata
804 4978 870 5047 est;
905 4978 937 5035 et
964 4969 1037 5033 ideo
1068 4969 1268 5052 dignaberis,
1302 4968 1383 5051 reip.
1414 4967 1583 5033 utilitatem
1607 4968 1760 5052 legesque
1783 4966 1990 5032 considerans
2013 4968 2138 5034 facinus

510 5074 633 5139 eunetis
656 5093 757 5156 usque
780 5072 822 5136 ad
846 5072 931 5136 huno
953 5072 1037 5137 diem
1061 5071 1200 5137 saeculis
1223 5071 1428 5136 severissime
1451 5069 1645 5136 vindicatum
1663 5077 1870 5153 conpetenter
1886 5069 2010 5135 ulcisci.
2051 5073 2134 5139 vale.

598 5352 609 5399 l
630 5353 751 5413 temporis
771 5348 815 5410 {Pl

597 5437 612 5485 'l
631 5433 725 5502 studio]
745 5436 809 5499 (HJ,
831 5442 874 5484 tuo
893 5437 978 5485 studio
997 5438 1103 5496 leretur,
1124 5435 1185 5495 sort.
1205 5436 1412 5497 struthionesque
1517 5434 1665 5482 tlfenerare
1687 5436 1713 5483 0.
1733 5437 1758 5483 F.
1781 5435 1815 5485 W.
1834 5435 1936 5484 Mueller

600 5520 629 5570 14
649 5523 698 5569 lam
716 5527 818 5583 paratur
838 5520 874 5583 (Γ
878 5533 884 5583 q

597 5606 629 5656 24
648 5605 805 5675 exculperet]
822 5623 881 5670 epo,·
909 5610 943 5669 cs.
965 5611 1008 5656 ret.
1029 5610 1071 5669 31,
1096 5612 1142 5667 11,·
1164 5610 1210 5671 13,
1239 5609 1386 5656 excluderet
1407 5607 1475 5669 (11),
1506 5612 1637 5654 excuteret
1659 5604 1701 5667 (F)
1843 5606 1876 5656 26
1895 5602 1974 5672 qood]
1995 5622 2070 5670 quam
2092 5605 2133 5669 (Γ)

512 5692 544 5742 28
563 5691 733 5760 recognosces]
752 5695 853 5751 Porcus,
875 5696 1028 5753 recognoscis
1050 5694 1116 5755 llll,
1136 5697 1287 5755 recognoscit
1309 5692 1355 5754 (Pr

599 5778 774 5846 assertore]
795 5781 846 5843 (H)
868 5782 900 5841 qd
920 5779 949 5841 Γ,
970 5796 1034 5842 quse
1053 5783 1098 5828 tibi
1117 5795 1218 5843 quoque
1237 5782 1343 5844 proximi
1364 5781 1483 5841 temporis
1501 5782 1617 5840 exemplo
1636 5779 1758 5827 seruanda
1777 5786 1817 5827 ost
1833 5780 1894 5829 Seru
