4746 6472
1034 508 1149 564 LIBER
1164 509 1202 564 II.

820 870 940 935 cxxv
959 869 1136 953 (nxxnn)
1175 890 1205 934 a.
1226 871 1408 935 nse-eol.

768 1007 1028 1075 sununcnvs
1049 1006 1268 1073 rerumne
1290 1007 1460 1072 annuns

388 1180 467 1246 (lum
490 1181 524 1245 in
545 1180 665 1247 iudicio
687 1180 909 1266 praefecturae
931 1179 1056 1246 famosa
1079 1196 1178 1244 causa
1198 1177 1362 1264 penderet,
1389 1179 1570 1263 Dyscolius,
1597 1181 1651 1264 qui
1674 1180 1750 1246 furti
1770 1182 1931 1250 detulerat

303 1285 460 1350 actionem
490 1283 670 1368 multosque
699 1283 799 1349 nestri
829 1282 950 1348 ordinis
980 1282 1066 1349 vires
1094 1280 1314 1349 criminatione
1342 1282 1590 1368 perstrinxerat,
1623 1284 1745 1349 occulte
1771 1305 1843 1350 cum
1866 1286 1930 1352 reis

269 1409 283 1447 c
304 1386 384 1451 inita
405 1387 552 1471 pactione
575 1408 638 1453 non
662 1386 731 1453 sine
754 1385 977 1472 disceptatoris
999 1385 1124 1452 invidia
1145 1385 1243 1452 elusit
1264 1405 1410 1451 examen.
1459 1384 1502 1450 ad
1530 1383 1626 1451 huius
1648 1385 1929 1470 investigationem

302 1490 420 1556 missus
442 1490 617 1575 apparitor,
643 1491 672 1556 si
694 1490 965 1576 praetorianorum
988 1488 1217 1555 adminiculum
1241 1488 1399 1571 sortiatur,
1425 1488 1595 1573 proclivior
1617 1488 1648 1554 ei
1670 1488 1807 1556 facultas
1831 1499 1932 1558 retra-

302 1593 400 1659 hendi
433 1593 629 1660 accusatoris
662 1593 800 1659 eveniet.
847 1593 982 1659 interest
1013 1592 1113 1676 igitur
1145 1592 1294 1677 publicae
1327 1592 1520 1676 disciplinae
1550 1591 1710 1674 simulque
1740 1594 1781 1659 ad
1811 1594 1929 1660 famam

302 1696 440 1781 pertinet
461 1696 651 1779 cognitoris,
686 1702 721 1761 ut
742 1716 815 1761 eum
838 1715 962 1761 summo
984 1695 1091 1760 studio
1115 1694 1327 1777 conquisitum
1350 1694 1459 1760 reduci
1482 1695 1515 1759 in
1536 1693 1691 1759 iudicium
1714 1697 1774 1762 snb
1797 1697 1931 1764 custode

304 1798 495 1885 praecipias,
521 1820 563 1865 no
584 1799 800 1865 innocentiam
822 1805 1006 1865 senatorum
1028 1796 1167 1864 obnoxia
1188 1797 1369 1863 rumoribus
1391 1798 1532 1883 suspicio
1554 1796 1726 1865 decoloret.

254 2097 284 2137 lo
887 2072 1024 2138 cxxvi
1042 2071 1183 2157 (cxxv)
1221 2094 1253 2138 a.
1273 2074 1347 2137 sea.

771 2209 1032 2276 arnuncuvs
1053 2208 1272 2276 rmvrlno
1294 2210 1462 2275 rusum.

391 2386 489 2449 Amor
511 2391 586 2450 tuus
607 2385 642 2448 in
663 2382 837 2449 Domitium
861 2388 953 2448 nctus
976 2387 1009 2447 ct
1030 2381 1159 2447 validus
1181 2381 1303 2447 ademit
1325 2381 1404 2447 mibi
1427 2385 1672 2451 commendandi
1687 2386 1758 2451 eius
1777 2386 1930 2470 laborem,
2008 2426 2009 2429 =

307 2508 362 2572 pro
384 2508 447 2572 quo
469 2488 529 2552 boc
551 2493 674 2552 tantum
698 2485 821 2552 dixisse
843 2485 1023 2567 suffecerit,
1056 2485 1135 2550 mibi
1164 2505 1290 2568 quoque
1319 2484 1456 2550 eundem
1485 2487 1592 2570 prisca
1617 2486 1836 2554 familiaritate
1858 2510 1934 2555 con·
2041 2537 2044 2543 ,

307 2590 406 2673 iungi.
453 2610 537 2673 quae
566 2610 618 2656 res
641 2589 690 2655 illi
711 2588 941 2655 incrementum
964 2587 1133 2674 patrocinii
1156 2588 1221 2670 tui,
1254 2594 1290 2654 nt
1311 2608 1423 2673 spero,
1453 2590 1640 2674 praestabit.
1688 2592 1933 2674 probabiliorem

256 2719 287 2758 rc
306 2692 425 2779 quippe
447 2713 520 2758 enm
543 2693 602 2759 tibi
625 2691 723 2758 faciet
744 2692 922 2759 communis
945 2691 1120 2758 similitudo
1141 2691 1263 2757 iudicii.
1310 2691 1435 2758 interea
1457 2710 1515 2757 nos
1537 2692 1622 2758 ursis
1644 2714 1744 2778 saepe
1765 2695 1931 2780 promissis
1954 2697 1973 2756 2

307 2804 340 2862 et
361 2797 416 2862 diu
440 2795 580 2880 speratis
602 2797 662 2862 sub
684 2795 754 2880 ipso
776 2796 911 2861 articulo
933 2794 1075 2861 muneris
1097 2794 1291 2879 indigemus.
1338 2795 1393 2861 vix
1422 2795 1507 2861 enim
1537 2816 1657 2882 paucos
1680 2798 1803 2864 catulos
1826 2818 1934 2864 macc-

305 2906 391 2966 ratos
420 2899 530 2966 inedia
560 2906 593 2965 et
622 2899 731 2964 labore
760 2898 973 2983 suscepimus.
1021 2899 1117 2964 etde
1139 2896 1287 2964 leonibus
1309 2897 1397 2965 fama
1418 2899 1585 2984 conticuit,
1618 2920 1751 2983 quorum
1774 2900 1933 2968 adventus

304 3010 414 3087 posset
436 3002 573 3083 efficere,
601 3008 636 3067 ut
658 3022 801 3068 ursomm
825 3000 987 3067 defectum
1010 3001 1193 3085 congressio
1216 3001 1337 3085 Libyca
1358 3009 1554 3086 repensaret.
1594 3003 1722 3069 unciam
1745 3003 1838 3089 panis
1861 3006 1973 3069 ma-3
2087 2980 2098 2993 '¹

305 3106 411 3172 liticse
441 3112 474 3172 et
503 3112 624 3172 temere
653 3105 831 3172 restitutam
862 3111 1042 3191 spontanea
1066 3106 1217 3171 voluntas
1239 3104 1349 3190 populi
1372 3104 1498 3188 redegit
1519 3105 1553 3171 in
1574 3106 1696 3192 copiam
1719 3106 1929 3173 conditorum.

255 3232 287 3272 ro
306 3216 375 3274 tuta
401 3209 501 3292 igitur
527 3208 634 3274 omnia
655 3214 752 3292 atque
775 3229 889 3275 secura
911 3214 999 3290 sunt,
1032 3228 1115 3291 qnae
1138 3208 1280 3273 animum
1301 3214 1390 3273 tunm
1413 3208 1483 3274 iure
1506 3208 1703 3276 mordebant.
1751 3216 1847 3294 atque
1869 3210 1933 3275 uti-

305 3333 380 3377 num
402 3311 634 3387 sollicitudines
657 3310 856 3395 quaestorias
877 3332 937 3397 par
958 3330 1165 3377 successuum
1187 3310 1326 3377 felicitas
1348 3310 1545 3397 mitigasset!
1594 3314 1694 3378 vale..

801 3636 805 3643 ,
870 3567 1022 3633 cxxvn
1042 3568 1200 3652 (nxxvp
1234 3589 1265 3634 a.
1285 3571 1359 3633 aea.

772 3705 1033 3771 sruuncnvs
1056 3705 1273 3772 runvrnno
1295 3706 1464 3772 rusum.

393 3879 534 3945 Editioni
557 3879 699 3945 muneris
722 3878 822 3944 nostri
845 3885 877 3944 et
899 3879 1018 3944 usitata
1040 3899 1061 3943 a
1082 3884 1114 3944 te
1137 3886 1170 3944 ct
1190 3879 1320 3944 insolita
1341 3879 1560 3959 conferuntur;
1593 3881 1640 3946 ita
1661 3883 1768 3947 omnia
1789 3883 1832 3949 ad
1855 3904 1930 3948 con-

254 4006 286 4048 ns
305 3983 480 4049 eiliandum
502 3982 664 4065 quaestori
686 3989 794 4047 nostro
816 3981 923 4065 plebis
946 3980 1086 4046 favorem
1109 3987 1142 4047 et
1163 3980 1366 4047 sollemnium
1388 4002 1493 4047 rerum
1517 3983 1628 4066 largus
1649 3990 1683 4050 et
1704 4004 1856 4051 novarum
1880 4008 1931 4053 re-

306 4093 411 4171 pertor
433 4085 609 4169 excogitas.
649 4091 685 4150 ut
706 4104 790 4149 nunc
812 4091 935 4170 septem
959 4084 1166 4150 Scctticorum
1189 4105 1303 4150 canum
1326 4085 1474 4169 probavit
1494 4086 1625 4170 oblatio,
1651 4106 1731 4170 quos
1753 4088 1931 4172 praelusio

302 4189 353 4255 nis
381 4188 433 4256 die
463 4188 509 4254 ita
532 4190 633 4254 Roma
662 4189 778 4254 mirata
806 4194 871 4269 est,
905 4194 941 4254 ut
970 4187 1081 4254 ferreis
1112 4186 1221 4253 caveis
1251 4193 1378 4273 putaret
1404 4187 1566 4254 advectos.
1614 4210 1689 4273 ergo
1712 4197 1744 4257 et
1766 4190 1860 4256 buius
1883 4193 1930 4257 rei

302 4313 401 4359 causa
429 4299 462 4359 et
491 4299 659 4377 praeterea
686 4312 853 4358 munerum
883 4298 1075 4371 ceterorum,
1111 4298 1249 4374 quantas
1279 4291 1437 4356 maximas
1467 4310 1597 4376 possum
1628 4293 1686 4359 tibi
1709 4294 1831 4377 gratias
1853 4316 1926 4378 ago,

302 4397 377 4462 licet
397 4396 431 4461 in
455 4396 513 4477 iis,
545 4416 628 4479 quae
655 4393 798 4461 studiose
826 4393 978 4460 frutribus
1001 4414 1058 4480 pro
1080 4392 1303 4478 magnitudine
1325 4394 1425 4459 animi
1447 4394 1493 4459 tui
1516 4395 1647 4478 tribuis,
1681 4397 1871 4463 beneficium
1897 4405 1930 4464 te

255 4524 285 4564 ao
303 4521 365 4565 non
389 4506 483 4585 putes
505 4505 669 4584 praestare
692 4497 752 4565 sed
773 4517 910 4564 sumere.

855 4754 1025 4820 LXXVIII
1046 4756 1219 4838 (LXXVII)
1253 4777 1284 4821 a.
1304 4759 1378 4820 394.

769 4892 1029 4959 SYMMAOHVS
1051 4892 1269 4958 FLAVIANO
1292 4894 1461 4958 FRATRI.

388 5071 467 5135 Pars
494 5069 658 5134 hominum
692 5067 771 5150 [alii]
805 5063 993 5151 conpendiis
1021 5070 1055 5130 et
1082 5065 1271 5148 quaestibus
1301 5065 1460 5149 gaudent,
1494 5087 1545 5131 mc
1575 5067 1682 5133 votiva
1711 5067 1851 5133 delectat
1873 5088 1930 5134 ex-

304 5173 427 5257 pensio.
473 5173 583 5255 itaque
614 5170 729 5236 avidus
752 5169 874 5235 civicae
896 5168 1021 5253 gratiae
1043 5168 1233 5251 quaestoriis
1255 5168 1314 5233 filii
1336 5169 1400 5234 mei
1423 5169 1601 5253 sumptibus
1624 5169 1737 5235 studeo
1759 5169 1850 5236 aliud
1873 5191 1932 5252 gc-

254 5300 285 5339 eu
304 5296 364 5342 nus
385 5275 546 5359 largitatis
568 5273 712 5354 adicere,
748 5278 783 5338 ut
809 5272 973 5338 curulibus
995 5270 1134 5336 stabulis
1156 5271 1245 5337 urbis
1268 5278 1419 5338 aeternae
1442 5271 1538 5338 etiam
1561 5272 1660 5356 quine
1682 5272 1843 5358 mancipia
1866 5274 1930 5338 lar-

389 5553 403 5602 3
422 5553 542 5603 discolius
555 5552 577 5601 P
655 5551 672 5601 d
691 5547 770 5617 ulros]
780 5549 810 5611 Γ,
825 5551 907 5599 urrlos
921 5549 944 5596 P
954 5553 966 5597 1
976 5565 1023 5613 m.,
1038 5550 1107 5598 ueris
1118 5548 1165 5597 P?
1174 5565 1222 5612 m.,
1235 5549 1294 5612 furt.
1308 5551 1402 5599 uitiosa
1414 5549 1587 5597 crlmlrretlono
1668 5548 1684 5597 6
1697 5554 1826 5611 appetatur
1841 5549 1882 5598 Pr
1894 5567 1928 5601 m.

391 5638 422 5689 18
439 5637 565 5699 lybicaP
669 5637 701 5687 19
718 5633 827 5703 copiam]
845 5636 970 5698 Latr'niue,
992 5635 1102 5698 coplsP
1203 5635 1233 5685 21
1256 5651 1312 5698 pars
1332 5637 1355 5684 P

387 5726 420 5775 28
438 5726 532 5787 gratias
549 5726 595 5773 tibi
615 5723 660 5787 (Γ)
766 5722 799 5772 29
817 5721 901 5770 blsP

387 5812 420 5861 33
438 5812 482 5860 ulli
499 5811 548 5860 del.
570 5812 678 5873 leretur,
698 5810 755 5859 eliis
772 5810 815 5858 elii
833 5809 931 5873 Haupt,
950 5811 1011 5859 meli
1030 5809 1165 5873 conpendii
1183 5809 1331 5872 quaestibus
1350 5806 1488 5856 Morumscru
1593 5806 1725 5870 conpendli
1745 5805 1790 5855 Pl
1805 5824 1839 5856 m.

380 5912 406 5966 Q.
420 5914 534 5956 ivamus
548 5912 698 5955 simonve.
1709 5910 1725 5959 9
