4686 6472
818 497 868 550 DE
887 494 1084 551 SYMMACHI
1102 496 1367 552 ORATIONIBVS.
1861 501 1909 564 Xl

270 718 434 803 insipiens
465 718 762 803 interpretationem
795 719 1010 784 necessariam
1045 719 1176 787 credere
1210 720 1323 807 possit.
1377 719 1451 787 sed-
1468 721 1620 787 mendum
1654 722 1867 807 explicatus*
1883 725 1910 788 si

270 858 456 919 sumamus,
489 839 718 924 Symmachum
741 839 775 904 in
804 839 909 924 prima
931 839 1070 905 editione
1099 842 1246 926 posuisse
1276 846 1382 905 merito
1409 864 1490 906 uuae
1512 864 1627 927 quoquae
1650 845 1777 907 libenter
1798 846 1910 909 obtem-

268 969 396 1042 perant,
423 960 509 1042 quod
531 981 603 1025 cum
625 960 659 1025 in
682 960 824 1026 secunda
846 961 943 1045 paulo
966 962 1083 1026 elatius
1106 962 1284 1046 exprimere
1306 963 1414 1043 vellet,
1441 963 1578 1047 margini
1601 984 1673 1029 eum
1696 965 1909 1049 adscripsisse

271 1085 417 1143 certatim
439 1084 472 1143 iu
494 1083 632 1144 omuibus
651 1092 782 1164 pareat,
808 1080 974 1146 librarium
997 1088 1104 1147 autem
1128 1089 1297 1166 utrumque
1319 1083 1353 1148 in
1375 1090 1559 1149 contextum
1582 1085 1753 1171 recepisse.

360 1200 567 1265 Simillimum
590 1208 654 1282 est,
680 1201 767 1284 quod
789 1223 822 1286 p.
848 1205 922 1283 336,
951 1207 989 1267 18
1012 1202 1146 1285 legitur:
1189 1224 1235 1265 me
1257 1225 1372 1287 quoquc
1396 1208 1426 1267 ia
1448 1207 1502 1269 bac
1524 1209 1639 1289 aepctr'o
1661 1210 1792 1289 copitari
1812 1209 1902 1288 decet,

270 1325 328 1405 qui
348 1324 428 1386 soleo
450 1342 541 1405 apere
563 1325 693 1405 pretias,
724 1325 778 1405 qui
798 1323 958 1385 obliterari
978 1323 1136 1405 benefacta
1158 1345 1218 1386 aon
1237 1326 1352 1406 patior.
1399 1344 1473 1389 nam
1496 1329 1551 1410 qul
1570 1327 1732 1390 obliterari
1752 1329 1908 1410 benefacta

271 1464 334 1504 aaa
353 1445 459 1525 potior
481 1441 665 1525 elegantius
686 1448 810 1507 tantum
832 1442 866 1506 id
889 1443 1056 1527 exprimit,
1083 1442 1168 1526 quod
1189 1443 1254 1509 iam
1277 1444 1309 1509 in
1333 1444 1441 1511 verbis
1463 1446 1733 1530 praecedentibus
1755 1452 1808 1530 qui
1829 1451 1907 1511 soleo

272 1583 368 1647 apere
388 1567 508 1646 pretias
531 1562 652 1628 dictum
675 1569 755 1627 erat.
802 1564 937 1628 alterum
960 1563 1058 1647 igitur
1080 1565 1231 1629 comestio
1253 1565 1386 1631 alterius
1408 1574 1469 1632 est.

362 1687 436 1763 319,
461 1686 502 1746 32
525 1706 616 1763 uuus,
644 1689 694 1746 curi
711 1687 824 1766 parcit,
853 1687 989 1768 iprroscit,
1015 1688 1104 1748 rartllr'
1124 1695 1269 1768 metarunt,
1296 1707 1383 1769 quem
1406 1697 1548 1761 lrtcrrtur,·
1573 1692 1710 1750 {reuertens
1733 1699 1834 1751 terror
1849 1711 1908 1751 erc-

271 1813 377 1879 cusot,
411 1825 512 1867 sertem
535 1808 711 1880 miseratio,·
742 1811 774 1867 lo
796 1808 847 1868 illo
870 1806 1068 1885 recolebatur,
1104 1809 1135 1867 ia
1158 1816 1185 1868 tc
1206 1807 1392 1888 sperabatur
1414 1811 1585 1890 imperium.
1634 1831 1693 1871 nou
1715 1819 1788 1872 suut
1812 1814 1908 1892 paria

271 1927 409 2007 eaeempli
428 1929 588 2008 utriusque
610 1933 779 1988 momenta:
804 1929 904 1987 Morio
920 1927 1020 1989 adbuc
1040 1936 1204 2009 supererat
1220 1928 1326 2011 sulpur
1341 1930 1460 1991 occidui
1480 1931 1603 2011 sideris,
1630 1933 1662 1991 la
1678 1938 1705 1992 te
1720 1932 1781 1993 iem
1797 1932 1907 1993 radia-

271 2045 324 2107 bat
343 2046 473 2127 flaurma
494 2048 658 2109 nascentis.
705 2051 930 2130 comparantur
945 2044 1074 2127 Marius,
1102 2046 1155 2112 cui
1176 2047 1321 2112 carnifex
1335 2047 1573 2129 Minturnensis,
1599 2055 1631 2114 et
1646 2048 1904 2132 Valentinianus,

272 2164 326 2229 cui
349 2166 470 2231 milites
493 2165 639 2231 seditiosi
660 2171 880 2251 pepercerant,
906 2171 939 2231 et
961 2166 1007 2232 ita
1027 2166 1173 2249 quidem,
1201 2174 1237 2233 ut
1258 2168 1461 2234 differentiae
1483 2169 1566 2234 iuter
1588 2189 1643 2234 eos
1666 2177 1903 2252 enumerentur,

270 2306 357 2368 quae
379 2306 432 2352 res
454 2287 580 2352 verbis:
608 2309 668 2349 aare
691 2296 763 2350 scrut
781 2290 877 2369 paria
899 2290 1034 2370 eaempti
1053 2292 1214 2371 utriusque
1230 2299 1378 2353 momenta
1399 2289 1571 2355 indicatur.
1618 2310 1690 2354 cum
1705 2290 1772 2355 alia
1788 2291 1908 2356 similia

270 2406 338 2470 iam
362 2408 602 2490 praecederent,
630 2408 711 2472 haec
732 2427 794 2472 non
817 2407 1001 2472 necessario
1023 2407 1080 2473 toti
1098 2409 1329 2493 comparationi
1346 2410 1576 2495 praeponenda
1590 2416 1692 2492 erant,
1720 2411 1779 2476 sed
1793 2411 1906 2477 ultimo

269 2547 400 2610 quoque
428 2528 499 2593 eius
527 2529 670 2592 membro
699 2527 856 2612 applicari
886 2535 1074 2612 potuerunt,
1107 2529 1193 2613 quod
1216 2529 1262 2594 ita
1283 2551 1304 2594 a
1325 2529 1459 2614 reliquis
1482 2538 1701 2597 secerneretur
1723 2531 1902 2614 magisque,

268 2655 309 2713 ut
329 2648 571 2731 gravissimum,
605 2649 781 2714 efferretur.
829 2648 889 2713 hoe
910 2656 1017 2715 autem
1040 2651 1217 2717 membrum
1240 2651 1358 2734 duplex
1382 2658 1447 2731 est,
1474 2672 1549 2716 nam
1573 2655 1605 2715 ia
1628 2655 1679 2715 illo
1702 2654 1903 2735 recolebatur,

270 2773 304 2831 iu
335 2780 363 2832 te
390 2771 578 2852 sperabatur
601 2773 761 2852 imperium
783 2776 816 2834 et
838 2774 941 2833 Mario
972 2771 1072 2834 erlbac
1101 2781 1263 2854 supererat
1284 2772 1391 2855 fulpor
1420 2774 1537 2835 occidui
1563 2775 1692 2852 sideris,
1727 2776 1758 2835 io
1788 2783 1816 2836 te
1844 2778 1906 2837 ram

270 2891 418 2954 radiabat
438 2893 565 2972 flamma
586 2895 740 2953 nascentis
762 2910 826 2955 non
849 2890 934 2955 duae
957 2890 1238 2956 dissimilitudines
1253 2891 1402 2981 diuersae
1419 2898 1503 2973 sunt,
1530 2893 1589 2958 sed
1604 2914 1669 2957 una
1683 2899 1807 2958 tantum
1824 2893 1905 2958 duo-

268 3011 333 3075 bus
356 3010 460 3075 modis
482 3030 647 3095 expressa.
695 3010 855 3076 sententia
877 3031 954 3094 ergo
976 3011 1035 3076 illa
1056 3011 1219 3095 generalis
1234 3010 1293 3076 has
1316 3011 1549 3097 propositiones
1563 3012 1758 3098 praecedere
1773 3013 1903 3096 quidem

269 3129 386 3215 potuit,
412 3132 557 3197 sednon
579 3130 735 3197 dividere.
783 3129 909 3213 quade
932 3150 1032 3197 causa
1054 3132 1095 3198 de
1116 3131 1356 3217 transponenda
1378 3152 1418 3199 ea
1439 3132 1596 3217 cogitavi,
1623 3133 1726 3200 donec
1748 3155 1768 3198 a
1791 3134 1906 3199 Kiess-

269 3251 376 3335 lingio
399 3252 501 3319 amico
523 3252 557 3317 in
580 3252 744 3318 meliorem
767 3251 960 3318 emendandi
983 3253 1068 3317 viam
1091 3252 1248 3318 deductus
1271 3272 1352 3318 sum.
1400 3274 1475 3318 nam
1499 3253 1526 3319 si
1549 3253 1663 3319 ultima
1685 3254 1808 3334 deleas,
1837 3260 1906 3320 tota

268 3373 469 3456 comparatio
492 3374 612 3459 optime
632 3372 833 3439 concluditur
846 3393 951 3457 neque
967 3373 1143 3457 quidquam
1159 3373 1411 3440 desideraveris:
1439 3396 1532 3456 uuus,
1558 3379 1611 3439 cul
1628 3378 1740 3458 parcit,
1769 3378 1905 3459 lacescit,

269 3497 363 3557 mrtlti
382 3504 528 3576 metuunt,
555 3516 643 3579 mrem
665 3504 807 3570 tueatur,·
832 3498 968 3557 luceaem
988 3505 1091 3558 terror
1107 3505 1245 3575 recusat,
1272 3516 1374 3558 sertem
1389 3499 1564 3574 miseratio,
1590 3499 1621 3558 iu
1639 3499 1689 3559 illo
1706 3497 1905 3578 recolebatur,

269 3618 302 3677 iu
327 3624 355 3676 te
377 3617 563 3697 sperabatur
586 3617 759 3698 imperium.
807 3620 916 3679 contra
939 3613 966 3679 si
989 3615 1105 3695 verba,
1131 3635 1214 3698 quae
1237 3636 1322 3681 nune
1345 3615 1458 3680 ultima
1480 3616 1713 3699 relinquuntur,
1739 3615 1850 3698 eicias,
1876 3623 1909 3681 et

269 3754 357 3816 quae
379 3735 468 3818 prius
490 3734 661 3817 deleveris,
688 3734 720 3799 in
744 3733 848 3799 locum
872 3754 980 3799 eorum
1003 3734 1165 3816 restituas,
1192 3735 1367 3820 propositio
1390 3755 1519 3801 sensum
1544 3736 1672 3802 omnino
1695 3736 1833 3802 eundem
1848 3757 1907 3801 ex-

269 3855 373 3936 hibet,
399 3855 457 3920 sed
478 3854 605 3939 plenior
626 3860 659 3920 et
681 3855 864 3920 concinnior
885 3854 1012 3919 eradit:
1038 3875 1138 3937 uuus,
1165 3859 1216 3919 eui
1235 3859 1349 3938 parcit,
1376 3860 1514 3942 r'puoscit,
1541 3859 1630 3921 multi
1650 3866 1796 3936 metuant,
1823 3877 1909 3939 quem

268 3986 416 4054 tuentur,·
440 3980 579 4039 iuuenem
602 3986 703 4039 terror
725 3986 865 4056 eamear,
891 3996 993 4039 serrem
1015 3979 1181 4041 miseratio,
1221 3998 1281 4040 noa
1304 3987 1377 4041 suat
1397 3983 1492 4061 paria
1514 3981 1650 4061 emempli
1669 3981 1828 4061 utriusque
1843 3999 1908 4076 ruo-

270 4106 391 4159 meata:
423 4101 524 4160 Mario
553 4098 652 4159 adbuc
678 4107 841 4178 supererat
865 4098 971 4182 sulpur
1001 4100 1119 4161 occidui
1146 4099 1274 4177 sideris,
1310 4102 1342 4160 r'u
1373 4107 1400 4161 te
1430 4101 1490 4161 lara
1517 4101 1664 4162 radiabat
1682 4101 1809 4181 flamma
1830 4119 1907 4161 aas·

269 4220 374 4280 ceratis.
423 4218 560 4283 alterum
584 4236 661 4300 ergo
683 4216 716 4281 in
740 4216 845 4300 prima
866 4216 1006 4282 editione
1034 4217 1186 4302 scriptum
1210 4225 1289 4298 erat,
1315 4218 1452 4283 alterum
1474 4218 1509 4283 in
1532 4219 1686 4285 secunda.

357 4340 431 4417 320,
460 4341 499 4400 10
522 4342 617 4401 seatio
639 4340 765 4400 dioiaoe
789 4339 865 4401 lueis
889 4339 1057 4419 adflatum,
1082 4348 1116 4401 ut
1134 4340 1233 4422 ferme
1256 4340 1390 4418 adsolet,
1417 4360 1486 4402 cum
1509 4340 1600 4401 iubar
1622 4343 1729 4403 emieat
1750 4348 1779 4402 et
1800 4343 1909 4402 muudi

271 4460 416 4540 splendor
439 4462 580 4542 aperitur
603 4468 658 4521 aut
679 4478 746 4521 crem
770 4461 842 4521 solis
865 4468 1031 4542 ernerpeute
1058 4480 1206 4542 purpura
1235 4460 1377 4521 ruborem
1400 4460 1483 4521 ducit
1504 4479 1632 4521 errrore.
1680 4479 1824 4542 eaquae
1846 4459 1908 4523 hoo

272 4578 342 4644 loeo
365 4579 525 4664 particula
548 4589 603 4643 aut
632 4585 887 4664 componuntur,
905 4578 998 4644 nulla
1019 4599 1054 4644 re
1076 4578 1139 4644 nisi
1166 4578 1273 4644 verbis
1297 4578 1465 4657 differunt3
1496 4578 1571 4662 quis
1593 4586 1700 4644 autem
1724 4578 1901 4662 scripserit:

274 4719 346 4764 curn
369 4699 440 4764 dies
461 4698 622 4764 illucescit
643 4704 714 4764 aut
736 4718 807 4763 cum
831 4699 879 4764 sol
902 4699 1022 4764 oritur?
1064 4699 1173 4783 itaque
1203 4699 1284 4765 illud
1314 4710 1368 4763 aut
1398 4699 1478 4764 nihil
1508 4698 1599 4764 aliud
1620 4697 1763 4764 indicare
1785 4704 1902 4783 potest,
1938 4688 1940 4692 Α

270 4818 333 4883 nisi
362 4819 566 4885 scribendum
595 4838 667 4885 esse
698 4826 754 4885 aut
784 4841 852 4882 eum
881 4821 973 4883 iubar
1003 4823 1112 4883 emicat
1142 4830 1170 4883 et
1192 4822 1300 4883 muudi
1321 4821 1465 4902 splendor
1487 4824 1629 4902 aperitur
1657 4825 1713 4884 aut
1741 4840 1809 4883 eum
1831 4821 1905 4882 solis

271 4950 437 5024 emerpeate
457 4962 603 5023 purpura
627 4942 766 5003 ruborem
789 4942 871 5004 ducit
893 4961 1028 5021 aurora,
1063 4939 1124 5006 sed
1146 4946 1250 5006 utrum
1273 4941 1306 5005 in
1328 4940 1451 5024 prima,
1485 4947 1589 5005 utrum
1612 4938 1646 5003 in
1669 4938 1812 5023 secunda
1833 4939 1906 5005 edi-

272 5060 358 5126 tione
386 5060 540 5145 scriptum
569 5059 681 5143 fuerit,
715 5059 864 5144 dignosci
892 5059 957 5124 iam
985 5080 1048 5124 non
1074 5067 1195 5144 potest,
1228 5081 1304 5126 nam
1327 5067 1496 5144 utrumque
1519 5060 1631 5143 aequis
1654 5059 1721 5125 iere
1744 5059 1904 5124 coloribus

273 5179 456 5246 distinctum
481 5188 541 5245 est.
587 5180 695 5264 itaque
718 5180 932 5264 Symmachus
954 5180 1106 5248 hocloco
1128 5180 1260 5264 ingenio
1282 5181 1456 5247 indulsisse
1478 5180 1606 5247 videtur
1627 5187 1660 5246 et
1682 5178 1818 5261 margini
1841 5179 1902 5243 ad-

273 5301 452 5387 scripsisse,
477 5299 635 5384 quomodo
657 5302 771 5367 eadem
795 5301 956 5367 sententia
971 5301 1065 5367 aliter
1080 5302 1216 5387 exprimi
1231 5307 1352 5388 posset,
1378 5301 1567 5368 electionem
1582 5300 1717 5384 tempori
1732 5298 1903 5384 posteriori

274 5416 453 5487 reservans.

359 5543 439 5608 Cum
462 5541 523 5607 hoc
544 5542 614 5607 loeo
636 5540 856 5627 componenda
885 5550 974 5622 sunt,
1009 5563 1092 5626 quae
1120 5542 1271 5625 leguntur
1293 5563 1326 5627 p.
1353 5546 1433 5623 319,
1464 5547 1498 5605 1:
1532 5562 1628 5626 quare
1651 5561 1706 5604 seu
1728 5544 1760 5603 iu
1783 5538 1903 5603 Aetbia

272 5684 328 5745 pas
352 5674 442 5746 atque
465 5665 558 5726 ludos
574 5672 681 5725 coutra
697 5674 861 5727 emtuuum
876 5667 1000 5728 militem
1015 5667 1078 5727 solo
1093 5666 1195 5727 calore
1209 5668 1341 5728 munitus
1353 5666 1459 5746 felr'cr'a
1473 5667 1562 5746 sipua
1577 5663 1751 5740 coutrrleris,
1775 5661 1903 5743 frustra

273 5785 314 5849 ad
333 5793 507 5851 aestuantes
523 5804 663 5849 recessus
686 5795 754 5853 rial
777 5787 930 5851 torrida
951 5795 1063 5855 ostro
1084 5787 1275 5875 consupieat:
1299 5789 1356 5853 cito
1372 5788 1450 5847 euim
1467 5792 1621 5849 terrarum
1639 5785 1748 5845 toltum
1763 5783 1903 5846 domiuus

1652 5902 1672 5961 b
1680 5902 1695 5933 ἃ
