4736 6478
841 848 989 913 XXXXI
1015 848 1214 933 (XXXXII).

672 1004 931 1072 SYMMACHVS
957 1003 1222 1071 NICOMACHIS
1245 1003 1384 1068 FILIIS.

301 1178 387 1244 Male
417 1185 468 1244 est
496 1177 621 1257 animo,
654 1185 822 1262 postquam
853 1177 951 1242 liliam
978 1197 1083 1242 meam
1107 1176 1237 1261 oonperi
1260 1182 1411 1241 consueto
1435 1175 1543 1242 dolore
1566 1175 1697 1257 vexari,
1732 1181 1764 1240 et
1785 1174 1846 1240 iter

214 1281 339 1347 advos
361 1281 515 1348 inchoare
537 1281 728 1362 voluissem,
755 1280 818 1347 nisi
841 1288 874 1349 et
895 1303 946 1346 me
969 1279 1111 1364 gravedo
1135 1280 1251 1364 capitis
1274 1287 1307 1346 et
1329 1278 1556 1364 Symmachum
1581 1285 1722 1344 nostrum
1745 1277 1845 1343 febris

182 1406 195 1444 a
214 1383 347 1469 inopina
368 1383 531 1450 retineret.
571 1383 662 1449 cuius
685 1385 863 1468 corporales
885 1384 1047 1467 querellas
1071 1388 1214 1468 praestat
1228 1382 1335 1461 silere,
1361 1402 1402 1447 ne
1418 1380 1597 1447 sanctitatis
1615 1386 1737 1446 vescae
1757 1381 1848 1446 solli-

214 1487 323 1552 citudo
350 1487 546 1570 geminatum
581 1496 614 1553 et
642 1494 727 1552 certe
758 1486 858 1553 frater
886 1507 978 1552 meus
1000 1488 1161 1554 Comanon
1187 1485 1346 1552 desiderio
1368 1492 1475 1550 vestro
1498 1485 1577 1549 urbe
1601 1483 1768 1567 digressus
1791 1504 1847 1549 cu-

213 1589 383 1669 mulatius,
410 1610 493 1672 quae
515 1597 675 1673 meamus,
701 1590 863 1675 expediet.
911 1591 1075 1675 postulare
1098 1610 1162 1655 non
1185 1588 1298 1666 debeo,
1325 1588 1412 1673 quod
1434 1595 1547 1673 sponte
1571 1586 1706 1670 facietis,
1733 1594 1768 1652 ut
1790 1606 1847 1652 ou-

214 1713 321 1758 rarum
344 1699 525 1758 nostrarum
548 1693 803 1775 magnitudinem
826 1692 954 1778 scriptis
977 1693 1163 1758 laetioribus
1186 1692 1403 1776 comprimatis.
1451 1691 1536 1755 irate.

756 2003 920 2068 XXXXII
939 2003 1142 2087 (XXXXIII)
1177 2024 1209 2068 a.
1227 2008 1301 2066 tot.

168 2180 195 2219 m
672 2158 932 2224 SYMMACHVS
958 2157 1225 2224 NICOMACHIS
1247 2157 1388 2221 FILIIS.

301 2331 408 2396 Euseii
430 2351 532 2417 nuper
554 2331 678 2398 litteras
701 2332 839 2416 sumpsi.
865 2330 981 2414 quibus
1004 2329 1135 2414 aurigas
1157 2334 1282 2395 nostros
1305 2337 1338 2394 et
1359 2327 1487 2412 aliquos
1510 2328 1676 2395 scaenicos
1697 2329 1774 2395 navi
1797 2329 1848 2394 in-

214 2434 337 2519 positos
367 2441 400 2500 et
428 2434 604 2500 secundum
634 2440 841 2520 praeceptum
865 2454 971 2499 meum
994 2433 1110 2498 missos
1132 2432 1174 2497 ad
1198 2430 1410 2516 Campaniam
1432 2432 1602 2496 nuntiavit.
1650 2431 1762 2497 iubeat
1783 2431 1847 2515 igi-

214 2547 265 2603 tur
295 2537 450 2604 sanctitas
479 2542 586 2603 vestra
616 2537 881 2621 diligentissimos
912 2543 1104 2602 scrutatores
1128 2555 1229 2619 usque
1252 2535 1294 2600 ad
1317 2533 1555 2601 Salernitanum
1578 2534 1656 2600 litus
1678 2534 1844 2613 accedere,

215 2647 249 2706 ut
279 2648 447 2725 susceptos
469 2641 639 2725 Neapolim
670 2646 905 2726 prosequantur
932 2640 984 2705 vel
1015 2638 1146 2722 aliquod
1176 2638 1217 2703 de
1248 2638 1388 2704 adventu
1419 2657 1527 2702 eorum
1557 2644 1737 2702 scrutentur
1761 2637 1849 2703 indi·

169 2767 196 2805 is
216 2743 312 2809 oium.
360 2743 501 2809 Felicem
531 2764 656 2826 quoque
679 2743 816 2810 amicum
840 2763 1040 2809 communem
1068 2742 1221 2807 monitum
1245 2742 1334 2823 volo,
1368 2748 1403 2807 ut
1425 2741 1452 2805 si
1476 2739 1687 2824 Campaniam
1710 2739 1848 2806 feliciter

215 2847 377 2929 venerint,
414 2847 550 2913 annonis
584 2853 616 2912 et
649 2847 830 2932 sumptibus
865 2847 1058 2912 adiuventur
1092 2845 1242 2911 continua
1275 2844 1318 2909 ad
1351 2864 1409 2909 uos
1442 2841 1648 2927 navigatione
1677 2842 1842 2923 mittendi3

214 2951 290 3033 quia
313 2951 408 3034 louge
431 2957 506 3015 aute
529 2950 622 3015 ludos
645 2957 678 3015 et
700 2950 788 3035 ipsos
810 2948 985 3032 iungendis
1008 2948 1100 3031 equis
1123 2947 1252 3014 erudire
1274 2947 1429 3013 debemus
1452 2952 1484 3011 et
1507 2946 1641 3012 novitati
1664 2965 1773 3011 eorum
1795 2945 1847 3010 fa-

214 3074 322 3120 vorem
346 3053 452 3138 plebis
474 3052 626 3119 adlicere.
674 3072 800 3117 summa
821 3052 920 3137 igitur
941 3052 1023 3117 haec
1046 3058 1096 3118 est
1118 3050 1280 3136 petitionis
1302 3070 1406 3129 meae,
1433 3057 1469 3115 ut
1489 3049 1532 3113 ad
1556 3048 1701 3113 homines
1722 3055 1847 3113 vestros

214 3155 379 3241 inquisitio
402 3177 511 3222 eorum
534 3162 567 3221 et
588 3157 750 3240 pervectio
774 3155 915 3222 celerata
936 3154 1108 3239 pertineat.
1155 3156 1240 3221 vale.

740 3465 921 3530 XXXXIII
940 3464 1157 3548 (XXXXIIII)
1192 3485 1224 3530 a.
1243 3468 1319 3529 401.

674 3620 933 3686 SYMMACHVS
960 3619 1224 3685 NICOMAOHIS
1246 3618 1386 3684 FILIIS.

304 3794 502 3861 crocodillos
525 3793 675 3860 theatrali
697 3793 882 3876 spectaculo
904 3792 1084 3876 publicatos
1105 3790 1139 3856 in
1161 3791 1378 3876 praesentiam
1400 3797 1541 3856 vestram
1561 3808 1690 3855 servare
1705 3794 1846 3872 tempta-

217 3898 333 3979 vimus,
363 3897 422 3963 sed
445 3902 672 3982 perseverante
693 3896 814 3977 inedia,
840 3915 923 3977 quae
945 3895 1020 3960 illos
1042 3915 1100 3979 per
1123 3894 1195 3960 dies
1217 3893 1451 3977 quinquaginta
1471 3893 1627 3978 producta
1650 3892 1843 3971 macerabat,

217 3999 369 4066 secundis
399 3999 485 4066 ludis
514 3999 773 4083 congressionum
803 4018 890 4064 more
922 3997 1058 4064 confecti
1089 4004 1173 4063 sunt.
1221 3995 1302 4062 duos
1325 3996 1422 4061 etiam
1444 4015 1529 4061 nunc
1551 4001 1712 4080 spirantes
1734 3995 1767 4059 in
1790 4015 1847 4059 ve-

172 4124 200 4163 m
217 4112 316 4169 strum
346 4103 532 4169 differemus
554 4103 745 4184 adrentum,
779 4102 853 4167 licet
876 4121 931 4167 eos
954 4101 1015 4167 cibi
1040 4100 1236 4166 abstinentia
1258 4101 1388 4182 longum
1412 4098 1521 4165 vivere
1543 4119 1638 4183 posse
1661 4119 1724 4163 non
1748 4118 1847 4182 spon-

218 4207 305 4272 deat.
354 4207 438 4272 vale.

821 4514 1017 4580 xxxxrur
1043 4514 1237 4598 lxxxxv).

673 4670 934 4736 srunsuuvs
956 4668 1222 4736 utconaeurs
1246 4667 1385 4733 usurus.

303 4843 527 4911 Reduudantis
559 4850 610 4909 est
641 4863 757 4927 apeme
787 4862 959 4908 memorem
990 4860 1208 4922 commonere,
1246 4840 1304 4906 sed
1336 4847 1486 4924 suscepta
1515 4839 1688 4904 amicorum
1718 4838 1846 4921 negotia

174 4966 201 5006 to
219 4968 420 5033 nequaqnam
449 4968 507 5012 nos
536 4946 664 5012 modum
695 4966 825 5012 serrare
856 4945 1031 5029 patiuntur.
1078 4964 1178 5026 quare
1207 4950 1242 5008 ut
1271 4943 1367 5008 amici
1393 4942 1569 5007 communis
1591 4941 1734 5006 Herculii
1757 4961 1785 5004 c.
1812 4962 1842 5006 v.

220 5051 327 5118 votiva
356 5051 511 5117 mandata
533 5049 649 5115 acriter
671 5048 858 5132 exequaris,
892 5068 982 5114 orare
1004 5068 1068 5114 non
1091 5047 1214 5113 desino.
1262 5046 1340 5111 facit
1360 5053 1469 5111 autem
1492 5064 1563 5110 cum
1586 5044 1693 5110 studio
1716 5050 1847 5109 sanctae

306 5363 321 5412 2
339 5377 481 5423 symmacus
500 5363 658 5410 nichomacus
677 5362 737 5409 flllle
755 5361 778 5409 P
882 5362 897 5409 5
915 5360 1049 5422 corporalis
1066 5359 1089 5407 P
1192 5360 1251 5408 riiae
1272 5360 1300 5420 (l.
1321 5373 1342 5408 ι.
1363 5360 1471 5419 nostrae)
1494 5357 1516 5403 P

306 5448 334 5498 ll
355 5445 455 5515 liusell]
473 5447 600 5508 daenes.
612 5462 639 5509 p.
654 5448 714 5507 toa,
729 5449 770 5510 16,
791 5446 932 5496 eusebiiP
1036 5447 1066 5496 11
1085 5444 1841 5507 assentiremur,tadd.1m.,etncmutcv.2m.

224 5534 251 5584 li
270 5537 333 5598 ipsis
351 5535 447 5585 le.

305 5622 334 5671 21
355 5635 496 5682 symmacus
508 5621 667 5670 nichomacus
679 5619 774 5668 illlisP
874 5618 907 5668 22
927 5625 1036 5668 uestram
1057 5646 1089 5655 —
1108 5619 1140 5669 23
1160 5621 1246 5669 lnedla
1263 5634 1310 5667 orn.
1327 5617 1371 5665 Pl
1386 5633 1420 5666 m.
1528 5616 1559 5665 24
1579 5611 1715 5680 spirantes]
1738 5614 1842 5673 lectius,

222 5715 349 5767 sperantes
369 5706 392 5753 P
1255 5758 1259 5765 ι

304 5793 337 5844 28
356 5793 538 5853 symmacusP
640 5793 672 5841 30
691 5793 821 5841 ercrrlilP
924 5791 952 5839 31
974 5794 1111 5854 exequeris
1128 5787 1241 5840 le.'

1868 1002 1901 1064 P
