4686 6472
855 462 907 517 ns
926 460 1122 516 sruuacur
1141 461 1245 517 mua.
1822 463 1864 527 m

236 708 267 753 a.
292 689 355 751 381
380 694 475 752 natus
497 705 570 752 csse
592 707 655 752 non
678 685 796 770 possit,
824 705 927 767 neque
950 694 1060 751 tamen
1082 685 1167 750 ultra
1188 683 1278 750 illius
1300 683 1376 750 anni
1399 683 1478 750 fines
1499 684 1651 751 recedere
1673 684 1763 766 licet,
1790 706 1865 753 nam

234 828 296 892 quo
329 813 476 892 tempore
506 806 719 891 Symmachus
753 804 955 891 praefectura
988 805 1111 871 urbana
1140 804 1287 889 deposita
1315 805 1349 870 in
1379 804 1589 889 Campaniam
1623 804 1783 889 profectus
1816 813 1867 872 est

239 930 290 1011 [m.
317 927 446 994 Octobri
469 947 500 992 a.
528 928 600 1010 385)
634 925 735 992 filium
768 926 847 991 tussi
878 925 1060 1010 periculosa
1081 925 1297 1007 laborantem,
1330 924 1437 1008 qualis
1460 923 1601 990 infantes
1622 925 1774 1009 parvulos
1796 925 1865 993 iere

234 1068 353 1114 vexare
377 1049 468 1129 solet,
496 1066 604 1113 secum
627 1047 843 1131 habebunt).
891 1046 959 1111 iilia
981 1045 1080 1111 fratrc
1102 1044 1203 1111 maior
1225 1051 1303 1125 erat,
1330 1043 1389 1112 sed
1411 1045 1452 1111 de
1475 1066 1559 1111 anuo
1580 1045 1683 1113 natali
1698 1046 1768 1112 eius
1783 1045 1865 1114 nihil

235 1170 312 1235 certi
333 1176 445 1234 notum
468 1174 527 1249 cst,
554 1188 659 1252 pauca
680 1174 804 1234 tantum
827 1187 868 1233 ex
890 1166 996 1232 mariti
1020 1165 1169 1231 Flaviani
1190 1165 1323 1231 minoris
1346 1166 1479 1233 historia
1500 1164 1648 1232 concludi
1669 1172 1814 1251 possunt.

321 1288 428 1355 Virias
457 1288 674 1355 Nicomachus
704 1288 880 1353 Flavianus
909 1287 1010 1352 maior
1037 1285 1119 1351 duos
1149 1284 1233 1351 filios
1267 1287 1410 1371 reliquit,
1448 1287 1504 1369 qui
1532 1285 1743 1353 hereditatem
1773 1293 1864 1370 patre

234 1415 358 1475 mortno
372 1409 545 1475 indivisam
567 1407 857 1494 possederunt¹⁷⁸).
904 1409 1052 1488 alterum,
1078 1404 1307 1472 Nicomachum
1329 1406 1531 1487 Flavianum,
1558 1405 1742 1492 Symmachi
1764 1427 1865 1490 gene-

234 1550 304 1595 rum
326 1530 427 1599 fuisse
451 1535 584 1609 constat,
612 1530 747 1595 alterum
770 1528 898 1594 nomine
915 1528 1058 1594 Venusto
1073 1548 1167 1593 usum
1182 1546 1256 1593 esse
1271 1526 1376 1608 credo,
1404 1548 1474 1594 cum
1490 1533 1619 1614 propter
1633 1547 1728 1592 avum
1744 1548 1865 1610 cogno-

234 1651 363 1732 minem,
390 1657 457 1716 tum
480 1650 558 1733 quia
573 1648 801 1734 Symmachum
825 1667 896 1713 cum
912 1650 1056 1713 Venusto
1078 1647 1187 1732 aliquo
1210 1654 1280 1713 arto
1301 1648 1440 1729 quodam
1456 1646 1684 1713 familiaritatis
1698 1647 1864 1714 ueletiam

234 1771 436 1856 cognationis
458 1770 587 1836 vinculo
611 1768 814 1835 coniunctum
837 1768 949 1852 fuisse,
976 1789 1017 1834 ex
1039 1769 1153 1835 litteris
1180 1767 1320 1834 adeum
1343 1767 1470 1853 scriptis
1498 1769 1557 1851 (lx
1581 1771 1630 1851 17)
1658 1767 1861 1853 perspicitur.

235 1912 305 1957 cum
322 1891 406 1958 enim
430 1891 473 1957 ad
495 1889 647 1955 maiorem
663 1888 812 1954 Flaviani
828 1888 929 1955 filium
945 1889 1105 1975 epistulae
1121 1888 1194 1974 plus
1209 1888 1370 1972 octoginta
1386 1889 1558 1974 supersint,
1583 1889 1697 1954 minori
1711 1909 1752 1954 ne
1766 1908 1864 1953 unam

233 2011 363 2096 quidem
385 2011 573 2096 inscriptam
596 2027 669 2076 esse
691 2029 804 2094 parum
826 2010 994 2094 probabile
1016 2008 1160 2089 videtum
1186 2010 1295 2075 nullus
1318 2016 1425 2076 autem
1449 2009 1533 2075 alius
1556 2008 1640 2075 inter
1654 2028 1720 2091 eos,
1747 2009 1863 2091 quibus

233 2132 362 2198 litterae
385 2131 570 2217 Symmachi
593 2130 735 2196 directae
758 2136 842 2212 sunt,
870 2129 1043 2216 reperitur,
1070 2150 1165 2213 quem
1187 2150 1260 2195 cum
1283 2129 1421 2213 quadam
1443 2130 1512 2196 reri
1534 2129 1744 2195 similitudine
1767 2129 1865 2195 Nico-

234 2252 340 2318 machi
373 2252 503 2318 hatrem
533 2250 722 2317 credideris.
776 2250 885 2333 itaque
914 2249 1040 2335 Appius
1068 2249 1283 2317 Nicomachus
1313 2250 1435 2317 Dexter
1467 2249 1651 2335 praefectus
1680 2249 1752 2315 urbi
1780 2248 1865 2314 circa

233 2394 263 2439 a.
296 2377 379 2453 430,
413 2393 508 2457 quem
538 2371 687 2437 Flaviani
715 2370 846 2436 maioris
878 2376 1027 2454 nepotem
1060 2369 1161 2436 fuisse
1194 2373 1400 2453 ansatur),
1438 2377 1524 2436 certe
1557 2389 1620 2435 nou
1649 2368 1865 2435 Clementiani

234 2493 320 2559 iilius
351 2498 438 2575 erat,
470 2491 505 2557 id
534 2491 621 2574 quod
643 2490 820 2575 Borghesio
848 2490 952 2556 visum
975 2494 1104 2575 est¹⁸⁰),
1138 2490 1197 2558 sed
1225 2500 1282 2557 aut
1302 2490 1450 2556 Flaviani
1479 2490 1612 2556 minoris
1638 2496 1694 2555 ant
1715 2490 1862 2555 Venusti.

235 2614 375 2697 priorem
397 2620 505 2679 actem
528 2617 653 2697 patrem
675 2612 745 2677 eius
768 2610 878 2692 luisse,
905 2611 957 2676 vel
980 2610 1153 2697 praecipue
1175 2610 1277 2677 codex
1298 2610 1421 2696 primae
1444 2609 1577 2677 decadis
1593 2610 1750 2676 Livianae
1772 2608 1866 2676 dccet

233 2754 274 2800 ex
301 2740 393 2820 parte
422 2732 661 2800 aNicomacho
682 2732 853 2813 Flaviano,
888 2751 929 2796 ex
956 2737 1048 2817 parte
1077 2731 1241 2797 aDextro
1271 2734 1505 2815 correctus¹⁸¹).
1552 2730 1652 2797 multo
1681 2730 1766 2796 enim
1789 2751 1865 2816 pro-

232 2853 374 2919 babilius
397 2859 464 2937 est,
498 2860 622 2939 patrem
645 2852 829 2919 huiusmodi
852 2851 993 2918 laborem
1017 2871 1090 2918 cum
1112 2850 1179 2917 filio
1203 2851 1474 2933 communicasse,
1508 2850 1668 2935 adquam
1698 2851 1865 2936 exemplar

233 2973 303 3059 ipso
326 2979 448 3040 mortuo
470 2979 696 3059 perventurum
720 2979 806 3055 erat,
832 2993 928 3057 quam
950 2979 1097 3058 patruum
1121 2991 1193 3037 cum
1216 2978 1344 3057 nepote.
1391 2978 1424 3037 et
1445 2970 1583 3038 eandem
1605 2970 1689 3037 inter
1710 2990 1766 3037 eos
1788 2990 1865 3036 con-

232 3093 426 3161 iunctionem
455 3100 612 3161 monstrat
640 3099 749 3161 statim
769 3092 918 3159 Flaviani
946 3092 1078 3159 maioris
1105 3092 1253 3178 precibus
1275 3091 1333 3158 filii
1356 3092 1397 3159 ab
1426 3091 1674 3177 imperatoribus
1697 3109 1860 3174 concessa,

233 3236 253 3281 a
275 3222 393 3300 nepote
416 3216 534 3300 posita.

318 3335 459 3401 Nomina
479 3335 605 3420 Appius
635 3339 668 3399 ct
689 3333 828 3415 Dexter,
862 3353 946 3417 quae
969 3332 1090 3417 alioqui
1111 3353 1216 3417 neque
1238 3333 1274 3399 in
1297 3334 1560 3420 Symmacharum
1583 3333 1743 3417 usquein
1765 3332 1864 3399 Nico-

233 3456 417 3523 machorum
444 3455 569 3521 familia
596 3460 797 3540 comparent,
832 3459 867 3519 ut
889 3452 1086 3537 Borghesins
1109 3453 1308 3536 observavit,
1342 3453 1530 3520 Nicomachi
1552 3454 1665 3521 Dextri
1687 3461 1821 3520 matrem
1844 3474 1865 3518 a

235 3575 421 3661 Symmachi
443 3574 511 3641 filia
532 3575 695 3642 diversam
717 3573 819 3640 fuisse
840 3573 989 3660 produnt.
1031 3573 1118 3640 idem
1140 3575 1189 3640 vir
1211 3573 1324 3641 dactus
1347 3574 1412 3640 iam
1434 3575 1616 3660 suspicatus
1639 3581 1699 3657 cst,
1724 3573 1863 3659 Appium

235 3694 408 3762 Claudiam
441 3695 631 3761 Marruuium
661 3696 817 3761 Dextrum
852 3694 955 3759 virum
989 3694 1220 3775 clarissimum,
1257 3714 1353 3778 quem
1385 3695 1553 3780 inscriptio
1581 3694 1799 3780 Neapolitana
1811 3696 1858 3776 ¹⁸²)

235 3817 372 3883 Mithrae
395 3835 520 3882 sacrum
536 3816 721 3882 condidisse
744 3814 852 3897 tradit,
878 3814 992 3880 Dextri
1008 3814 1108 3880 noshi
1123 3815 1176 3880 rel
1192 3835 1287 3882 arum
1303 3821 1482 3882 maternam
1498 3816 1550 3882 vel
1572 3835 1725 3902 proavum
1749 3814 1861 3879 fuisse.

235 3944 268 4002 et
295 3941 437 4019 canstat,
473 3936 665 4001 Flavianum
696 3957 726 4001 a.
754 3937 834 4017 383,
872 3954 934 4019 quo
968 3953 1057 4000 soror
1086 3935 1228 4001 Memmii
1257 3935 1443 4021 Symmachi
1474 3936 1543 4002 nati
1576 3957 1607 4002 a.
1634 3939 1696 4002 384
1730 3933 1863 4000 vixdum

235 4056 353 4123 nubilis
375 4074 448 4123 csse
470 4056 582 4141 potuit,
609 4076 672 4122 non
696 4057 800 4123 solum
824 4075 956 4122 uxorem
978 4032 1143 4136 habuisse,
1178 4054 1237 4122 sed
1259 4056 1357 4122 etiam
1379 4062 1506 4141 partum
1528 4056 1570 4123 ab
1593 4055 1719 4122 caiam
1742 4055 1862 4121 editum

236 4302 554 4311 ——-.‚.,
572 4302 645 4307 ——-

322 4473 381 4534 itt)
402 4472 445 4533 57,
467 4471 499 4521 25
521 4473 658 4534 paruulum
675 4476 788 4520 nastrum
803 4471 915 4532 pericula
932 4475 1070 4532 erunprum
1088 4483 1141 4531 spes
1159 4475 1245 4531 aptata
1261 4473 1375 4532 respecti.
1415 4471 1456 4533 58,
1477 4472 1493 4521 4
1517 4473 1617 4533 bumor,
1643 4474 1685 4535 qui
1700 4472 1802 4533 parauit
1818 4484 1864 4518 na·

236 4564 278 4609 stri
293 4566 379 4622 pectus
397 4557 522 4608 obsederat
540 4563 612 4621 atque
630 4560 789 4618 inportunam
807 4559 894 4605 tussim
913 4555 1003 4617 ciebat,
1023 4570 1115 4617 masna
1131 4563 1202 4618 parts
1221 4561 1403 4618 111111111111111,Ι
1430 4562 1513 4621 itaque
1530 4561 1682 4620 spuumenta
1698 4555 1813 4618 [1111111111
1832 4558 1863 4603 li·

236 4645 289 4694 bcra
306 4646 370 4693 nihil
388 4647 440 4693 iam
458 4645 593 4693 stridulum
610 4649 711 4693 11111111.
1909 4704 1911 4708 Ι

323 4730 381 4792 ital
403 4730 461 4794 158,
483 4729 516 4781 32
543 4731 574 4779 sd
592 4730 741 4779 Flavianum
759 4731 895 4778 minorem:
921 4742 978 4777 maa
995 4743 1052 4777 eum
1069 4743 1200 4789 pomanus
1218 4734 1277 4778 tuus
1295 4729 1325 4777 de
1340 4732 1464 4794 proximo,
1490 4736 1519 4779 ut
1536 4734 1588 4793 ais,
1614 4734 1726 4791 speratus
1742 4727 1863 4788 adsuerit,

236 4823 257 4867 a
279 4817 379 4877 felicem
402 4816 470 4865 vobis
493 4822 516 4865 et
538 4818 703 4865 marmaricam
727 4814 834 4865 reditum
858 4814 1005 4864 diuidendae
1029 4818 1093 4864 uuir
1109 4828 1153 4863 aas
1170 4817 1351 4866 communionis
1369 4830 1445 4864 rausa
1459 4815 1604 4878 praestabit.
1641 4817 1673 4865 de
1691 4817 1788 4865 duobus
1806 4814 1863 4862 Fls-

238 4905 302 4953 risni
322 4903 384 4952 tiliis
401 4904 428 4950 11
448 4902 477 4951 ii
497 4915 596 4965 qnoque
615 4915 695 4952 sermo
714 4909 767 4964 cst;
788 4904 891 4950 tertium
908 4914 960 4950 non
979 4902 1106 4963 extitisse,
1128 4915 1161 4949 ex
1179 4903 1222 4950 illa
1239 4902 1390 4950 hereditatis
1407 4902 1553 4952 condicione
1572 4904 1644 4965 acqui
1662 4902 1770 4950 videtur.

321 4988 379 5051 119)
400 4987 641 5040 (1111911183
661 4987 806 5037 Nicomacho
820 4989 943 5038 Fiaatana
959 5013 995 5025 —
1013 4989 1109 5049 Appius
1130 4987 1290 5038 Nicomachus
1303 4988 1394 5038 naar
1410 4990 1466 5053 ultr)
1484 4988 1652 5052 annuimus)
1671 5002 1699 5036 aa
1715 4985 1863 5049 prancatii)

237 5075 304 5141 rubii)
323 5089 370 5125 ooo
389 5074 497 5137 optirnio)
516 5074 673 5124 statuendam
690 5077 787 5124 curaui.

324 5160 380 5223 189)
403 5161 500 5210 Annali
518 5159 572 5208 cat
591 5161 709 5209 Instituta
728 5161 791 5209 XXI
808 5163 876 5211 rata
893 5176 919 5222 p.
941 5162 1001 5211 359.

323 5246 380 5308 181)
403 5247 485 5295 Libris
497 5245 632 5294 Vl—Vlll
649 5248 676 5294 111
695 5247 796 5309 optimis
814 5247 940 5295 codicibus
958 5248 1128 5309 subscriptum
1147 5252 1198 5295 est:
1222 5247 1384 5296 Nicomachus
1403 5248 1541 5296 Flauianus
1559 5248 1612 5310 ultr)
1632 5244 1798 5307 altariaimus)
1818 5244 1865 5290 111

235 5333 387 5396 praestetisse)
407 5332 476 5381 urbis
493 5332 622 5381 anendaui
639 5332 707 5394 apud
724 5332 849 5382 Hennam.
886 5333 1039 5382 Victorianus
1057 5334 1110 5395 olis)
1130 5334 1297 5395 cilartssirnus)
1317 5332 1477 5382 unmdubam
1494 5333 1591 5381 domnis
1609 5330 1771 5393 Symmacbis,
1792 5329 1864 5377 libris

239 5420 348 5468 lli—V:
377 5419 539 5467 Nicomachus
556 5419 646 5466 Denter
670 5418 723 5481 ultr)
743 5419 909 5481 citatissimae)
936 5417 1063 5468 emendavi
1086 5419 1120 5467 ad
1143 5420 1283 5480 memphim
1297 5421 1409 5481 parentis
1427 5421 1475 5468 mei
1497 5417 1666 5467 Clementiana
1708 5417 1863 5466 Victorianus

238 5504 288 5567 aiir)
308 5506 477 5567 citarissimusl
496 5504 655 5554 emendatum
674 5504 770 5553 danais
787 5503 946 5566 Symmaciis.
984 5506 1113 5567 exemplar
1131 5507 1225 5567 igitur,
1250 5519 1283 5553 ax
1301 5518 1350 5566 quo
1367 5504 1465 5553 codices
1484 5505 1563 5553 nostri
1581 5505 1723 5561 fluxerunt,
1747 5501 1864 5550 sVictc-

238 5591 303 5639 dano
326 5596 463 5640 comestum
488 5603 520 5638 ex
539 5590 680 5650 Symmachi
704 5591 855 5640 bibliotheca
879 5593 905 5639 iu
929 5593 1015 5653 generi
1041 5604 1130 5640 manus
1148 5593 1265 5654 pervenit
1282 5592 1417 5640 etiterum
1434 5591 1465 5637 sb
1482 5592 1537 5651 ipso
1555 5591 1658 5651 illioque
1675 5588 1732 5636 aius
1750 5589 1863 5649 recogni-

239 5682 290 5725 tum
308 5683 356 5727 ast.

324 5762 382 5826 182)
402 5763 432 5814 9.
452 5763 474 5811 1.
495 5764 523 5811 L.
545 5762 569 5810 X
589 5760 654 5811 itta
675 5762 844 5825 omnipotenti
861 5763 906 5812 deo
927 5761 1032 5812 Mithrae
1050 5765 1147 5826 Appius
1167 5762 1287 5813 Claudius
1309 5762 1443 5811 Turranius
1460 5763 1553 5810 Dexter
1569 5776 1594 5810 u.
1614 5775 1637 5808 a.
1658 5758 1735 5809 111111.

1615 5862 1655 5930 g*
