4716 6476
522 484 584 546 208
1122 479 1319 536 suumncffl
1337 478 1548 537 EPISTVLAE

395 673 502 734 VMH
522 671 676 737 delatum.
724 676 853 756 sumpta
881 670 978 753 igitur
1007 671 1139 755 gemina
1167 670 1231 736 fide
1260 677 1385 737 vestras
1414 672 1537 737 litteras
1567 691 1664 758 super
1685 670 1736 737 bis
1759 676 1930 755 expectare
1951 690 2015 735 non
2037 668 2145 751 debui,

522 793 603 857 quas
632 774 801 840 aestimavi
829 794 889 859 per
909 773 1136 840 verecundiam
1160 774 1365 840 differendas.
1412 795 1510 858 quare
1533 774 1787 840 aestimationem
1810 772 1955 839 laetitiae
1977 792 2069 838 meae
2091 793 2149 837 vo·

480 880 499 940 2
522 876 573 943 bis
603 877 762 960 relinquo,
798 876 874 960 quia
896 897 1079 943 mensnram
1102 877 1173 943 eius
1196 877 1237 942 de
1259 883 1366 943 vestro
1388 877 1422 942 in
1444 898 1503 943 nos
1526 899 1633 944 amore
1655 877 1819 961 colligitis.
1866 876 1924 942 sed
1946 876 1998 941 bis
2021 874 2149 959 gaudiis

522 979 619 1044 etiam
649 979 708 1045 illa
738 987 813 1063 opto
843 979 1008 1063 coniungi,
1044 1001 1126 1064 quae
1155 980 1196 1045 de
1227 980 1386 1064 praetoria
1415 980 1555 1047 editione
1583 980 1641 1045 filii
1670 981 1732 1044 mei
1754 980 1819 1044 iam
1841 978 1964 1064 pridem
1988 979 2150 1064 postulata

522 1082 724 1148 meministis.
764 1102 838 1147 nam
861 1083 1068 1149 vehementer
1090 1082 1230 1147 admiror
1251 1082 1345 1148 iustis
1368 1090 1400 1148 et
1423 1083 1634 1148 sollemnibus
1655 1081 1825 1148 desideriis
1839 1081 1979 1147 nondum
1995 1079 2148 1146 adrisisse
2171 1104 2184 1141 ⁵

522 1186 721 1271 rescriptum.
769 1186 878 1268 itaque
908 1187 1058 1252 secundis
1085 1187 1199 1252 litteris
1222 1190 1323 1249 uirum
1343 1190 1666 1270 praecellentissimum
1688 1189 1822 1250 comitem
1844 1204 1954 1250 rursus
1975 1183 2082 1266 oravi,
2115 1190 2149 1248 nt

522 1288 695 1374 petitiones
723 1287 804 1354 nulli
833 1308 965 1373 graves,
1001 1289 1078 1354 mibi
1110 1289 1383 1372 remimundus,
1417 1290 1533 1373 quibus
1551 1289 1711 1373 permissa
1732 1288 1853 1374 pariter
1874 1287 1970 1353 etiam
1993 1287 2148 1352 minorum

522 1393 767 1475 magistratuum
797 1394 1015 1475 suffragantur
1044 1394 1209 1478 exempla,
1242 1393 1397 1476 benigne,
1431 1401 1465 1458 ut
1487 1413 1556 1458 mos
1579 1392 1649 1458 eius
1672 1399 1735 1473 est,
1769 1390 1853 1456 tradi
1874 1390 1985 1456 iubeat
2007 1390 2145 1456 effectui.

395 1499 507 1562 PVM
523 1495 580 1559 sed
609 1495 855 1561 beneficentiam
882 1496 964 1562 tanti
992 1496 1067 1575 viri,
1101 1497 1153 1562 oni
1181 1517 1308 1582 semper
1336 1497 1485 1582 voluptas
1513 1505 1562 1561 est
1589 1515 1687 1581 supra
1710 1516 1799 1581 spem
1822 1494 1950 1577 maglna
1971 1499 2145 1577 praestare,

523 1598 748 1682 promptiorem
779 1618 873 1683 spero
896 1599 1111 1678 reddendam,
1146 1600 1174 1663 si
1197 1608 1233 1664 ut
1257 1600 1440 1681 frequenter
1463 1600 1610 1684 poposci,
1644 1599 1759 1664 vestris
1782 1596 2054 1664 admonitionibus
2075 1616 2150 1681 pro-
2170 1617 2201 1657 ro

524 1708 662 1765 vocetur.

1294 1944 1380 2010 cxl.

1162 2099 1222 2164 AD
1244 2099 1507 2165 PATRVINVM.

397 2275 502 2338 VMll
610 2270 752 2336 Fratrem
777 2290 882 2335 meum
899 2270 1053 2336 Severum
1071 2273 1170 2337 multo
1185 2292 1332 2338 sermone
1352 2274 1357 2355 l
1377 2290 1599 2356 prosequerer,
1626 2270 1653 2334 si
1668 2290 1749 2335 novo
1767 2269 1857 2335 aditu
1872 2269 2047 2336 amicitiam
2063 2277 2147 2335 tuam

523 2381 647 2457 peteret
676 2380 732 2439 aut
753 2374 985 2458 praedicationi
1008 2375 1078 2440 eins
1100 2395 1207 2440 meum
1229 2374 1395 2457 ingenium
1419 2373 1613 2439 conveniret.
1660 2393 1756 2456 parco
1778 2372 1877 2456 igitur
1899 2373 2011 2459 copiae
2033 2381 2149 2456 tuoque
2169 2393 2198 2432 rs

523 2477 602 2541 cedo
625 2476 754 2558 iudicio,
781 2484 816 2542 nt
838 2475 1007 2560 diligentia
1023 2479 1093 2544 eius
1108 2487 1183 2544 tuae
1199 2478 1305 2563 potius
1321 2478 1476 2543 voluntati
1492 2498 1587 2559 quam
1605 2477 1686 2541 meis
1702 2476 1815 2541 litteris
1831 2475 2023 2561 adplicetur.
2063 2476 2144 2541 vale.

1207 2719 1299 2785 CXII
1329 2739 1359 2784 a.
1381 2721 1467 2781 397?

1162 2874 1221 2939 AD
1244 2872 1506 2938 PATRVINVM.

609 3045 688 3111 Cum
719 3045 776 3110 tibi
800 3046 941 3110 omniurn
965 3065 1106 3111 meorum
1130 3065 1207 3111 cura
1229 3045 1403 3131 praecipua
1425 3044 1480 3122 sit,
1513 3063 1682 3128 praesumo
1705 3043 1770 3108 lilio
1793 3063 1865 3109 meo
1887 3044 2036 3110 Arcentio
2058 3063 2148 3129 spee-

522 3147 615 3213 tabili
644 3147 731 3222 viro,
763 3168 858 3230 quem
889 3148 968 3214 rnibi
997 3148 1101 3231 iungit
1123 3147 1290 3229 adfinitas,
1324 3147 1470 3212 intimam
1494 3146 1745 3212 familiaritatem
1767 3152 1856 3211 tuam
1879 3166 1974 3231 posse
1997 3147 2144 3226 reserari,
2167 3164 2195 3205 ro

523 3270 619 3332 quam
650 3249 762 3315 merito
788 3250 837 3316 illi
860 3257 893 3316 et
914 3252 1000 3317 vitae
1023 3251 1122 3318 decus
1146 3258 1179 3317 et
1199 3251 1342 3317 familiae
1365 3250 1516 3316 conciliat
1538 3249 1723 3332 antiquitas.
1770 3249 1820 3314 bis
1842 3250 1980 3334 propriis
2002 3249 2072 3315 eius
2093 3250 2149 3314 bo

523 3353 574 3418 nis
603 3352 700 3418 etiam
729 3373 821 3418 meae
852 3374 964 3439 preces
991 3354 1025 3419 in
1054 3361 1261 3438 augmentum
1291 3353 1576 3420 commendationis
1605 3352 1782 3434 accedunt,
1816 3358 1852 3417 ut
1881 3353 1977 3438 plane
2004 3351 2149 3419 dubitare

523 3477 587 3521 non
609 3455 746 3541 possim,
773 3457 965 3522 cumulatius
988 3457 1018 3522 ei
1041 3466 1074 3523 et
1096 3478 1201 3524 meum
1224 3458 1441 3524 testimonium
1463 3467 1496 3524 et
1517 3463 1605 3523 tuum
1627 3456 1780 3521 iudicium
1804 3454 2015 3539 profuturum.
2063 3456 2146 3521 vale.

1203 3700 1311 3765 OXlll
1341 3719 1372 3763 a.
1396 3702 1470 3763 398.

1164 3854 1224 3918 AD
1246 3853 1508 3919 PATRVINVM.
2167 3865 2196 3908 rr

610 4023 779 4090 Dominum
810 4031 843 4091 et
872 4023 973 4091 filium
1004 4046 1110 4091 meum
1132 4026 1276 4092 Attalum
1306 4026 1347 4090 de
1371 4025 1583 4090 summatibus
1606 4023 1683 4089 viris
1705 4023 1748 4088 ed
1770 4023 1915 4089 dominos
1937 4031 1970 4089 et
1991 4024 2151 4110 principes

524 4133 651 4193 nostros
680 4128 900 4213 amplissimus
929 4128 1007 4194 ordo
1037 4128 1159 4212 legarit
1180 4128 1369 4194 instructum
1392 4127 1491 4193 variis
1513 4127 1554 4194 de
1577 4147 1664 4192 more
1686 4126 1865 4208 mandatis,
1900 4147 1984 4210 quae
2007 4133 2151 4212 spectare

532 4304 570 4309 ...-
592 4304 628 4309 ....-
641 4304 938 4311 -..-.-----..---.-

611 4404 621 4453 1
643 4405 770 4466 geminant
794 4406 820 4467 V,
841 4407 951 4465 germani
972 4406 999 4453 Μ
1127 4401 1181 4472 bis]
1200 4406 1263 4468 (Π),
1285 4406 1330 4454 boe
1353 4403 1448 4467 turs)
1589 4405 1772 4454 luecundism
1792 4404 1825 4452 Π
1960 4404 1975 4453 3
1994 4401 2065 4471 quis]
2085 4405 2126 4461 (Π
2131 4405 2149 4464 ),

522 4492 586 4553 qnod
609 4493 636 4552 V,
656 4506 730 4554 qnsrn
750 4491 779 4538 Μ
889 4487 1017 4558 colligitis]
1041 4490 1148 4555 vlits),
1168 4493 1307 4552 colligimus
1328 4492 1369 4555 (11
1375 4492 1383 4553 )
1500 4491 1515 4539 5
1534 4487 1572 4557 et]
1590 4498 1620 4539 nt
1637 4490 1660 4538 P
1771 4492 1897 4539 aniculare
1915 4492 2066 4553 rescriptum
2085 4490 2148 4551 (Π),

522 4576 786 4642 lss'sp'lf'slreseriptum
805 4577 834 4638 P,
859 4579 963 4627 arrisere
981 4579 1101 4639 scriptum
1125 4580 1152 4637 V,
1181 4585 1294 4627 uestrum
1313 4579 1421 4627 arridere
1438 4579 1560 4641 seriptum
1579 4576 1608 4623 Μ
1744 4577 1864 4626 bulrum
1882 4577 2150 4639 praecellentissimum

522 4659 651 4731 comitem]
668 4678 721 4725 epo,
741 4677 790 4713 osn.
811 4663 929 4726 VM(H);
953 4663 1077 4714 secundos
1095 4665 1153 4712 illos
1169 4666 1264 4712 tittcroc
1275 4663 1357 4712 adbuc
1368 4669 1498 4725 supersunt
1511 4664 1599 4710 11118
1703 4663 1718 4711 7
1738 4658 1871 4729 permissu]
1887 4676 1940 4722 spo,
1961 4664 2038 4711 mices
2055 4661 2149 4722 unffi,

522 4750 660 4798 Senectus
679 4749 708 4812 P,
728 4763 776 4798 orn.
797 4749 826 4797 Μ
978 4750 994 4798 9
1013 4752 1034 4798 sl
1052 4751 1251 4799 benltleieuttsm
1273 4751 1302 4812 V,
1321 4751 1445 4813 etquidem
1465 4751 1614 4812 benefitium
1633 4747 1662 4795 Μ
1819 4746 1849 4797 to
1868 4746 2078 4815 sperllssdeudsm
2096 4747 2120 4795 P

522 4833 780 4901 millimonltlontbus
798 4835 821 4883 P

610 4920 640 4970 13
660 4934 708 4971 osu.
729 4920 779 4967 VM
917 4920 949 4971 14
968 4936 1030 4985 quus
1048 4937 1131 4972 vocem
1150 4937 1264 4973 sermone
1282 4927 1425 4986 sumuntur,
1444 4924 1570 4985 pssisnsnt
1587 4925 1673 4973 omnin
1690 4924 1717 4972 in
1736 4921 1758 4969 P
1898 4919 1929 4969 lo
1947 4920 2080 4982 diligentis
2096 4920 2151 4968 eins

521 5004 592 5074 tuse]
610 5008 668 5071 (Π),
690 5008 840 5070 diligentlse
858 5009 975 5058 lusttclse
997 5008 1046 5073 ΜΓ,
1066 5010 1199 5070 diligentis
1213 5012 1316 5072 iusticie
1334 5014 1379 5058 tus
1397 5009 1426 5056 Μ
1528 5010 1586 5059 urle
1604 5022 1652 5057 orn.
1673 5008 1693 5054 V

610 5092 641 5142 18
659 5109 707 5143 om.
727 5093 776 5142 VM
781 5110 790 5151 ;
810 5097 880 5154 epist.
900 5095 932 5143 nd
951 5095 1101 5145 Patruinurn
1119 5099 1211 5158 scriptu
1229 5109 1278 5146 esre
1296 5096 1407 5157 videtur,
1428 5110 1484 5144 curn
1504 5095 1635 5145 Petronius
1653 5108 1680 5143 so
1698 5099 1820 5155 tempore,
1841 5107 1888 5156 quo
1906 5094 2037 5142 Arcessitus
2057 5091 2149 5141 Medio·

521 5182 616 5227 tnnlrsm
632 5180 831 5242 proficiscebatur
850 5180 887 5242 (p.
910 5185 967 5243 ldd,
988 5183 1042 5244 31),
1064 5186 1091 5231 in
1108 5183 1235 5243 Hispania
1251 5184 1331 5246 fucrit
1460 5184 1535 5231 tortus
1552 5182 1671 5242 epistulas
1689 5183 1716 5230 in
1734 5180 1757 5229 P
1772 5183 1905 5242 supersunt
1922 5179 1995 5228 boec:
2018 5179 2048 5228 19
2069 5213 2119 5228 ...
2140 5183 2151 5224 t

520 5261 570 5326 peu
588 5265 621 5315 20
642 5302 694 5314 ...
715 5267 770 5315 utro
787 5281 863 5328 quem
883 5304 889 5316 .
906 5303 935 5317 ..
955 5272 970 5317 ἰ
987 5269 1081 5317 lsmllis
1100 5268 1130 5318 21
1152 5305 1206 5318 ...
1226 5273 1276 5331 qui
1293 5271 1384 5318 merito
1404 5305 1410 5317 .
1427 5306 1455 5318 ..
1476 5283 1505 5317 se
1524 5269 1641 5317 conciliet
1658 5268 1711 5317 suti
1730 5267 1762 5317 22
1784 5303 1836 5317 ...
1858 5267 1898 5315 uis
1915 5268 1990 5315 etism
2011 5280 2080 5315 mese
2097 5301 2104 5314 .
2120 5300 2148 5311 ..

521 5351 689 5400 mendstionls
707 5366 763 5400 soce
784 5388 836 5402 ...
856 5367 898 5402 sre
918 5367 968 5403 non
987 5356 1080 5417 possim
1098 5370 1129 5403 cu
1148 5353 1181 5404 23
1247 5391 1253 5404 .
1273 5356 1437 5404 estimonium
1457 5360 1483 5402 et
1500 5359 1574 5403 tuum
1592 5354 1645 5403 iudi
1760 5354 1793 5404 20
1811 5348 1929 5419 resersri]
1947 5352 2052 5413 Μικεω,
2073 5363 2150 5399 reser-

521 5438 693 5501 mmffl
801 5438 1005 5490 mmmv
1109 5440 1324 5491 mmmv
1575 5430 1578 5438 “

607 5524 639 5573 25
658 5539 707 5576 orn.
727 5525 777 5575 VM
783 5546 791 5587 ς
810 5528 885 5576 simut
904 5541 960 5575 cum
978 5530 1085 5590 renuenti
1102 5529 1200 5587 emisso,
1222 5540 1284 5589 quos
1301 5527 1335 5575 od
1348 5527 1491 5574 Petronium
1509 5528 1601 5586 scripto
1619 5529 1669 5586 est3
1690 5538 1746 5586 erpo
1758 5524 1791 5573 ud
1806 5523 1955 5573 Patruinum
2058 5521 2091 5573 26
2109 5522 2150 5570 do·

521 5611 618 5659 miunm
642 5618 668 5660 et
691 5613 770 5662 tllium
795 5609 891 5679 meum]
914 5613 1022 5675 tntu),
1048 5612 1292 5679 sssflfs'p‘lfssssslenm
1314 5613 1335 5660 P
1507 5614 1569 5661 utris
1593 5612 1623 5660 ud
1647 5606 1772 5677 dominos]
1795 5610 1904 5673 ΥΜῌῙ),
1930 5608 2112 5676 ssiilsilis¹¹¹¹⁰⁸
2133 5606 2153 5655 P

521 5695 553 5744 27
572 5697 743 5759 smpltssimus
761 5696 830 5765 ordo]
854 5699 961 5762 Viam),
984 5698 1185 5765 smisssp'sssssrdn
1203 5700 1225 5747 P
1328 5700 1359 5748 de
1377 5694 1456 5764 more]
1476 5698 1580 5761 vorm),
1602 5696 1675 5764 ssp'lfe
1694 5697 1717 5745 P
1817 5703 1929 5760 spectare
1947 5710 2023 5745 csuss
2040 5702 2101 5745 sunt
2122 5695 2148 5755 V,

522 5788 637 5844 spectant
655 5788 681 5830 et
698 5799 784 5834 csnsss
802 5792 828 5833 et
847 5786 874 5833 Μ
