4746 6472
505 490 524 551 6
760 490 764 495 ’
1108 486 1303 543 sunuscffl
1322 487 1531 543 sprsrvnss

382 678 487 741 VMF
502 696 642 759 namque
663 675 716 741 hic
738 694 816 741 usus
839 676 873 740 in
895 684 1036 740 nostram
1059 677 1147 742 venit
1169 684 1327 757 aetatem,
1359 683 1393 742 ut
1416 696 1487 759 rus,
1522 677 1608 761 qnod
1630 678 1755 743 solebat
1776 678 1882 759 alere,
1908 699 1994 745 nunc
2016 679 2131 744 alatur.

503 799 614 845 verum
637 778 718 843 haec
740 778 840 845 missa
871 778 970 861 facio,
1004 800 1045 844 ne
1070 780 1222 845 salutatio
1249 779 1283 844 in
1313 780 1491 864 querellam
1520 799 1614 845 versa
1643 780 1766 845 minuat
1796 779 1895 846 oflicii
1925 782 2130 864 voluptatem.
2335 764 2364 859 ir

504 881 579 947 date
589 901 724 977 pperam
740 881 919 947 valetudini
935 889 967 947 et
981 881 1131 964 adloquio
1146 882 1308 964 crebriori,
1335 902 1418 966 quae
1434 903 1505 947 cum
1521 883 1672 968 petimus,
1691 882 1802 949 sedulo
1817 883 2016 968 pollicemur.
2048 884 2131 949 vale.

1126 1209 1170 1273 VI
1191 1208 1257 1290 (III)
1292 1216 1366 1274 ante
1382 1228 1413 1273 a.
1433 1211 1506 1273 376.

428 1345 493 1407 VF
754 1406 756 1409 ,
1110 1344 1369 1411 SYMMAOHVS
1391 1345 1530 1409 PATRI.
2154 1372 2168 1411 s

591 1516 703 1581 Solent
723 1516 918 1600 inpatientes
941 1515 1106 1580 dilationis
1129 1535 1212 1596 esse,
1238 1516 1294 1598 qui
1317 1522 1448 1600 sperant
1469 1516 1503 1580 in
1525 1535 1560 1582 se
1583 1516 1708 1599 aliquid
1730 1516 1871 1581 muneris
1887 1516 2130 1593 conferendum3

502 1618 566 1683 hoc
586 1638 661 1683 vero
684 1639 705 1683 a
727 1618 818 1683 vobis
841 1638 952 1684 recens
974 1626 1076 1684 ortum
1100 1618 1264 1699 videmus,
1299 1626 1333 1684 ut
1356 1639 1486 1683 suarum
1510 1639 1614 1684 rerum
1638 1619 1779 1684 munifici
1801 1640 1922 1685 moram
1945 1639 2008 1684 non
2031 1618 2135 1684 ierant

501 1720 673 1804 largiendi.
720 1740 805 1786 nunc
827 1740 930 1805 nuper
951 1720 994 1785 ad
1016 1741 1075 1786 ros
1098 1721 1264 1806 praedium
1287 1722 1361 1804 lege
1383 1721 1488 1802 venit,
1516 1722 1607 1788 cuius
1629 1743 1680 1788 me
1702 1722 1772 1788 iure
1796 1721 1949 1788 donastis.
1998 1721 2137 1786 cucurrit

502 1831 657 1907 quaestus
680 1830 787 1890 vester
808 1824 842 1888 in
866 1843 971 1889 meum
994 1825 1206 1903 commodum,
1232 1830 1265 1888 et
1286 1824 1417 1889 meliore
1433 1832 1506 1888 voto
1522 1824 1682 1889 fortunam
1699 1824 1777 1890 estis
1792 1824 1922 1890 imitati.
1960 1844 2036 1889 nam
2051 1822 2136 1906 quod

465 1930 548 1993 ier
571 1927 768 2012 propinquae
791 1927 884 1991 bonis
907 1946 978 1991 cum
1008 1927 1169 1992 maestitia
1200 1926 1428 2010 sumpseratis,
1461 1946 1532 1991 cum
1562 1927 1684 1992 laetitia
1701 1910 1905 1992 “omisistis
1952 1925 2030 2010 quid
2051 1925 2137 2008 quod
2156 1952 2186 1993 ro

503 2030 588 2095 hane
610 2029 836 2096 liberalitatem
859 2029 1048 2095 cumulastis
1071 2029 1270 2113 amplissimo
1292 2029 1498 2094 testimonio?
1527 2029 1619 2094 cuius
1648 2048 1709 2111 ego
1739 2030 2017 2094 honestamentum
2040 2049 2136 2113 prae·

503 2139 577 2218 opto
600 2133 804 2214 muneribus,
838 2153 913 2197 nam
936 2133 990 2215 qui
1013 2132 1128 2216 opibus
1150 2132 1337 2197 inlaudatus
1360 2132 1504 2213 iuuatur,
1529 2132 1747 2198 necessarium
1770 2131 1875 2215 magis
1898 2130 2016 2197 donum
2038 2150 2134 2215 quam

503 2236 623 2301 iustum
657 2235 834 2320 praemium
867 2235 995 2301 ridetur
1028 2236 1175 2321 adipisci.
1223 2256 1284 2318 ago
1317 2236 1415 2320 igitur
1446 2235 1566 2301 iudicio
1599 2243 1706 2302 vestro
1736 2242 1833 2317 atque
1863 2235 1966 2301 habeo
1996 2235 2131 2319 gratias,

503 2346 643 2421 quantae
666 2345 741 2404 sunt
763 2339 934 2419 maximae,
960 2340 1047 2422 quod
1069 2339 1147 2405 mihi
1170 2340 1320 2405 honorem
1345 2346 1513 2421 utrumque
1536 2338 1668 2417 fecistis,
1696 2348 1728 2403 et
1751 2340 1829 2404 deos
1851 2347 2035 2422 prem-‚ut
2050 2336 2133 2402 datis

503 2440 536 2505 in
552 2461 719 2507 commune
735 2461 846 2506 omnes
870 2442 1002 2525 longum
1025 2440 1170 2506 truamur
1192 2442 1318 2525 sintque
1342 2462 1382 2507 ex
1405 2442 1506 2519 nobis,
1533 2441 1649 2525 quibus
1666 2441 1814 2507 Ostiense
1837 2439 2005 2525 praedium
2027 2447 2135 2505 nostro
2155 2465 2183 2505 rs

503 2542 634 2623 iudicio,
660 2553 766 2610 vestro
789 2543 934 2610 tradatur
956 2544 1116 2628 exemplo.
1163 2545 1247 2609 vale.
1747 2532 1750 2541 ¹

1111 2959 1117 2969 ι
1166 2870 1227 2934 vn
1256 2876 1378 2934 anea.
1399 2872 1472 2933 ars.

1070 3006 1380 3072 sr'rrrrsorrrs
1403 3007 1562 3071 sarar.

590 3179 678 3242 Bono
701 3178 806 3242 animo
830 3196 950 3259 sumus,
977 3197 1048 3243 cum
1071 3176 1157 3243 viam
1179 3177 1327 3261 promissi
1350 3197 1507 3243 memores
1529 3176 1717 3242 inchoastis.
1765 3196 1849 3241 nunc
1871 3182 2040 3261 properato
2055 3192 2134 3259 opus

504 3288 568 3362 est,
597 3288 632 3345 ut
654 3280 730 3344 dum
753 3279 829 3344 anni
851 3287 978 3364 tempus
1001 3280 1101 3361 calet,
1136 3280 1280 3345 autumni
1311 3280 1395 3344 bona
1416 3280 1532 3364 raptim
1556 3278 1709 3345 fruamur.
1758 3278 1809 3344 his
1831 3278 1949 3363 quippe
1971 3276 2134 3342 mensibus
2154 3301 2184 3342 ro

504 3381 684 3466 Campania
706 3382 787 3451 nitet
807 3381 879 3465 agri
901 3383 998 3448 ubere
1022 3390 1053 3449 et
1077 3382 1199 3448 arbusti
1222 3383 1359 3463 honore,
1393 3382 1494 3448 Baiae
1523 3382 1625 3448 imbre
1648 3403 1737 3463 raro,
1771 3382 1838 3447 sole
1867 3381 1992 3447 modico
2013 3388 2135 3462 tempe-

463 3489 481 3548 2
505 3493 624 3565 rantur,
644 3504 783 3566 ¹mensae
805 3484 850 3563 ab
870 3485 1020 3551 edulibus
1043 3486 1191 3571 copiosae
1215 3492 1299 3563 sunt,
1325 3485 1443 3568 quibus
1465 3491 1500 3551 tu
1522 3485 1696 3550 amicorum
1720 3492 1866 3551 catervas
1889 3483 2032 3549 minaris.
2078 3480 2135 3546 sed

503 3589 583 3654 mihi
603 3589 758 3654 honestae
782 3587 996 3680 multitudinis
1019 3589 1109 3655 nulla
1132 3589 1265 3655 minatio
1288 3597 1347 3667 est,
1375 3595 1408 3653 et
1430 3589 1457 3653 si
1480 3588 1529 3653 bis
1551 3595 1640 3654 tanto
1662 3589 1782 3673 plures,
1808 3607 1904 3670 quam
1928 3586 2052 3660 scribis,
2076 3583 2134 3649 ad-

504 3691 633 3773 fuerint,
660 3691 785 3774 frugem
808 3690 924 3755 bonam
948 3690 1075 3757 iecoris.
1123 3711 1188 3758 nou
1204 3691 1314 3769 deerit,
1343 3712 1405 3774 quo
1421 3690 1538 3756 famem
1555 3690 1719 3775 polluant;
1746 3711 1819 3755 nam
1836 3690 2005 3755 comitibus
2020 3684 2133 3753 uestris

503 3800 613 3878 utpote
636 3793 752 3859 sobriis
774 3793 963 3859 caedundae
987 3796 1121 3877 saginae
1144 3814 1221 3861 cura
1242 3795 1399 3879 posterior
1421 3800 1482 3859 est.
1525 3813 1691 3877 quousque
1714 3794 1844 3876 longum
1868 3794 2003 3874 loquor?
2046 3790 2134 3856 mitto
2153 3813 2183 3855 rs

503 3897 614 3977 verba,
641 3916 707 3962 rem
730 3895 851 3979 flagito.
900 3898 1099 3962 occasionem
1123 3917 1236 3981 rapere
1259 3896 1427 3980 prudentis
1450 3903 1510 3962 est.
1558 3895 1584 3960 si
1608 3895 1687 3978 quid
1710 3894 1875 3960 dilationis
1903 3895 2014 3960 itineri
2034 3893 2134 3958 demi·

502 4004 562 4077 tur,
590 4019 680 4063 mora
702 3999 757 4064 otii
780 4006 979 4084 repensatur.
1026 4001 1111 4065 vale.

1155 4327 1232 4390 VIII
1261 4334 1337 4392 ante
1353 4347 1384 4391 a.
1404 4328 1477 4391 376.

1106 4462 1368 4529 SYMMACHVS
1391 4462 1531 4528 PATRI.

588 4622 779 4698 Iamdudum
802 4631 901 4696 vestri
923 4632 1056 4717 cupiunt
1077 4633 1216 4699 Lucrina
1237 4634 1335 4699 tacita
1357 4640 1390 4699 et
1411 4633 1535 4715 liquida
1557 4634 1682 4699 Baiana
1711 4640 1743 4698 et
1764 4632 1890 4698 Puteoli
1919 4631 2027 4696 adhuc
2049 4630 2133 4695 cele-
2152 4654 2181 4693 so

502 4737 576 4803 bres
599 4743 631 4801 et
652 4734 748 4799 Bauli
769 4753 922 4817 magnum
945 4735 1088 4800 silentes.
1137 4755 1195 4800 vos
1218 4736 1304 4820 apud
1327 4737 1442 4802 doram
1465 4737 1616 4802 rusticam
1638 4736 1690 4800 vel
1721 4734 1809 4819 apud
1838 4734 1965 4800 steriles
1988 4734 2133 4799 Formias

590 5080 601 5131 1
623 5082 696 5129 uenit
709 5083 735 5128 lu
749 5086 858 5129 nostram
871 5081 894 5126 F
978 5082 1191 5130 aeternitatemV
1294 5082 1501 5131 Isthmicos]
1584 5075 1753 5146 uoluptatem]
1765 5080 1879 5141 Lypstus,
1895 5081 2052 5129 uoluntatem
2066 5077 2135 5127 VMF

502 5169 517 5219 3
537 5170 615 5218 bonae
633 5166 772 5217 ualitudini
791 5167 814 5214 F
915 5181 978 5228 quaa
998 5169 1155 5229 coupetlmus
1180 5168 1206 5229 V,
1228 5182 1343 5230 quaeque
1362 5169 1473 5229 petimus
1493 5168 1515 5214 F

590 5254 605 5304 5
626 5269 657 5302 ·s·
678 5255 742 5317 patri
762 5254 788 5313 F,
810 5265 858 5301 om.
879 5252 899 5297 V
1023 5254 1039 5302 9
1058 5259 1147 5304 etuas
1166 5253 1268 5302 meliore
1287 5255 1310 5300 F
1437 5254 1467 5302 lo
1485 5254 1676 5316 propinqulsF
1801 5251 1861 5314 quid
1880 5276 1915 5286 -
1935 5250 1966 5301 12
1985 5252 2132 5300 muneribus

502 5355 560 5390 nam
578 5354 626 5390 om.
642 5340 665 5387 F
769 5338 800 5388 12
818 5339 846 5387 iu
864 5338 978 5388 laudeF
1084 5338 1115 5389 14
1134 5335 1205 5405 deos]
1223 5340 1251 5400 F,
1273 5339 1387 5388 dcumV
1491 5339 1521 5388 15
1540 5334 1669 5405 OatIonse]
1690 5340 1719 5399 F,
1739 5338 1873 5388 offensaV
1977 5336 2009 5386 16
2027 5337 2136 5386 daturi*

591 5425 622 5476 18
640 5425 803 5486 Symmachus
821 5426 887 5488 patri
909 5438 957 5474 om.
979 5425 1028 5472 VM
1165 5424 1197 5473 23
1222 5421 1339 5493 micatlo]
1364 5424 1424 5485 VM,
1453 5427 1555 5474 uitiatis
1574 5424 1608 5485 Γ,
1639 5427 1729 5474 uitatio
1747 5423 1874 5486 Scioppius
2016 5427 2056 5473 uis
2081 5424 2101 5473 V

502 5514 596 5562 scribes
619 5514 640 5558 V
766 5510 799 5561 21
816 5507 941 5577 polluant]
964 5510 1013 5573 Vl',
1035 5512 1131 5574 pellant
1150 5511 1178 5558 M
1303 5511 1336 5561 26
1355 5508 1492 5578 dilationis]
1514 5510 1591 5575 vlu,
1611 5512 1734 5561 dilacione
1753 5511 1780 5558 M
1905 5511 1994 5559 itineri
2012 5505 2133 5574 demitur]

502 5598 640 5661 Scioppiras,
661 5601 760 5647 itineris
779 5598 918 5647 redemitur
943 5596 1017 5657 1ΤΦ,
1038 5598 1137 5646 itineris
1155 5598 1314 5659 delinquitur
1334 5597 1361 5644 M
1464 5596 1496 5646 21
1515 5594 1676 5665 repausatur]
1700 5595 1777 5657 vro,
1798 5598 2030 5660 recompensabitur
2049 5594 2078 5643 M

588 5682 621 5732 29
641 5684 804 5743 Symmachus
818 5679 895 5749 patri]
914 5680 944 5745 Γ,
964 5696 1011 5731 om.
1032 5682 1080 5730 VM
1184 5681 1216 5732 30
1234 5683 1349 5745 puteolos
1367 5682 1413 5730 VM
1450 5696 1453 5701 ·
1510 5682 1656 5733 celabrIsP
1757 5681 1787 5732 31
1809 5684 1896 5732 baulos
1913 5684 1939 5743 V,
1960 5683 2059 5731 baiulus
2073 5680 2100 5728 M

502 5765 618 5835 silentes]
637 5766 697 5830 ΓΜ,
718 5770 808 5819 flentcs
830 5768 851 5815 V
