4746 6472
493 510 534 586 oo
1093 507 1520 577 sinuscmnrrsrvnau

439 710 473 772 P
492 712 556 794 qui·
570 711 644 796 plus
666 711 778 777 amicis
801 710 935 777 consilio
957 719 1082 793 nocent,
1108 731 1205 793 quam
1226 710 1365 775 inimicis
1388 710 1461 775 odio
1484 710 1598 776 obesse
1621 710 1819 793 potuissent?
1841 709 1900 776 sed
1914 731 1974 775 uos
1989 708 2117 795 publico

489 813 611 879 dudum
634 834 730 899 opere
752 813 922 899 perfuncti,
949 814 1057 878 aliena
1079 814 1243 878 sileamus.
1290 813 1336 877 dii
1357 814 1491 879 meliora
1512 816 1697 897 procurent!
1735 814 1946 896 nequeenim
1971 814 2116 897 gaudere

489 916 621 1000 dignum
645 924 705 999 est,
732 918 758 981 si
782 937 846 998 qua
867 915 947 980 milri
970 916 1042 981 laus
1066 936 1106 981 ex
1128 916 1262 981 alterius
1285 936 1391 981 cuore
1412 916 1589 1001 proveniat.
1636 916 1720 980 vale.

1143 1139 1214 1204 LVI
1242 1144 1318 1204 aute
1332 1159 1364 1204 a.
1383 1141 1457 1203 395.

954 1276 1214 1342 SYMMAOHVS
1236 1275 1453 1342 FLAVIANO
1476 1276 1644 1342 FRATRI.
2135 1297 2149 1335 s

574 1449 611 1512 ln
634 1448 783 1513 maximis
806 1448 934 1530 quidem
959 1449 1063 1531 rebus,
1090 1447 1167 1530 quid
1190 1447 1268 1512 mihi
1291 1447 1389 1513 studii
1412 1454 1509 1529 atque
1528 1446 1645 1513 amoris
1660 1447 1828 1534 inpendas,
1856 1446 2041 1532 frequenter
2055 1448 2114 1513 ad-

487 1553 584 1632 verti,
617 1554 676 1617 sed
705 1553 785 1618 baec
815 1571 940 1634 quoque
970 1552 1073 1617 crebri
1103 1551 1258 1616 sermonis
1286 1549 1394 1615 officia
1423 1556 1534 1635 utpote
1564 1571 1604 1615 ex
1632 1550 1744 1616 intimo
1772 1550 1902 1616 adfectu
1925 1552 2113 1636 deprompta

487 1655 684 1739 conplector;
714 1676 846 1739 quorum
870 1655 1049 1720 adsiduitas
1072 1655 1191 1719 cultum
1215 1654 1300 1718 circa
1321 1662 1353 1719 te
1376 1674 1482 1718 meum
1505 1653 1575 1738 pari
1596 1653 1688 1719 lance
1711 1660 1902 1740 conpensat,
1930 1654 2112 1720 iucunditas

486 1778 561 1824 vero
583 1766 673 1824 tanta
694 1765 760 1839 est,
792 1767 827 1825 ut
848 1758 952 1824 fatear
973 1778 1025 1823 me
1048 1757 1198 1842 adloquio
1220 1764 1274 1823 tuo
1297 1757 1405 1842 potius
1427 1756 1554 1822 incitari
1577 1756 1620 1822 ad
1642 1756 1839 1823 desiderium
1861 1778 1957 1841 quam
1980 1758 2108 1842 repleri.

486 1881 526 1926 ea
554 1862 674 1947 quippe
703 1883 807 1928 rerum
838 1863 978 1928 omnium
1005 1861 1085 1926 ratio
1108 1868 1205 1944 atque
1226 1867 1341 1925 natura
1365 1866 1430 1942 est,
1464 1867 1499 1925 ut
1520 1866 1650 1943 cuncta,
1684 1880 1766 1943 quae
1789 1860 1938 1926 humanis
1961 1861 2109 1928 sensibus
2130 1881 2159 1921 ro

445 1965 463 2024 2
486 1964 710 2043 blandiuntur,
742 1971 910 2051 nequeant,
932 1963 1058 2028 adferre
1081 1961 1259 2027 fastidium.
1305 1961 1415 2043 itaque
1438 1982 1510 2026 cum
1533 1960 1697 2026 solvendis
1720 1968 1817 2044 atque
1839 1963 1976 2046 agendis
1998 1963 2111 2046 gratiis

484 2087 545 2151 par
566 2087 638 2133 esse
660 2088 725 2132 uon
746 2068 884 2153 possim,
911 2066 1010 2147 facio,
1037 2064 1123 2149 quod
1145 2065 1249 2130 solent
1270 2064 1396 2149 inprobi
1418 2064 1597 2147 debitores,
1622 2064 1677 2147 qui
1699 2064 1807 2130 adhuc
1828 2066 1934 2131 alieno
1956 2085 2032 2132 aere
2054 2066 2113 2131 de-

484 2169 587 2253 pressi
610 2171 741 2255 cupiunt
763 2171 903 2236 secundo
926 2190 1011 2235 nexu
1032 2168 1152 2235 fenoris
1175 2168 1324 2252 obligari.
1365 2187 1463 2250 quare
1486 2167 1547 2233 etsi
1569 2187 1758 2234 numerosae
1780 2175 1855 2235 sunt
1876 2169 2001 2235 litterae
2023 2177 2109 2251 tuae,

484 2293 547 2338 uon
577 2281 612 2339 ut
638 2274 786 2357 ingratus
817 2275 875 2338 sed
906 2281 940 2339 ut
968 2272 1109 2337 muneris
1139 2272 1185 2338 tui
1214 2271 1349 2356 cupidus
1374 2270 1501 2356 postulo
1524 2271 1711 2336 crebriores.
1758 2271 1854 2338 facile
1876 2280 1983 2338 autem
2007 2273 2108 2339 conici

484 2383 606 2461 potest,
633 2398 729 2459 quam
752 2377 855 2443 vicem
879 2376 1039 2459 conloquii
1061 2375 1182 2441 otiosus
1204 2376 1276 2460 ipse
1298 2375 1468 2459 pollicear,
1496 2395 1567 2440 curn
1589 2376 1631 2440 ab
1654 2382 1807 2459 occupato
1829 2375 2013 2443 huiusmodi
2036 2376 2107 2441 offi-
2130 2397 2161 2437 rs

484 2480 569 2545 cium
591 2480 785 2566 inpatienter
807 2492 989 2565 exposcam.

1127 2701 1216 2767 LVII
1245 2706 1320 2766 ante
1336 2722 1367 2764 a.
1387 2703 1461 2766 383.

950 2838 1210 2904 SYMMACHVS
1233 2836 1449 2902 FLAVIANO
1471 2836 1643 2901 FRATRI.

569 3011 633 3076 Diu
657 3013 750 3078 domo
772 3013 887 3078 abesse
910 3011 1127 3093 decreveram,
1152 3009 1387 3093 iucundumque
1409 3008 1508 3075 otium
1531 3030 1602 3074 cum
1622 3008 1836 3077 familiaribus
1852 3013 1970 3078 uostris
1985 3015 2018 3080 in
2034 3014 2111 3081 sub·

483 3115 622 3197 urbano,
650 3116 700 3179 cui
722 3116 906 3189 arabianae
929 3135 1045 3180 nomeu
1068 3120 1133 3196 est,
1159 3113 1340 3197 exigebam.
1384 3111 1442 3178 sed
1463 3111 1540 3195 quia
1561 3113 1627 3178 sors
1650 3122 1757 3180 versat
1778 3114 1920 3181 humana
1941 3136 2000 3183 nec
2022 3136 2109 3183 sem-
2128 3135 2159 3178 as

481 3238 539 3303 per
561 3238 601 3283 ex
625 3226 697 3283 voto
720 3218 881 3284 destinata
903 3218 1096 3298 succedunt,
1124 3215 1280 3301 praefecti
1303 3216 1429 3281 litterae
1451 3223 1605 3300 ruperunt
1626 3217 1724 3283 otium
1747 3239 1870 3300 meum,
1900 3240 1985 3302 quae
2006 3221 2110 3285 bonae

483 3320 552 3404 spei
582 3321 722 3387 sollicita
751 3321 937 3387 miscebant.
986 3320 1153 3408 speciatim
1186 3318 1403 3404 praesentiam
1436 3339 1542 3384 meam
1576 3339 1634 3404 per
1666 3321 1852 3403 ambiguum
1885 3331 2110 3407 poposcerunt.

441 3430 460 3488 2
484 3445 547 3489 non
577 3424 690 3489 differo
719 3424 974 3509 expectationem
1004 3432 1103 3489 tuam.
1150 3427 1291 3501 Jscoarrtu
1317 3422 1351 3485 in
1374 3427 1510 3486 tractatu
1533 3428 1680 3487 senatum
1703 3424 1897 3490 commoneri
1919 3425 1978 3491 sed
2000 3432 2033 3491 et
2054 3426 2113 3492 ob-

482 3527 633 3594 lationem
655 3526 839 3593 iaciendam
863 3526 989 3611 scriptis
1011 3525 1236 3593 secretioribus
1257 3523 1423 3590 indicavit.
1466 3524 1547 3588 nihil
1571 3525 1778 3609 publicatum,
1803 3526 1884 3592 nihil
1905 3528 2023 3593 lectum
2046 3535 2107 3594 est.

481 3632 644 3714 quantitas
665 3630 917 3715 postulataerei
939 3629 1079 3696 excessit
1100 3629 1308 3714 opulentiam.
1352 3648 1387 3694 re
1409 3628 1537 3711 cognita
1558 3635 1684 3694 vastum
1707 3629 1869 3695 silentium
1893 3631 2016 3697 cunetis
2038 3638 2107 3697 stu·
2128 3650 2161 3692 aa

441 3740 460 3799 3
483 3755 541 3820 por
569 3734 693 3801 subitus
722 3732 903 3819 imperavit.
955 3753 1018 3817 quo
1047 3732 1177 3816 longius
1205 3731 1382 3817 prodeunte
1412 3731 1533 3815 placuit
1562 3731 1605 3813 iu,
1625 3739 1751 3817 tempus
1779 3733 1869 3797 aliud
1898 3733 2111 3801 deliberanda

481 3837 630 3921 produci,
665 3841 707 3902 ne
736 3836 956 3905 omitterentur
983 3835 1142 3901 absentes.
1196 3834 1344 3918 quamvis
1373 3833 1443 3917 ipse
1474 3832 1626 3922 dixerim,
1661 3835 1781 3900 Romae
1810 3841 1867 3900 aut
1894 3835 1927 3900 iu
1955 3837 2110 3920 proximis

480 3940 598 4023 positos
627 3940 679 4005 vel
709 3939 835 4005 evocari
857 3938 975 4005 debere
998 3939 1050 4003 vel
1074 3937 1213 4021 consuli,
1247 3957 1380 4021 quorum
1403 3956 1465 4001 non
1488 3937 1586 4002 debet
1607 3936 1648 4001 ob
1671 3956 1743 4002 earu
1765 3936 1946 4003 cautionem
1968 3938 2113 4004 futuram·

481 4049 516 4107 ut
539 4043 666 4108 statutis
688 4042 811 4109 ordinis
832 4042 1044 4127 polliceantur
1066 4042 1253 4107 adsensum.
1300 4040 1402 4105 habes
1432 4059 1559 4105 omnem
1588 4060 1673 4121 rem,
1706 4040 1746 4106 de
1769 4060 1833 4122 qua
1854 4040 1932 4124 quid
1955 4041 2105 4123 seutiam,

481 4146 560 4211 satis
582 4145 677 4211 nosti.
717 4145 775 4211 tibi
798 4144 926 4211 edumei
948 4163 1047 4210 causa
1069 4143 1245 4209 communis
1268 4149 1328 4226 est,
1353 4143 1463 4228 procul
1485 4149 1592 4208 tamen
1610 4143 1726 4208 abesse
1741 4142 1784 4207 ad
1798 4144 1953 4209 solacium
1968 4144 2103 4230 prolicit.
2128 4167 2160 4209 ao

1051 4367 1156 4434 LVIII
1176 4366 1283 4451 (LVII)
1317 4372 1392 4432 ante
1407 4387 1438 4431 a.
1457 4368 1531 4430 395.

945 4503 1207 4569 SYMMAOHVS
1228 4503 1446 4569 FLAVIANO
1469 4503 1638 4568 FRATRI.

565 4677 666 4742 Paulo
697 4683 771 4742 ante
794 4675 918 4742 litteras
941 4676 1033 4760 dedi,
1065 4696 1150 4741 nunc
1171 4675 1272 4741 reddo
1294 4695 1465 4760 responsa;
1501 4675 1577 4758 quia
1598 4675 1665 4740 illis
1687 4676 1870 4742 necessaria
1891 4678 2103 4761 continentur,

479 4782 529 4848 his
553 4780 703 4847 salutatio
726 4779 796 4845 sola
819 4780 1074 4864 praestringitur.
1118 4780 1276 4861 valemus,
1303 4787 1338 4845 ut
1359 4800 1469 4845 verum
1493 4787 1543 4845 est
1566 4829 1747 4844 .......
1773 4783 1803 4844 si
1823 4780 1880 4845 tibi
1903 4781 2010 4847 omnia
2032 4803 2106 4868 pro-

478 4905 571 4970 spere
594 4885 708 4965 fluunt,
734 4882 932 4968 †scriptione
955 4883 1019 4949 tide
1041 4883 1158 4949 bonum
1182 4902 1307 4948 meeum
1330 4902 1497 4948 commune
1519 4881 1699 4968 participat.
1746 4883 1830 4949 vale.
2125 4906 2159 4948 as

564 5127 646 5177 bom.
662 5128 685 5174 P
789 5126 819 5175 12
838 5140 938 5188 possum
957 5127 981 5173 P
1083 5125 1187 5188 151ριιο
1205 5139 1254 5175 om.
1270 5127 1293 5174 P
1394 5126 1528 5188 pollicetur
1546 5127 1570 5173 P

566 5213 596 5263 19
614 5215 774 5276 iucundoque
794 5212 816 5260 P
945 5211 977 5262 20
995 5208 1140 5279 exigebam]
1158 5213 1267 5276 Lectius,
1287 5214 1404 5273 exigebat
1422 5211 1445 5258 P
1570 5210 1603 5261 22
1621 5214 1751 5276 speciatim
1770 5227 1833 5262 corr.
1853 5227 1882 5262 cs
1899 5216 2031 5275 speciatim
2051 5213 2074 5262 P

476 5301 617 5363 ambiguam
632 5299 661 5362 P,
681 5301 798 5360 umbIgue
811 5298 902 5349 llicrcer
1005 5298 1038 5349 23
1057 5307 1168 5350 coactum
1181 5301 1207 5347 iu
1221 5304 1353 5348 tractatum
1368 5304 1482 5348 senatum
1496 5300 1644 5348 commoneri
1666 5298 1830 5361 Gothosndas
1842 5299 1876 5347 ud
1886 5314 1908 5347 c.
1925 5299 1970 5348 Ti.
1991 5302 2024 5347 Vi
2037 5303 2062 5349 2.
2076 5305 2102 5350 5.

476 5388 624 5449 collegarum
648 5390 756 5435 tractatu
781 5391 895 5436 senatum
920 5388 1070 5435 commoneri
1095 5387 1231 5448 Scioppius.
1270 5387 1351 5434 omnis
1374 5387 1469 5447 relique
1493 5401 1551 5446 pars
1575 5387 1694 5457 epistates
1717 5386 2052 5461 iacaab'gnp'smjpceroto
2069 5393 2104 5435 ert

476 5473 508 5522 25
526 5488 554 5522 re
571 5475 695 5535 cognitam
713 5473 737 5521 P
846 5473 878 5522 27
898 5487 944 5533 nec
962 5475 1138 5523 omitterentur
1156 5473 1184 5535 P,
1206 5488 1238 5521 ne
1256 5474 1473 5521 committerentur
1491 5471 1516 5521 Φ
1620 5474 1731 5522 absentis
1752 5472 1774 5520 P
1882 5474 1915 5524 28
1932 5476 2029 5537 positus
2047 5474 2070 5521 P

475 5561 580 5623 quorum
599 5575 648 5610 non
666 5561 742 5609 debet
760 5562 871 5610 euocati0
889 5562 1023 5623 temptrrl:
1044 5562 1075 5609 ob
1093 5574 1147 5609 eam
1166 5562 1308 5609 cautinuem
1327 5561 1452 5622 tutorum,
1473 5565 1504 5608 ut
1521 5564 1544 5607 ct
1556 5574 1579 5621 p.
1593 5574 1614 5608 s.
1636 5558 1773 5608 Mommsen

562 5646 594 5697 32
612 5647 698 5696 om.F
808 5645 993 5696 statuarum
1013 5648 1115 5695 esttibi
1136 5645 1165 5708 P,
1192 5648 1214 5695 si
1234 5647 1281 5694 tibi
1302 5647 1324 5693 F
1435 5645 1467 5693 35
1486 5642 1581 5711 fluunt]
1602 5647 1710 5705 leretur,
1731 5644 1822 5694 iruuut
1839 5644 1869 5705 P,
1889 5646 2028 5694 succedunt
2045 5645 2069 5692 F

474 5736 608 5795 scriptione
626 5729 687 5798 ilde]
705 5733 736 5794 P,
755 5735 899 5796 scriptionis
917 5733 965 5781 fido
984 5733 1007 5780 P
1119 5728 1264 5798 participet]
1283 5731 1311 5795 P,
1332 5732 1455 5793 participa
1473 5732 1496 5778 P
1607 5733 1742 5794 scriptlone
1760 5733 1786 5780 id
1805 5733 1898 5780 bonum
1917 5746 2015 5781 mecum
2033 5747 2103 5783 com·

475 5834 551 5869 mune
569 5821 719 5897 [ιιιιὶἱιὶριιῑοΙ
736 5818 879 5879 Mommsen,
899 5821 1048 5882 scriptlonss
1066 5820 1129 5869 sons
1146 5822 1239 5868 bouum
1258 5833 1355 5867 meeum
1374 5832 1506 5867 commum
1523 5820 1675 5881 participent
1693 5832 1737 5879 epo
