4722 6470
474 462 533 529 011
1000 426 1581 516 cunononocmsunniccltiuu

471 685 610 752 situdinc
634 704 712 751 usus
735 689 796 749 est.
836 704 910 749 nam
926 682 1139 750 Nicomachus
1154 681 1329 749 Flavianos
1353 687 1385 748 et
1400 680 1612 766 Symmachos
1634 700 1760 765 quoque
1774 679 1959 747 Aniciorum
1975 680 2103 745 domum

476 803 659 889 contigisse,
687 803 802 870 docent
823 803 969 883 nomina;
996 803 1080 869 inter
1102 802 1234 869 Anicios
1257 802 1340 869 enim
1365 801 1555 868 Nicomachi
1582 800 1619 884 (I,
1644 802 1686 883 II,
1713 801 1783 884 Vll)
1811 808 1844 866 et
1862 800 2012 867 Flaviani
2033 800 2101 885 (ΙΙΙ)

471 925 673 1010 reperiuntur
703 930 735 990 et
763 923 847 991 iuter
875 923 1086 1011 Symmachus
1115 943 1198 989 unus
1228 924 1343 989 saltem
1372 921 1506 988 Anicius
1540 922 1581 1005 (v.
1606 943 1639 1007 p.
1665 921 1764 1004 LIII).
1812 926 1980 1006 praeterea
2008 921 2106 987 Probi

471 1065 571 1112 nurus
600 1045 699 1111 Furia
727 1065 747 1111 a
773 1045 871 1111 Furio
893 1044 1016 1110 Maecio
1044 1044 1189 1110 Graccho
1219 1051 1251 1109 et
1279 1043 1423 1109 Decimio
1452 1041 1620 1108 Hilariano
1646 1041 1770 1107 Hilario
1799 1041 1973 1127 praefectis
2002 1041 2105 1107 altero

472 1165 543 1231 urbi
566 1185 597 1231 a.
617 1168 799 1248 316-377,
825 1165 926 1232 altero
948 1164 1107 1251 praetorio
1129 1184 1160 1229 a.
1181 1166 1242 1228 396
1266 1163 1423 1247 originem
1445 1162 1547 1243 duxit,
1575 1169 1607 1228 et
1622 1161 1808 1248 Symmachi
1823 1161 1987 1229 vinculum
2001 1161 2107 1244 quod-

474 1285 549 1350 dam
571 1285 746 1351 iunxerunt
773 1285 857 1351 inter
878 1285 1061 1351 Aniciorum
1091 1284 1248 1350 familiam
1277 1290 1309 1350 et
1330 1283 1515 1349 Memmium
1537 1282 1711 1349 Vitrasium
1741 1281 1875 1348 Orfitum
1896 1271 2105 1368 ¹praefectum

470 1406 541 1473 urbi
564 1405 614 1471 bis
636 1405 906 1490 Ambrosiumque
928 1405 1114 1491 episcopum
1135 1404 1421 1485 Mediolanensem,
1447 1422 1542 1488 quem
1566 1404 1688 1469 Probus
1710 1403 1780 1489 ipse
1803 1403 1846 1470 ad
1867 1402 2019 1488 Liguriae
2042 1403 2104 1469 ad-

471 1525 732 1592 ministrationem
755 1533 957 1611 promoverat
966 1527 1032 1609 ⁴⁴⁶).
1079 1526 1188 1609 itaque
1210 1544 1313 1611 paene
1336 1523 1443 1590 omnia
1465 1531 1598 1590 senatus
1620 1523 1761 1590 culmina
1782 1524 1893 1609 aliqua
1919 1524 2101 1591 necessitu—

469 1646 545 1712 dine
575 1645 796 1730 contingebat,
827 1667 931 1731 neque
961 1646 1130 1728 quisquam
1160 1645 1337 1711 affinitates
1364 1651 1430 1710 tam
1451 1651 1591 1710 remotas
1613 1644 1705 1730 parri
1727 1644 1880 1711 momenti
1902 1644 2095 1724 aestimabit,

432 1830 438 1843 ,
469 1767 524 1851 qui
546 1767 816 1849 consideraverit,
843 1773 996 1851 quantam
1018 1765 1083 1833 vim
1105 1765 1256 1832 nobilitas
1278 1764 1419 1831 omnium
1442 1765 1642 1831 sacculorum
1664 1763 1846 1830 huiusmodi
1869 1764 2101 1830 coniunctioni-

469 1887 530 1953 bus
552 1887 692 1953 tribuere
715 1888 828 1954 soleat.

555 2008 678 2073 Probus
700 2013 795 2073 natus
818 2013 868 2073 est
896 2007 981 2072 circa
1009 2027 1040 2072 a.
1068 2009 1146 2086 334;
1178 2004 1338 2090 siquidem
1367 2005 1539 2089 sexaginta
1567 2026 1640 2072 eum
1669 2025 1772 2073 annos
1800 2026 1904 2091 paene
1933 2005 2094 2091 explesse,

472 2126 551 2192 dicit
571 2126 737 2212 inscriptio
760 2126 829 2192 eius
852 2126 1120 2211 sepulcralisffl).
1165 2126 1302 2192 honores
1324 2126 1442 2212 spretis
1464 2125 1677 2209 dignitatibus
1700 2126 1875 2192 minoribus
1889 2146 1910 2191 a
1923 2143 2100 2212 proconsu-

469 2248 538 2313 latu
553 2246 682 2313 Airicae
706 2246 891 2332 auspicatus
914 2253 973 2328 est,
1001 2266 1095 2329 quem
1118 2245 1244 2330 accepit
1264 2253 1338 2330 post
1359 2246 1391 2312 d.
1421 2249 1458 2310 19
1480 2247 1549 2312 lan.
1576 2268 1606 2312 a.
1626 2250 1688 2312 356
1698 2250 1764 2331 ⁴4⁸),
1790 2245 1939 2332 deposuit
1959 2246 2042 2312 iuter
2063 2244 2095 2309 4.

470 2371 512 2431 23
531 2368 602 2433 144.
620 2374 652 2433 44
667 2370 706 2431 21
724 2367 794 2434 044.
812 2389 842 2433 a.
862 2369 1000 2448 358111).
1047 2385 1109 2448 quo
1131 2372 1222 2450 gesto
1237 2385 1339 2431 annos
1354 2364 1465 2432 decem
1480 2366 1610 2450 quievit,
1637 2367 1739 2433 donec
1753 2366 1988 2451 praefecturam
2003 2386 2100 2449 prae-

470 2487 549 2553 torio
566 2488 665 2553 semel
680 2488 817 2572 adeptus
833 2508 935 2570 usque
950 2486 994 2552 ad
1008 2492 1140 2553 mortem
1156 2508 1229 2554 raro
1245 2493 1367 2553 tantum
1384 2486 1609 2571 deposuit⁴⁶⁰).
1650 2487 1806 2553 successit
1821 2486 2099 2553 valueruntne

469 2607 632 2694 praefecto
655 2608 770 2674 Italiae
792 2607 915 2693 lllyrici
937 2613 970 2673 et
991 2606 1121 2673 Africae
1143 2607 1226 2673 inter
1248 2606 1281 2672 d.
1307 2606 1441 2672 25144.
1467 2612 1500 2673 et
1526 2610 1563 2670 12
1585 2606 1679 2672 Mart.
1705 2628 1736 2672 a.
1763 2611 1824 2673 368
1835 2610 1901 2691 ⁴⁵¹),
1926 2607 2099 2673 remansit-

469 2728 587 2812 quein
611 2728 817 2811 magistratu,
855 2727 889 2793 id
911 2726 998 2812 quod
1019 2747 1090 2793 raro
1113 2727 1260 2811 contigit,
1292 2745 1393 2793 annos
1416 2726 1582 2792 continuos
1604 2733 1691 2809 octo,
1724 2733 1757 2793 et
1777 2727 1855 2811 quia
1876 2728 1919 2793 ab
1941 2727 2098 2810 Augustis

466 2856 607 2915 remotus
641 2846 749 2914 Sirmii
782 2848 971 2934 plerumque
1003 2845 1167 2914 residebat
1176 2850 1249 2931 ⁴⁵²),
1286 2854 1446 2933 potestate
1479 2867 1583 2933 paene
1615 2847 1821 2932 imperatoria
1852 2847 2017 2914 fruebatur
2025 2848 2093 2929 451).

467 2968 686 3034 Valentiniani
709 2968 850 3034 favorem
873 2988 912 3035 eo
934 2966 1103 3048 retinebat,
1131 2968 1216 3051 quod
1238 2968 1358 3035 tributa
1380 2987 1505 3033 summa
1527 2986 1598 3032 cum
1621 2967 1793 3034 severitate
1816 2968 1951 3053 exigens
1973 2967 2097 3034 reditus

468 3089 577 3171 largos
606 3108 646 3154 ex
676 3088 849 3173 provinciis
878 3088 940 3154 sibi
970 3087 1100 3154 creditis
1128 3087 1163 3152 iu
1192 3088 1376 3154 comitatum
1405 3088 1624 3171 mittebat⁴⁶⁴),
1658 3108 1741 3172 quae
1771 3093 1879 3154 autem
1908 3088 1977 3173 ipse
2007 3088 2098 3154 lucra

468 3209 619 3292 captabat
627 3210 693 3291 455),
717 3208 903 3294 imperatori
924 3208 1037 3293 ignota
1059 3215 1257 3274 mansemnt.
1302 3208 1410 3294 itaque
1433 3230 1463 3275 a.
1491 3212 1550 3273 311
1575 3207 1618 3273 ad
1647 3208 1847 3275 consulatum
1876 3216 2006 3276 evectus
2033 3215 2093 3293 est,

468 3328 522 3413 qui
545 3328 645 3395 honor
666 3328 884 3394 Valentiniani
907 3335 1051 3415 tempore
1073 3328 1261 3414 plerumque
1283 3329 1439 3412 Augustis
1461 3328 1541 3414 ipsis
1564 3329 1760 3413 summisque
1781 3329 1938 3396 bellorum
1961 3328 2097 3395 ducibus

470 3455 664 3531 reservatus,
689 3449 724 3514 iu
746 3448 906 3515 hominem
929 3449 1068 3535 partium
1091 3448 1233 3515 civilium
1255 3449 1418 3515 rarissime
1441 3449 1673 3531 conferebatur,
1700 3455 1734 3515 at
1754 3449 1788 3514 in
1810 3449 1913 3515 Probo
1935 3469 1974 3516 eo
1996 3449 2097 3515 maior

559 3691 619 3756 446)
636 3695 736 3743 Ρ44114.
756 3694 804 3743 414.
823 3692 913 3742 Ambr.
934 3690 958 3741 8.
997 3694 1030 3742 41.
1050 3692 1081 3741 44
1100 3693 1175 3754 epist.
1196 3694 1236 3742 III
1254 3692 1365 3744 30-37.

558 3779 619 3842 441)
639 3781 691 3833 Τ14.
711 3779 726 3829 6
745 3795 771 3828 v.
788 3779 804 3830 9
821 3794 882 3828 amu
899 3793 956 3828 rum
973 3793 1014 3828 sea
1032 3779 1109 3829 denos
1127 3782 1216 3828 44444444
1233 3779 1390 3841 suaperdssci
1408 3793 1497 3843 anuos,
1516 3780 1618 3829 41144444
1635 3782 1726 3840 praeuio
1744 3784 1830 3840 raptus
1848 3783 1875 3829 tn
1892 3781 1977 3829 actim
1995 3779 2097 3829 Probus.

553 3865 612 3927 448)
634 3866 686 3914 Hoc
703 3866 745 3915 die
763 3865 909 3915 Procliauus
926 3866 1059 3928 proconsul
1076 3866 1256 3928 praescribitur
1272 3866 1323 3927 legi
1342 3866 1403 3916 044.
1424 3865 1519 3915 Theod.
1538 3867 1575 3914 IV
1594 3864 1634 3928 12,
1655 3865 1680 3914 4.

554 3950 614 4013 449)
634 3954 692 4014 Ipse
710 3952 889 4014 praescribitur
905 3951 955 4013 legi
974 3951 1035 4002 044.
1056 3951 1150 4002 Ι114444.
1171 3950 1265 4015 xlae,
1281 3944 1322 4013 13,
1342 3966 1469 4001 successor
1487 3954 1545 4001 etus
1563 3952 1699 4002 Flavianus
1717 3952 1816 4013 legibus
1834 3951 1894 4001 644.
1916 3952 2010 4002 Theoti.
2032 3955 2095 4002 VIII

469 4035 494 4098 5,
517 4034 709 4101 1114411136,
730 4036 772 4088 14.

554 4122 614 4185 450)
635 4124 767 4173 61444144.
788 4124 820 4172 44
838 4136 905 4175 cous.
927 4123 968 4173 01.
988 4128 1015 4172 44
1032 4124 1103 4172 Prob.
1124 4122 1157 4173 55
1174 4136 1240 4184 acu,
1260 4123 1320 4173 mitt
1337 4127 1446 4174 44444414
1462 4128 1567 4185 puteant
1584 4126 1605 4172 si
1622 4124 1721 4173 4444644
1739 4137 1781 4173 ore
1800 4150 1850 4186 -,
1869 4128 1928 4173 oeta
1944 4124 2018 4174 Probi
2035 4139 2096 4174 nar·

466 4222 521 4258 rara
544 4223 646 4271 queam,
673 4215 730 4271 quot
754 4212 782 4259 ia
805 4210 892 4260 ordine
915 4213 998 4270 pantes
1020 4212 1121 4270 4444414,
1147 4209 1180 4258 ad
1203 4212 1293 4258 summi
1310 4213 1419 4274 puotim
1437 4210 1543 4271 sastipic
1561 4212 1622 4259 iuris
1638 4213 1746 4271 4444414,
1773 4211 1863 4259 lintius
1881 4211 1930 4259 tate
1948 4224 2004 4259 eum
2021 4210 2097 4271 freno

467 4299 556 4343 uastat
575 4296 736 4357 Illyricosque
754 4298 825 4346 staua
842 4300 866 4343 ct
883 4309 943 4358 quos
960 4300 1016 4344 arai
1034 4296 1122 4358 Africo
1140 4309 1248 4357 campos.
1286 4297 1319 4345 ci.
1340 4297 1424 4345 44444.
1446 4295 1505 4346 415.

552 4380 613 4443 451)
634 4382 693 4431 cod.
708 4382 802 4433 Theod.
823 4382 886 4431 VIII
898 4380 952 4444 6,1
974 4396 1031 4431 cnm
1043 4382 1102 4432 444.
1117 4382 1248 4445 6444414,
1268 4382 1294 4431 X
1307 4381 1349 4447 24,
1367 4382 1390 4432 1.
1421 4384 1490 4444 leges
1508 4396 1588 4445 paene
1605 4383 1789 4444 quinquaginta
1807 4383 1836 4431 44
1855 4397 1915 4431 eum
1933 4384 2005 4433 44444
2023 4390 2092 4446 4444,

468 4481 531 4530 quas
553 4481 659 4530 quaeras
684 4469 745 4517 11444
765 4470 795 4517 in
817 4468 902 4517 iudice
926 4470 1035 4531 corperis
1059 4469 1143 4529 legum
1167 4469 1207 4518 44.
1227 4469 1324 4518 1144441
1342 4484 1368 4531 p.
1392 4468 1449 4519 121.
1487 4470 1515 4517 14
1539 4474 1610 4517 tanta
1634 4471 1704 4530 copia
1722 4469 1863 4518 mirandum
1882 4483 1931 4518 nou
1950 4476 2004 4535 444,
2028 4471 2095 4533 quod

467 4555 603 4602 nonnullae
627 4554 681 4603 dies
705 4559 731 4602 44
755 4554 870 4604 consules
890 4555 966 4604 141444
990 4556 1143 4619 subscriptos
1164 4555 1273 4619 habent,
1297 4557 1340 4605 sed
1364 4556 1396 4605 44
1422 4561 1547 4619 tempore,
1577 4570 1627 4619 qne
1649 4556 1757 4617 primam
1781 4556 1963 4618 praefecturam
1987 4558 2093 4618 accepit,

466 4640 630 4689 nihilomiuus
655 4640 766 4688 dubitari
789 4653 838 4688 444
862 4646 959 4703 potest,
986 4656 1043 4690 cum
1068 4647 1094 4690 44
1112 4643 1245 4691 Ammiano
1264 4641 1410 4691 Marcellino
1431 4642 1513 4705 (XXX
1533 4643 1557 4705 5,
1578 4641 1594 4690 4
1612 4642 1644 4690 44
1662 4658 1685 4690 a.
1707 4641 1757 4692 375
1773 4643 1956 4704 praefecturam
1972 4646 2095 4704 ,444444ιό

467 4730 527 4774 tuuc
548 4729 706 4788 primitus
729 4728 841 4788 44444444)
870 4734 897 4776 44
920 4729 1127 4791 inscriptionibus
1145 4730 1256 4779 testibus
1273 4728 1477 4791 locupletissimis
1496 4734 1606 4777 utamur.
1644 4729 1670 4777 14
1689 4733 1756 4777 certe
1775 4734 1886 4793 4444444,
1912 4743 1997 4778 omnes
2015 4731 2092 4791 leges,

467 4813 512 4874 qni
528 4814 656 4872 Augustos
673 4813 787 4863 consules
806 4815 958 4876 subscriptos
976 4815 1086 4877 habent,
1111 4828 1161 4863 444
1179 4814 1210 4863 44
1229 4828 1323 4863 anuum
1342 4814 1406 4877 365,
1426 4815 1471 4863 444
1489 4816 1580 4864 autad
1600 4814 1651 4865 368
1669 4815 1761 4864 autad
1779 4813 1829 4865 310
1847 4816 1938 4864 autad
1958 4815 2007 4864 373
2026 4818 2094 4864 rete·

467 4898 557 4947 rendae
579 4911 643 4946 4444.
681 4898 808 4960 Krueger,
838 4898 913 4948 114644
936 4900 975 4948 dis
996 4900 1211 4961 Zaitbastimmuup
1233 4900 1276 4948 dar
1296 4900 1494 4949 constitutiones
1512 4900 1906 4968 444444141444364-373,
1932 4901 2093 4951 Commenta·

467 4984 547 5031 ttoues
571 4983 781 5033 Mommseuianae
803 5000 828 5046 p.
851 4984 893 5035 75.
930 4986 965 5036 41.
990 4986 1073 5035 Amm.
1094 4985 1256 5048 XXVIIII,
1280 4984 1309 5049 1,
1335 4985 1449 5035 XXVIII
1471 4985 1495 5048 1,
1513 4985 1562 5048 31,
1592 4987 1691 5037 Ρ44114.
1719 4988 1765 5036 414.
1792 4988 1908 5037 Ambros.
1928 4987 1958 5049 5,
1988 4988 2091 5039 Η14444.

467 5084 506 5131 ep.
530 5068 587 5132 123,
610 5069 656 5129 18,
676 5070 773 5120 Auson.
794 5086 833 5134 ep.
854 5070 918 5120 XVI
936 5070 962 5133 2,
984 5069 1024 5120 is.

553 5154 613 5219 452)
633 5156 719 5206 Amm.
739 5156 828 5206 XXIX
845 5156 871 5222 6,
890 5156 921 5219 9,
941 5159 1037 5207 Anscn.
1059 5158 1134 5221 epist.
1154 5158 1218 5207 XVI
1237 5156 1263 5221 2,
1286 5157 1308 5208 i.
1342 5158 1401 5208 coe.
1423 5159 1517 5208 Theod.
1538 5156 1689 5222 v114,16;
1710 5157 1799 5221 23,1,
1820 5159 1921 5222 31115,
1935 5158 1983 5224 as,
2006 5160 2045 5222 15,
2061 5161 2091 5222 5,

466 5241 532 5290 XIII
550 5242 576 5306 3,
595 5240 625 5305 ’1,
645 5241 694 5291 XV
715 5241 739 5305 l,
761 5241 802 5304 is,
821 5245 865 5292 ubi
883 5258 981 5307 semper
998 5257 1042 5305 pro
1060 5244 1147 5293 dutum
1165 5245 1255 5294 6144414
1273 5244 1433 5294 scribendum
1452 5252 1490 5293 est
1508 5250 1635 5306 acceptum
1652 5244 1757 5307 Sirmio,
1779 5259 1836 5293 nam
1855 5251 1946 5294 uenter
1963 5247 2094 5306 Augustus

465 5329 518 5376 illls
536 5329 609 5376 44414
627 5326 713 5376 Sirmii
731 5333 792 5380 4441.

553 5414 613 5476 453)
633 5416 727 5465 Ausen.
750 5428 790 5477 ep.
811 5416 872 5463 XVI
890 5415 917 5479 2,
939 5415 969 5466 16
995 5417 1037 5479 qui
1060 5418 1126 5465 sotus
1149 5419 1254 5478 acceptia
1276 5417 1352 5466 tribus
1374 5421 1422 5466 arta
1442 5418 1630 5480 (Valentiniano
1649 5418 1757 5467 Valente
1775 5418 1904 5480 64441444)
1923 5432 2022 5469 mm
2040 5422 2093 5481 pri-

464 5515 521 5548 mus
539 5505 574 5548 cat
590 5504 760 5563 praetortoqus
777 5505 910 5551 mactmus.
948 5503 980 5550 41.
1001 5505 1085 5551 Amm.
1105 5502 1206 5551 XXVII
1226 5502 1266 5565 il,
1288 5502 1411 5566 2444414,
1430 5503 1600 5565 quaesivisti,
1621 5506 1740 5564 inperitia.

550 5585 610 5649 454)
632 5589 715 5636 Amm.
735 5586 812 5635 XXX
830 5588 855 5649 5,
877 5587 900 5636 5.

551 5671 611 5737 455)
632 5674 714 5723 Amm.
735 5672 836 5720 XXVII
857 5672 897 5735 11,
919 5672 930 5722 1
957 5675 1071 5734 coquitur
1088 5676 1139 5723 orti
1158 5674 1283 5739 Romnae,
1308 5689 1353 5736 per
1371 5690 1442 5739 quem
1459 5678 1605 5725 aulaearum
1620 5691 1700 5739 poam
1714 5679 1867 5738 pctrr'mosia
1884 5691 1972 5741 sparsa
1987 5680 2095 5739 posssdii

466 5760 552 5807 iusta
570 5773 610 5807 cu
627 5772 720 5807 accus
736 5772 789 5806 aon
806 5759 917 5809 1444141411
934 5764 969 5809 sat
986 5762 1072 5811 uestri.
