4686 6472
443 482 521 547 VIII
985 478 1036 536 Dll
1055 478 1252 536 umanum
1269 478 1536 537 castrumve.

444 704 596 771 laudibus
619 704 851 785 celebrabatur,
885 703 987 769 ullam
1009 703 1204 770 mentionem
1231 702 1335 770 inicit.
1382 703 1425 768 ad
1454 703 1537 770 illud
1565 702 1665 788 igitur
1692 702 1912 769 testimoninm
1942 721 2076 768 conver·

445 831 561 906 tamur,
596 822 683 906 quod
705 823 739 890 in
762 824 872 890 codice
894 823 1072 889 orationum
1095 823 1266 909 superstite
1289 823 1386 889 etium
1409 842 1494 888 nnnc
1515 829 1678 902 tenemus3
1711 822 1803 888 cuius
1826 842 1898 889 cnm
1920 822 2075 888 rationem

445 950 478 1010 et
500 943 642 1009 indolem
664 944 945 1029 perspexerimus,
975 945 1016 1011 de
1044 944 1156 1031 primis
1179 963 1305 1026 quoqne
1328 942 1521 1009 editionibus
1543 963 1564 1008 a
1586 942 1739 1028 scriptore
1762 941 1833 1027 ipso
1855 942 1975 1008 curado
1997 963 2077 1009 non-

449 1064 540 1130 nulla
563 1063 778 1130 edocebimur.

532 1192 570 1257 In
596 1194 761 1278 praeclaro
790 1192 848 1258 illo
875 1192 987 1258 codice
1010 1191 1176 1275 Bobiensi,
1208 1191 1260 1257 cni
1283 1191 1447 1258 Ciceronis
1476 1212 1604 1276 qnoque
1634 1191 1675 1257 de
1705 1190 1893 1276 republica
1919 1191 2020 1257 libros
2042 1198 2075 1257 et

447 1313 618 1378 Frontonis
642 1313 798 1397 epistulas
822 1312 987 1391 debemus,
1020 1311 1099 1377 folia
1126 1311 1242 1395 viginti
1272 1318 1396 1396 septem
1426 1312 1486 1377 snb
1512 1311 1671 1396 scriptura
1691 1309 1868 1377 recentiore
1891 1311 2077 1395 Symmachi

446 1432 607 1498 eradonas
637 1432 864 1515 continentll).
912 1438 1060 1497 constant
1089 1431 1230 1516 paginae
1261 1431 1409 1515 singulae
1435 1431 1581 1498 semibus
1603 1431 1725 1497 vicenis
1755 1430 1859 1512 senis,
1892 1430 1927 1495 in
1948 1438 2078 1514 quater-

448 1553 543 1619 nione
566 1558 674 1618 autem
698 1552 810 1636 primo,
837 1551 893 1635 qui
915 1551 981 1616 alia
1003 1571 1110 1633 mann,
1137 1572 1233 1635 quam
1249 1550 1365 1635 reliqui
1379 1551 1518 1636 scriptus
1541 1558 1600 1634 est,
1627 1551 1750 1617 vicenis
1772 1550 1904 1616 octonis.
1945 1550 2079 1616 summis

449 1672 580 1758 paginis
602 1671 705 1737 versis
728 1671 844 1737 litteris
865 1671 1042 1737 minoribus
1065 1672 1253 1756 inscriptum
1269 1678 1320 1737 est
1334 1693 1364 1755 q.
1382 1693 1455 1736 aar.
1473 1676 1625 1736 sammoci
1650 1671 1763 1755 (rarius
1780 1672 1959 1752 cammunti,
1984 1690 2079 1735 nnm-

447 1812 544 1875 quam
566 1794 741 1875 symmocbrl
769 1794 879 1875 vc.¹⁷),
905 1792 1001 1857 rectis
1023 1791 1108 1857 tituli
1131 1791 1310 1856 orationum
1332 1791 1383 1858 bi:
1411 1794 1497 1856 laud.
1518 1794 1642 1857 laval.
1661 1792 1896 1875 sea.au9.1¹⁸)
1923 1828 1967 1837 -
1990 1792 2073 1854 larcd.

448 1915 492 1976 in.
518 1914 581 1976 val.
607 1932 672 1976 sen.
699 1932 770 1995 cup.
797 1913 872 1995 11¹⁹)
903 1948 946 1958 —
976 1913 1061 1975 laad.
1095 1915 1316 1995 improliamum.
1350 1933 1412 1994 nup
1439 1948 1483 1959 -
1509 1932 1579 1994 pro.
1610 1912 1747 1995 palra²⁰i
1779 1947 1824 1960 ·-
1853 1932 1923 1994 pro.
1954 1914 2079 1994 lryyelio

445 2070 489 2078 —
514 2054 584 2115 pro.
613 2036 648 2116 sl.
680 2052 784 2095 savem
812 2068 856 2078 —
884 2035 1060 2114 prospectio
1089 2068 1132 2078 —
1160 2032 1348 2114 provalcrio.
1378 2032 1548 2114 fortonato.
1594 2031 1677 2097 inter
1705 2030 1786 2095 fines
1815 2030 1994 2097 orationum
2024 2048 2077 2095 se-

447 2151 571 2217 cundae
601 2158 633 2217 et
662 2151 777 2217 tertiae
806 2157 902 2233 atque
931 2150 1024 2216 initia
1053 2150 1168 2216 tertiae
1191 2156 1224 2216 et
1245 2156 1379 2233 quartae
1409 2151 1517 2235 spatia
1548 2170 1653 2216 vacua
1680 2169 1831 2217 ramnum
1862 2149 2016 2217 tredecim
2046 2156 2079 2216 ct

447 2291 562 2337 novem
584 2272 797 2356 reperiuntur,
823 2270 940 2352 quibus
955 2270 1033 2336 olim
1056 2270 1141 2336 tituli
1163 2277 1196 2336 et
1216 2270 1321 2355 prima
1337 2270 1515 2336 orationum
1530 2271 1631 2336 verba
1651 2271 1779 2337 rubrica
1796 2270 1951 2356 inscripta
1973 2276 2075 2337 erant.

447 2398 613 2458 contextus
635 2412 656 2456 a
678 2391 809 2457 librario
831 2409 1070 2472 nonnumquam
1094 2389 1265 2455 distinctus
1287 2396 1338 2455 est
1363 2396 1397 2456 et
1410 2390 1524 2474 spatiis
1539 2390 1682 2475 parvulis
1697 2389 1898 2471 intermissis,
1923 2397 2080 2474 quaeant

447 2517 566 2596 puncta
588 2517 644 2577 ant
666 2511 769 2577 crucis
792 2510 886 2594 signa
914 2508 1112 2594 praecedunt
1138 2514 1171 2574 et
1197 2508 1324 2576 litterae
1354 2508 1492 2575 maiores
1520 2516 1713 2593 sequnntur,
1746 2510 1780 2576 in
1806 2510 1913 2595 capita
1941 2509 2074 2591 divisos,

447 2650 530 2713 quae
559 2650 620 2713 ego
648 2650 775 2714 quoque
804 2630 839 2695 in
861 2628 1001 2695 editione
1032 2628 1307 2713 repraesentanda
1329 2629 1426 2711 duxi,
1460 2635 1517 2695 aut
1545 2630 1601 2695 nbi
1630 2647 1759 2695 sensnm
1789 2629 2024 2696 intolerabilem
2046 2630 2078 2694 in

447 2749 577 2815 modum
599 2749 802 2834 dirumpunt,
837 2749 953 2815 saltem
975 2747 1008 2812 in
1031 2755 1190 2832 apparatu
1212 2748 1323 2813 critico
1353 2748 1557 2829 indicavit).
1605 2748 1706 2815 codex
1729 2756 1889 2817 correctus
1911 2755 1961 2815 est
1983 2769 2078 2815 manu

447 2869 591 2935 secunda
613 2888 743 2951 macra,
771 2888 854 2952 qnae
876 2888 949 2934 cnm
972 2887 1077 2952 paene
1100 2887 1227 2952 semper
1245 2868 1399 2933 lectiones
1416 2875 1472 2934 ant
1486 2887 1582 2934 veras
1597 2875 1652 2934 ant
1667 2868 1710 2933 ad
1725 2889 1820 2935 veras
1835 2870 1968 2955 propius
1983 2889 2077 2936 acce-

447 2988 561 3054 dentes
584 2990 733 3056 restituat
754 2988 814 3054 scd
835 3008 1008 3072 numquam
1031 2988 1151 3054 menda
1173 2988 1323 3071 gravina
1344 2987 1446 3069 tollat,
1472 2986 1561 3053 idem
1583 2989 1751 3072 exemplar
1772 2988 1961 3056 correctioni
1983 2988 2078 3054 adhi-

447 3108 556 3175 buisse
578 3109 715 3191 videtur,
743 3130 762 3175 e
784 3128 847 3192 quo
869 3108 973 3193 prima
993 3127 1109 3173 manns
1128 3113 1312 3173 contextum
1328 3106 1554 3191 descripserat.
1594 3112 1627 3173 et
1641 3107 1851 3193 archetypum
1866 3127 1992 3192 qnoque
2007 3127 2077 3173 cor-

448 3235 601 3294 rectorem
622 3236 788 3315 expertnm
809 3247 892 3308 esse,
919 3227 1014 3293 docet
1033 3247 1066 3311 p.
1085 3228 1157 3306 335,
1181 3230 1229 3305 17,
1256 3225 1311 3291 ubi
1330 3226 1468 3292 traditur
1487 3229 1825 3291 uomrumirabilcsnirc
1844 3249 1901 3313 pro
1921 3232 2079 3291 acmmm'c

449 3350 649 3412 intonabiles.
697 3369 771 3414 nam
789 3347 939 3432 syllabas
961 3352 1010 3409 mis
1033 3352 1066 3412 et
1087 3367 1130 3427 ae,
1156 3365 1241 3429 quae
1262 3346 1295 3410 in
1318 3345 1485 3412 vocabulis
1507 3347 1587 3432 ipsis
1609 3347 1843 3429 desiderantur,
1873 3354 1946 3433 post
1965 3347 2025 3413 illa
2045 3347 2080 3412 in

449 3468 559 3534 codice
581 3468 658 3551 legi,
685 3488 724 3534 eo
746 3473 869 3533 tantum
893 3465 1048 3551 explicari
1070 3471 1185 3549 potest,
1211 3467 1298 3547 qnod
1320 3487 1341 3531 a
1363 3466 1494 3532 librario
1517 3467 1605 3551 prius
1635 3469 1775 3534 omissae
1804 3475 1837 3534 et
1865 3468 1949 3534 inter
1976 3467 2081 3533 lineas

449 3588 581 3654 additae
604 3588 744 3653 fuerunt.
790 3587 878 3652 idem
900 3587 932 3652 in
956 3585 1137 3670 corruptela
1159 3606 1192 3670 p.
1218 3587 1292 3668 331,
1319 3589 1359 3649 25
1382 3588 1592 3650 bicaterassum
1615 3608 1673 3672 pro
1703 3590 1773 3651 blac
1803 3591 1977 3652 inanimam
2007 3608 2082 3672 per-

450 3708 593 3794 spicitur.
641 3727 715 3772 nam
738 3712 907 3792 postquam
929 3706 1080 3772 librarius
1103 3704 1224 3772 codicis
1246 3704 1415 3790 archetypi
1438 3705 1555 3771 calami
1577 3706 1672 3791 lapsn
1703 3709 1910 3772 liciatoliaam
1939 3707 2075 3792 scripsit,

1973 3804 1985 3834 Ι
2032 3804 2048 3832 tr

451 3845 618 3911 correctori
649 3844 776 3910 litterae
798 3865 820 3907 a
842 3850 875 3909 et
896 3865 912 3906 s
934 3842 1125 3909 adiciendae
1148 3850 1255 3925 amnt,
1288 3863 1372 3927 quae
1402 3863 1473 3909 cum
1500 3850 1714 3927 permutasset
1735 3844 1796 3910 hoc
1818 3843 1912 3911 modo
1934 3846 2082 3908 1111111111-

450 3987 536 4048 aum,
562 3985 613 4048 ea,
638 3964 777 4049 quaein
800 3963 909 4028 codice
931 3969 1038 4027 nostro
1059 3961 1220 4047 leguntur,
1246 3969 1323 4028 nata
1346 3968 1431 4027 sunt.
1474 3963 1569 4028 lectio
1593 3964 1694 4049 partis
1717 3965 1846 4030 maioris
1868 3984 1971 4049 paene
1994 3971 2080 4030 certa

452 4092 518 4163 est;
553 4084 666 4169 paucis
688 4089 811 4150 tanturn
834 4082 914 4149 locis
936 4082 998 4147 nisi
1021 4101 1122 4165 parva
1144 4082 1321 4166 scripturae
1343 4082 1485 4164 vestigia
1510 4103 1573 4148 non
1596 4091 1764 4168 apparent,
1796 4104 1880 4167 quae
1902 4104 1965 4149 non
1987 4103 2083 4149 nnm-

452 4224 549 4288 qnam
571 4202 712 4288 quinque
735 4202 871 4269 diversis
894 4201 999 4267 modis
1021 4202 1073 4267 vel
1097 4201 1195 4267 etiam
1224 4201 1370 4285 pluribus
1400 4202 1604 4287 interpretari
1631 4176 1814 4287 possumus.
1867 4204 1925 4269 sed
1956 4203 2082 4270 etiamsi

453 4323 601 4407 singulae
629 4324 755 4388 litterae
776 4321 936 4387 interdum
967 4321 1064 4405 plane
1086 4321 1229 4387 incertae
1252 4321 1334 4405 sint,
1366 4321 1575 4387 nibilominus
1606 4321 1647 4387 de
1668 4322 1776 4388 verbis
1805 4323 1940 4407 integris
1963 4323 2082 4406 numus

453 4444 520 4509 iere
542 4450 677 4509 constat.
717 4461 802 4525 quae
825 4447 997 4526 supersunt
1019 4440 1099 4505 folia
1121 4441 1155 4506 in
1176 4440 1289 4506 codice
1311 4432 1464 4525 primario
1487 4442 1547 4507 hoc
1569 4441 1663 4507 modo
1685 4442 1768 4508 inter
1791 4462 1826 4509 se
1849 4444 2078 4510 cohaeserunt:

544 4770 582 4831 16]
604 4772 726 4831 liopertae
744 4776 770 4819 at
788 4770 897 4831 primurn
915 4769 998 4817 aditae
1016 4774 1077 4818 sunt
1094 4770 1125 4817 ab
1142 4770 1241 4830 Angeia
1259 4769 1337 4831 Malo,
1361 4767 1392 4826 (l.
1413 4768 1509 4817 Aurelii
1528 4768 1669 4831 Symmachi
1686 4787 1711 4821 a.
1730 4787 1752 4820 c.
1772 4776 1826 4820 octo
1843 4775 1987 4822 cratonum
2005 4772 2084 4822 inedi-

455 4864 537 4906 tarum
553 4861 643 4918 partes,
666 4855 801 4904 llladioloni
815 4858 890 4904 1313.
928 4856 959 4904 ab
978 4856 1064 4904 emam
1083 4856 1206 4917 repetitas
1225 4860 1251 4903 et
1269 4855 1414 4913 fragmentis
1428 4854 1552 4904 Vaticanis
1570 4860 1658 4904 anctae
1676 4857 1704 4905 ln
1722 4858 1876 4917 Scriptorum
1892 4863 2003 4907 cannam
2017 4872 2083 4907 nona

453 4943 595 4991 collectione
618 4957 631 4991 a
654 4941 780 4990 Vaticanis
803 4941 926 4990 codicibus
947 4941 1015 4990 edita
1033 4941 1053 5003 1,
1081 4940 1173 4989 llomaa
1192 4941 1260 4990 1313
1278 4946 1300 4989 ct
1320 4941 1383 4988 1331
1411 4946 1438 4987 et
1463 4938 1497 4988 Μ.
1520 4939 1599 4989 Tullii
1619 4941 1742 4991 Omeronia
1759 4942 1879 4991 librorum
1896 4943 1926 4992 dc
1942 4958 1968 4992 rc
1983 4944 2085 5004 publica

455 5033 575 5090 maan
597 5033 705 5089 superest
729 5030 756 5076 in
775 5028 935 5089 palimpsesto
959 5027 1112 5075 bibliothecae
1140 5026 1272 5074 Vaticanus
1293 5028 1424 5088 praecipua
1449 5031 1587 5086 maram,
1621 5026 1712 5074 Romae
1736 5031 1811 5077 ista.
1849 5035 1978 5090 praeterea
2004 5029 2084 5078 edidlt

457 5114 575 5173 Niebnbr,
597 5112 626 5171 0.
642 5114 739 5161 Aurelii
755 5112 896 5175 Symmachi
917 5112 981 5159 Vll!
997 5115 1138 5162 matianum
1156 5111 1298 5172 srapmcrrla
1316 5111 1448 5159 Frontonis
1466 5112 1583 5172 reliquiis
1602 5112 1706 5175 adlecta,
1728 5113 1838 5161 Baralinl
1858 5116 1933 5162 1316.
1971 5127 2083 5176 panegy-

454 5202 534 5250 ricum
552 5199 690 5249 secundum
708 5201 734 5247 in
754 5199 963 5248 Valentinianum
982 5199 1050 5248 odldl
1068 5201 1095 5247 in
1118 5197 1369 5246 ‹Jommemauonttm
1383 5197 1516 5258 pbilolopia
1533 5200 1561 5247 in
1579 5197 1695 5247 tanmem
1716 5198 1834 5248 Tbcodori
1853 5199 1988 5248 lllommaen
2005 5202 2082 5261 scrip-

455 5289 495 5348 lta,
517 5285 767 5346 sandaracam.
788 5288 850 5336 sat.

547 5381 587 5443 il)
607 5381 729 5428 summi
747 5381 868 5441 scripturn
886 5383 926 5427 eat
943 5378 1026 5428 dccles
1044 5379 1137 5442 acxlsa,
1156 5377 1291 5426 cummacbl
1308 5378 1400 5437 wales,
1421 5391 1508 5426 suanm
1529 5377 1577 5437 bis,
1597 5378 1668 5425 serbi
1685 5379 1745 5426 tinia
1762 5383 1801 5427 ter
1817 5379 1867 5438 legi
1885 5381 1983 5440 nequit.

545 5471 583 5535 181
605 5474 641 5522 ita
658 5478 706 5532 ter,
725 5474 796 5522 ualn.
817 5473 865 5534 bis,
886 5473 967 5521 calon
988 5472 1078 5534 semel,
1096 5485 1156 5532 nup.
1176 5472 1256 5520 cernel
1274 5471 1409 5521 ornlttltnr.

544 5565 584 5630 19)
604 5568 640 5616 lta
658 5573 705 5629 tor,
725 5569 797 5617 ualn.
819 5573 867 5629 tar,
886 5569 963 5615 sanic.
984 5568 1072 5627 sarnai,
1092 5567 1151 5614 dnls
1169 5567 1343 5628 lnacdptloula
1361 5578 1412 5615 aen.
1432 5580 1492 5626 nup.
1514 5567 1545 5613 11
1561 5567 1640 5615 sernsl
1657 5566 1822 5616 desideratur.

543 5660 584 5720 20)
605 5663 641 5708 ita
658 5667 707 5723 tar,
725 5660 807 5710 laude.
828 5664 923 5721 lnpotra
941 5663 1030 5724 semel,
1050 5662 1077 5709 in
1096 5675 1194 5709 summa
1212 5675 1238 5723 p.
1258 5660 1318 5711 204.

542 5752 584 5815 ll)
606 5753 663 5811 325,
688 5754 716 5814 1,
737 5754 784 5813 ss,
806 5752 864 5813 331,
886 5753 934 5817 23,
955 5753 1015 5812 332,
1038 5755 1082 5817 113
1104 5754 1163 5815 333,
1184 5754 1213 5819 ⁴¹3
1234 5754 1294 5817 336,
1317 5753 1344 5816 1;
1366 5754 1425 5812 331,
1447 5754 1489 5804 tt.
