4744 6476
863 509 1139 575 (EPISTVLARVM
1158 511 1228 565 LiB.
1249 511 1296 575 X).

697 872 922 939 xxxxvmr
941 871 1072 955 (erm.
1092 870 1193 953 exa)
1231 891 1262 936 a.
1281 872 1464 935 aer-aas.

355 1046 440 1124 Quid
469 1047 587 1113 habeat
616 1044 813 1111 condicionis
841 1042 1024 1129 inscriptio,
1057 1063 1136 1126 prae
1165 1041 1282 1108 ceteris
1312 1040 1413 1108 nostis
1442 1041 1522 1107 iuris
1551 1042 1675 1127 publici
1697 1042 1889 1125 conditores,
1919 1043 2017 1105 ΤΜΓ

269 1151 348 1216 ddd.
373 1151 496 1235 imppp.
516 1148 741 1215 Valentiniano
764 1147 926 1212 Theodosi
949 1152 982 1211 et
1002 1144 1122 1211 Arcadi
1144 1144 1257 1230 inclyti
1279 1144 1414 1210 victores
1436 1164 1475 1210 ac
1498 1145 1746 1230 triumphatores
1769 1165 1896 1231 semper

269 1253 418 1337 Augusti.
464 1252 627 1337 provisum
658 1257 707 1317 est
729 1249 832 1333 enim,
865 1269 907 1314 nc
929 1248 1001 1332 quis
1023 1256 1144 1314 temere
1166 1248 1200 1312 in
1222 1246 1320 1317 alieni
1345 1247 1460 1332 capitis
1483 1246 1656 1315 discrimen
1677 1248 1830 1331 irrueret,
1860 1254 1896 1313 ut

237 1377 305 1423 sse
334 1356 474 1421 ciusdem
503 1355 591 1440 prius
620 1373 744 1439 poenae
775 1352 947 1437 sponsione
976 1350 1120 1416 vinciret.
1168 1348 1345 1416 secundum
1374 1348 1456 1414 haee
1485 1349 1567 1416 scita
1597 1352 1706 1433 legum
1737 1371 1839 1434 agens
1860 1351 1894 1416 in
1917 1351 1937 1411 2

269 1460 365 1526 rebus
380 1457 552 1523 Africanus
573 1456 811 1523 accusationem
833 1454 997 1539 professus
1014 1454 1180 1539 Campano
1204 1460 1238 1518 et
1255 1452 1385 1537 Hygino
1410 1452 1598 1519 clarissimis
1620 1453 1698 1518 viris
1721 1453 1896 1520 violentiae

269 1563 390 1629 crimen
418 1560 545 1627 obiecit.
594 1560 758 1641 continuo,
792 1566 828 1624 ut
858 1558 1015 1625 severitas
1044 1556 1213 1640 exigebat,
1248 1575 1320 1622 reos
1350 1555 1497 1621 custodia
1518 1555 1668 1621 militaris
1691 1555 1896 1623 dissimulata

269 1665 437 1749 dignitatis
452 1666 625 1727 reverentie
640 1661 869 1741 circumdedit;
897 1661 955 1727 sed
971 1659 1025 1726 ubi
1040 1666 1149 1745 partes
1169 1659 1229 1724 sub
1253 1659 1402 1725 examine
1425 1658 1644 1742 constiterunt,
1670 1659 1771 1726 multo
1794 1660 1897 1725 lucta-

269 1770 354 1835 mine
368 1775 572 1854 patronorum
588 1765 725 1831 decursa
744 1764 883 1850 cognitio
899 1762 1043 1830 oratione
1066 1762 1170 1845 magis
1192 1783 1290 1845 quam
1312 1760 1554 1846 probationibus
1576 1761 1779 1828 redundavit.
1821 1782 1892 1827 cum
1917 1765 1935 1825 3

221 1891 249 1931 ιι
269 1874 367 1957 longa
395 1871 563 1937 verborum
594 1868 679 1934 serie
707 1887 807 1933 causa
835 1866 1034 1948 traheretur,
1068 1871 1243 1931 summates
1266 1863 1418 1930 Aricinae
1450 1865 1557 1947 urbis,
1591 1884 1672 1947 quos
1694 1872 1730 1931 et
1751 1865 1896 1931 conscios

269 1983 435 2041 aecusator
462 1973 640 2053 exciverat,
674 1971 882 2036 adhibuimus
910 1968 1102 2053 quaestioni.
1149 1974 1312 2051 gestorum
1335 1967 1479 2033 ordinem
1501 1967 1719 2034 sciscitamur:
1755 1969 1896 2035 omnium

269 2077 417 2145 convenit
438 2075 589 2157 adsertio,
618 2073 700 2138 nihil
723 2075 888 2139 turbarum
911 2090 984 2138 esse
1006 2070 1187 2137 conflatum.
1235 2078 1311 2136 tune
1333 2070 1377 2136 ad
1399 2069 1594 2136 eludendum
1617 2070 1773 2136 iudicium
1795 2091 1893 2156 prae-

269 2182 374 2248 sentia
403 2178 572 2245 cuiusdam
603 2177 709 2260 coepit
730 2176 879 2261 exposci,
910 2195 1005 2259 quem
1027 2194 1091 2240 non
1112 2175 1243 2240 tenebat
1264 2172 1440 2258 inscriptio.
1487 2193 1525 2239 eo
1548 2172 1688 2257 denique
1710 2192 1762 2239 res
1784 2172 1893 2254 rediit,

269 2295 304 2350 ut
332 2305 353 2351 a
382 2283 527 2369 partibus
550 2280 695 2345 Africani
725 2279 939 2346 accusationis
962 2277 1093 2343 omissio
1117 2276 1342 2362 desperatione
1365 2281 1538 2361 peteretur.
1586 2282 1755 2361 supererat
1777 2282 1812 2342 ut
1834 2276 1898 2342 eri-

222 2405 251 2444 15
269 2388 354 2453 mine
369 2407 434 2453 non
455 2385 587 2470 probato
610 2384 644 2447 in
666 2388 885 2448 accusatorem
907 2380 1080 2447 formidata
1102 2379 1165 2446 reis
1187 2400 1294 2464 poena
1315 2378 1482 2458 transiret3
1510 2379 1570 2445 sed
1592 2398 1664 2444 eum
1686 2399 1738 2445 me
1754 2378 1897 2444 Africani
1920 2387 1938 2445 4

270 2490 385 2555 militia
413 2489 533 2574 pariter
561 2493 656 2571 atque
679 2486 811 2552 incauta
832 2483 1053 2550 adolescentia
1075 2490 1297 2567 permoveret,
1330 2481 1432 2547 malui
1453 2481 1608 2547 indicium
1631 2480 1673 2547 de
1695 2502 1733 2548 eo
1756 2482 1898 2547 elemen-

269 2592 353 2657 tibus
369 2611 546 2658 reservare.
582 2590 650 2655 alia
672 2595 723 2654 est
744 2589 830 2653 enim
853 2587 998 2653 condicio
1021 2586 1277 2670 magistratuum,
1302 2604 1438 2668 quorum
1460 2590 1632 2669 corruptae
1652 2583 1802 2650 videnter
1824 2603 1897 2650 esse

269 2693 458 2777 sententiae,
485 2694 513 2759 si
536 2694 600 2758 sint
620 2691 750 2774 legibus
773 2689 927 2772 mitiores,
953 2688 1021 2755 alia
1042 2695 1093 2755 est
1114 2688 1294 2755 divinorum
1317 2687 1495 2773 principum
1518 2692 1674 2771 potestas,
1699 2705 1780 2768 quoe
1803 2685 1898 2752 decet

268 2796 475 2862 acrimoniam
505 2795 609 2861 severi
638 2794 718 2859 iuris
747 2791 921 2858 inflectere.
968 2791 1119 2858 relationi
1140 2797 1233 2875 gesta
1255 2790 1421 2871 subtexui,
1457 2790 1595 2875 partium
1617 2809 1742 2873 quoque
1764 2791 1896 2874 subple-

219 2916 250 2958 ἰι
269 2908 377 2966 menta
405 2899 535 2965 sociavi.
583 2916 704 2981 quaeso
735 2895 999 2979 augustissimam
1028 2894 1261 2978 perennitatem
1289 2890 1450 2976 hestram,
1490 2899 1526 2958 ut
1553 2892 1720 2979 perpensis
1750 2891 1897 2958 omnibus

269 3002 433 3087 sequenda
454 3001 603 3068 iubeatis.

354 3191 459 3247 ecoe.
479 3190 587 3245 Theod.
608 3187 694 3245 VIIII
713 3190 736 3253 i,
758 3191 783 3242 5.
804 3190 829 3242 8.
850 3189 875 3241 9.
898 3188 939 3240 11.
962 3187 1003 3239 14.

355 3483 366 3533 1
388 3486 444 3533 Di).
465 3484 640 3532 Valentiniano
659 3483 796 3531 Theodosio
814 3489 840 3531 et
857 3480 982 3529 Archadio
1001 3480 1162 3539 Symmachus
1181 3494 1206 3529 n.
1228 3496 1249 3528 e.
1271 3482 1352 3543 praei.
1372 3481 1429 3528 urb.
1449 3479 1475 3528 Γ
1631 3480 1647 3528 2
1665 3492 1724 3542 prae
1741 3478 1833 3527 ceteris
1851 3492 1897 3527 uo·

268 3573 313 3621 stri
335 3571 390 3631 ΤΜ,
411 3572 490 3619 nostis
507 3583 566 3632 prae
584 3570 674 3618 ceteris
693 3567 719 3617 Γ
819 3562 908 3618 addet
925 3565 993 3632 imp}
1011 3566 1047 3629 M,
1068 3568 1123 3615 bb.
1144 3568 1307 3628 Imperatores
1326 3565 1352 3615 Γ
1452 3566 1550 3614 archadi
1572 3564 1646 3613 ΤΜΓ
1745 3565 1827 3613 incliti
1850 3563 1898 3611 ΤΜ
1945 3578 1948 3587 ⁴

268 3656 352 3719 daug
371 3657 399 3703 M
528 3653 568 3723 ut]
592 3656 620 3719 T,
640 3660 666 3703 et
686 3655 721 3719 M,
741 3656 767 3704 ui
786 3654 812 3703 Γ
942 3650 1106 3721 baiusdem]
1124 3667 1179 3715 epe,
1198 3654 1265 3701 idam
1287 3651 1361 3701 ΤΜΓ
1490 3654 1605 3701 uinceret
1624 3651 1653 3698 M
1782 3650 1798 3700 b
1817 3650 1896 3698 11*ιὶ-

268 3759 345 3793 eanes
370 3743 396 3792 Γ
540 3745 615 3804 ygiuo
641 3741 699 3801 ΤΜ,
730 3743 822 3802 liigiue
845 3741 872 3790 Γ
1018 3740 1183 3800 8dignitatis
1210 3735 1365 3806 reuerentia]
1392 3753 1448 3801 apo,
1477 3738 1608 3798 dignitatis
1634 3737 1696 3799 ΓΜ,
1726 3736 1850 3797 dignitate
1874 3735 1900 3784 Γ

268 3830 455 3891 ilprobatiouts
479 3828 507 3875 M
657 3828 688 3877 10
706 3829 837 3876 oriciorum
862 3827 890 3875 Μ
1037 3827 1152 3875 conscius
1179 3825 1226 3873 ΤΜ
1376 3824 1404 3874 11
1425 3827 1536 3887 questuri
1560 3824 1589 3872 M
1735 3822 1766 3871 13
1784 3823 1848 3871 adiit
1871 3823 1899 3870 M

271 3915 301 3965 li
320 3917 431 3965 affricani
449 3914 504 3963 ΜΓ
610 3915 780 3977 disparatione
802 3914 822 3960 Τ
937 3914 966 3963 ib
985 3915 1105 3962 Aiiricani
1125 3911 1151 3961 Γ
1262 3911 1293 3961 16
1312 3911 1436 3960 iudicium
1453 3925 1502 3962 om.
1525 3910 1554 3958 M
1667 3908 1698 3957 18
1716 3915 1755 3957 est
1771 3922 1819 3956 osu.
1841 3905 1868 3955 Γ

268 4003 382 4050 diuorum
401 4001 427 4049 Γ
551 4002 585 4051 ‘20
603 4006 714 4051 uestram
732 4001 932 4064 augustissimam
950 4000 1135 4063 perennitatem
1154 3998 1180 4046 Γ
1307 4013 1353 4061 per
1370 4000 1501 4061 perpensis
1522 3998 1549 4044 M
1677 3994 1707 4044 at
1728 3997 1821 4058 quinti.
1841 4008 1894 4043 aur.

271 4089 370 4150 (aurelii
389 4087 418 4134 M
423 4092 429 4150 i
450 4090 594 4149 symmachi.
614 4104 654 4136 uc.
676 4089 811 4136 relationes
829 4089 962 4150 explicitae
982 4092 1043 4135 suut
1061 4086 1172 4134 feliciter
1196 4084 1245 4132 ΓΜ
