4746 6472
952 496 1067 556 LIBER
1083 497 1125 554 II.¹
1421 510 1426 518 ¹
1809 498 1850 560 49

223 692 453 777 praestandum
476 691 591 758 deesse
612 699 738 778 tempus
761 692 915 775 allegem,
949 690 1026 772 quia
1054 690 1197 774 potentia
1222 709 1295 753 mea
1325 688 1366 753 de
1388 688 1436 753 tui
1457 687 1585 753 honoris
1607 686 1729 751 viribus
1751 685 1851 750 aesti—
1872 685 1983 747 PVM

224 802 338 860 matur.
387 786 441 861 tao
462 814 533 876 oro,
561 801 595 860 ut
616 794 731 860 effectu
754 793 883 859 honoris
906 793 955 858 sui
979 792 1136 873 sentiant,
1163 812 1220 877 pro
1243 789 1426 871 concordia,
1452 811 1536 873 quae
1558 789 1637 855 mihi
1658 796 1764 855 tecum
1786 794 1846 869 est,

223 898 381 981 quidquid
403 897 545 964 defertur
567 897 634 979 uni,
659 898 701 963 ah
724 904 858 980 utroque
880 895 1003 962 deberi.

876 1222 957 1287 XXI
986 1227 1108 1289 antea.
1126 1224 1198 1287 395.

23 1334 33 1539 p
203 1382 214 1417 t
692 1358 951 1425 sunmonvs
977 1359 1194 1447 omnino
1216 1359 1386 1423 sennar.

314 1532 423 1598 Officii
445 1531 508 1597 mei
530 1531 610 1597 ratio
632 1531 745 1609 suasit,
772 1538 808 1595 nt
831 1531 1013 1612 scriberem,
1039 1529 1168 1612 quando
1190 1550 1231 1595 ea
1252 1537 1301 1595 est
1323 1549 1462 1615 persona
1481 1530 1605 1594 litteras
1620 1527 1794 1608 redditura,
1820 1536 1855 1593 ut

235 1637 302 1719 plus
324 1634 364 1700 de
387 1634 506 1700 iudicio
528 1641 583 1699 tuo
605 1654 701 1717 quam
723 1634 765 1699 de
787 1654 858 1699 meo
881 1640 988 1718 speret
1010 1632 1143 1698 auxilio.
1190 1633 1299 1716 itaque
1322 1632 1445 1714 omnia,
1473 1652 1555 1714 quae
1579 1650 1647 1695 mos
1669 1639 1719 1697 est
1740 1631 1855 1697 litteris

236 1738 408 1822 explicare,
434 1736 495 1821 ipsi
518 1736 624 1821 potius
646 1736 807 1801 narranda
828 1735 962 1819 delego,
988 1755 1093 1817 aquo
1115 1735 1293 1820 amplitudo
1315 1742 1388 1817 tua,
1422 1742 1454 1800 et
1482 1755 1565 1818 quae
1588 1734 1629 1800 de
1652 1755 1703 1800 me
1725 1734 1855 1818 cognitu

237 1842 328 1924 digna
351 1839 533 1921 crediderit,
559 1849 592 1906 et
613 1861 696 1924 quae
719 1840 821 1925 ipsius
844 1840 971 1906 fortuna
993 1839 1106 1924 poscit,
1133 1839 1280 1924 accipiet.

861 2166 958 2230 XXII
992 2187 1023 2231 a.
1043 2159 1224 2230 aaa-383.

697 2301 956 2368 SYMMACHVS
983 2300 1201 2368 FLAVIANO
1224 2302 1393 2368 FRATRI.
1884 2304 1980 2365 PVF
2010 2309 2012 2313 ’

317 2475 564 2559 Reparationem
592 2523 799 2538 ........
825 2472 946 2538 iamdiu
976 2472 1159 2557 corpusculi
1187 2473 1253 2538 mei
1280 2472 1515 2553 valetudinem,
1554 2472 1582 2536 si
1615 2472 1677 2537 t'rui
1712 2494 1858 2556 agrorum

241 2578 452 2643 salubritatem
476 2577 662 2661 potuissem.
710 2575 770 2641 sed
793 2595 877 2640 nunc
899 2574 1003 2641 intuta
1026 2581 1076 2640 est
1097 2574 1273 2640 latrociniis
1296 2575 1532 2656 suburbanitas,
1557 2581 1654 2657 atque
1676 2575 1751 2642 ideo
1765 2597 1861 2662 prae-

240 2688 298 2747 stat
318 2680 474 2746 macerari
496 2679 559 2745 otio
582 2678 737 2759 civitatis,
763 2699 860 2760 quam
883 2679 1028 2763 pericula
1049 2678 1132 2742 ruris
1153 2677 1306 2743 incidere.
1352 2678 1418 2745 tuis
1439 2685 1547 2744 tamen
1571 2679 1685 2744 litteris
1706 2678 1862 2765 prolicere

201 2784 403 2849 insanitatem
426 2803 531 2848 meam
553 2781 674 2864 sentio,
708 2782 824 2865 quihus
846 2780 1003 2847 beneficia
1024 2780 1145 2846 domini
1167 2781 1267 2846 nostri
1289 2780 1462 2847 Theodosii
1486 2780 1671 2865 frequenter
1692 2803 1862 2848 enumeras

241 2892 270 2951 et
289 2885 419 2970 urgueri
440 2886 554 2951 merita
574 2891 632 2951 tua
654 2884 781 2968 magnis
803 2884 956 2968 praemiis
978 2883 1163 2949 adseveras.
1211 2890 1243 2948 et
1272 2884 1322 2948 illi
1350 2882 1480 2965 quidem
1510 2884 1554 2949 ad
1575 2868 1719 2967 agendas
1741 2885 1862 2968 galias
1885 2890 1904 2949 2

241 2997 292 3055 tua
312 2990 426 3073 lingua
448 2988 601 3057 sufficiet:
629 3007 688 3072 ego
710 3008 767 3073 pro
790 2986 1009 3053 mediocritate
1030 2986 1153 3068 ingenii
1175 2986 1239 3051 mei
1260 2986 1329 3051 viro
1351 2987 1623 3052 excellentissimo
1644 2987 1808 3068 nostrique
1829 2987 1863 3051 in

243 3092 428 3157 Flavianum
451 3090 517 3156 voti
540 3091 626 3157 socio
649 3089 750 3156 ricem
774 3089 882 3154 laudis
904 3089 1038 3155 exsolvi.
1080 3088 1139 3155 sed
1160 3088 1224 3153 iarn
1247 3096 1376 3173 tempus
1399 3097 1457 3165 est,
1484 3090 1637 3174 utipsnm
1652 3090 1743 3154 illum
1759 3089 1864 3154 redire

243 3195 381 3278 patiaris,
407 3213 467 3278 pro
489 3213 551 3276 quo
573 3193 708 3277 obligati
731 3212 852 3258 sumne.
890 3212 1056 3276 quousque
1079 3192 1301 3276 magistratum
1325 3192 1517 3275 longinquae
1541 3193 1723 3277 provinciae
1746 3191 1865 3257 solacio

202 3317 228 3357 ro
244 3303 295 3363 tuo
316 3296 487 3362 vindicas?
518 3296 609 3361 nulla
630 3294 671 3361 de
695 3296 802 3361 uxoris
825 3301 914 3361 utero
937 3296 1080 3361 oausatm
1102 3303 1168 3377 est,
1201 3295 1293 3360 cuins
1315 3295 1569 3380 expectationem
1592 3303 1734 3361 maturus
1755 3304 1866 3381 partus

244 3400 386 3466 absolvit.

862 3724 976 3788 XXIII
1006 3745 1036 3789 a.
1057 3726 1239 3791 esa—383.

706 3861 965 3928 SYMMACHVS
987 3861 1206 3927 FLAVIANO
1228 3861 1399 3926 FRATRI.
1891 3866 2000 3927 PVM

326 4033 485 4100 Putabam
517 4039 564 4098 tot
596 4032 726 4099 monitis
758 4037 856 4116 atque
889 4031 1162 4098 exhortationihus
1196 4033 1275 4099 meis
1308 4033 1433 4116 aliquid
1465 4034 1572 4100 animo
1605 4043 1659 4101 tuo
1692 4038 1870 4103 accessisse

202 4155 229 4197 rr
246 4136 448 4217 tolerantiae,
482 4146 516 4200 ot
536 4136 699 4202 enimvero
730 4135 828 4201 etiam
854 4135 1049 4202 reverendas
1077 4136 1332 4204 necessitudines
1358 4144 1483 4203 nostras
1506 4139 1772 4223 peregrinationis
1795 4160 1870 4205 cou-

245 4240 407 4322 qnestione
429 4238 594 4305 sollicitas.
643 4238 701 4304 sed
723 4237 802 4320 qnid
823 4244 989 4323 promovet
1010 4238 1074 4303 ista
1096 4239 1278 4305 confessio?
1313 4259 1375 4304 non
1398 4239 1504 4305 terunt
1524 4241 1746 4324 inpatientiam
1767 4249 1866 4323 tuam,

245 4344 358 4424 quihus
388 4341 511 4408 reditus
540 4341 574 4406 in
603 4348 677 4407 voto
707 4348 766 4406 est.
813 4340 925 4407 vident
954 4340 1039 4407 enim
1070 4342 1130 4407 suh
1160 4341 1352 4426 quibusdam
1382 4342 1519 4407 aemulis
1548 4343 1673 4408 civibus
1702 4364 1869 4410 excessum

246 4446 379 4512 celerem
412 4443 493 4510 nihil
526 4443 633 4509 laudis
666 4443 859 4509 habiturum.
908 4445 986 4527 quin
1014 4444 1149 4510 adsume
1178 4444 1409 4527 constantiam,
1442 4453 1475 4511 et
1504 4445 1581 4529 quid
1610 4446 1723 4513 deceat
1750 4448 1865 4530 magis,

246 4569 340 4631 qnam
370 4545 447 4630 quid
476 4546 591 4630 liheat,
628 4547 794 4631 expende,
831 4548 1004 4639 praecipue
1035 4568 1108 4614 cum
1136 4548 1207 4633 ipse
1236 4547 1387 4630 fatearis,
1423 4547 1456 4612 in
1486 4567 1593 4614 amore
1623 4550 1743 4616 domini
1771 4552 1872 4617 nostri

204 4671 230 4713 n
247 4650 422 4719 Theodosii
444 4648 639 4716 venerahilis
661 4648 818 4734 principis
841 4649 982 4714 omnium
1004 4657 1037 4716 te
1059 4649 1298 4717 carissimorum
1323 4650 1491 4736 pignerum
1514 4651 1651 4734 gratiam
1675 4654 1868 4739 repperisse.

334 5012 346 5062 1
367 5014 514 5062 aastlmrtus
537 5012 557 5059 V
661 5006 839 5060 leccacordln
862 5012 882 5059 V

331 5101 346 5149 5
365 5112 413 5150 orn.
431 5096 482 5147 VM
583 5096 599 5145 9
617 5096 757 5145 reddiderit
779 5096 893 5161 vom)

332 5186 361 5236 11
387 5200 435 5235 orn.
462 5185 505 5231 VP
642 5182 673 5232 12
699 5185 1112 5245 repnrsttonemannesssairmdiu
1137 5185 1172 5247 P,
1201 5198 1354 5247 reparassem
1376 5186 1472 5236 lamella
1497 5185 1546 5248 VF,
1573 5201 1711 5248 sperassem
1734 5188 1831 5236 iamdiu
1855 5188 1877 5235 P

250 5273 278 5324 13
296 5275 444 5324 salnbrltrte
467 5271 510 5318 VP
611 5266 762 5336 potuissem]
787 5271 834 5332 VI',
855 5269 973 5333 potlriP
1083 5269 1113 5319 rt
1131 5272 1188 5319 odio
1206 5271 1232 5320 Φ
1335 5286 1402 5333 quan
1425 5272 1445 5319 V
1547 5275 1666 5335 periculis
1686 5274 1708 5319 F
1807 5270 1872 5340 tuis]

249 5361 288 5407 nel
305 5360 346 5406 uis
370 5357 390 5405 V
505 5354 537 5404 to
557 5357 661 5424 urgueri
680 5355 704 5403 P
804 5356 936 5405 adsonem
955 5358 1052 5418 magnit
1070 5359 1191 5419 praemiis
1213 5358 1239 5417 V,
1261 5360 1358 5419 mugnis
1375 5371 1503 5406 assenarus
1522 5360 1638 5418 pnennn
1658 5360 1680 5405 F
1780 5355 1823 5425 ud]
1842 5360 1870 5419 P,

248 5459 301 5493 curn
323 5445 351 5506 V,
371 5456 429 5491 cnm
446 5442 477 5489 ud
496 5441 520 5487 F
624 5439 654 5488 l'l
674 5442 824 5491 aurneina
929 5442 960 5492 ta
979 5444 1043 5492 sotio
1062 5442 1107 5490 Pl
1121 5459 1155 5491 m.
1263 5443 1297 5492 20
1316 5449 1360 5492 tua
1377 5445 1500 5493 nundleas
1523 5444 1543 5489 V

330 5528 363 5579 23
381 5541 429 5576 om.
455 5525 502 5574 VM
640 5526 673 5576 24
691 5529 826 5577 necesserlt
844 5527 870 5577 Γ
1003 5527 1036 5577 25
1054 5534 1081 5577 ut
1099 5525 1239 5596 enlmoero]
1257 5545 1310 5591 epo,
1340 5532 1469 5579 enimuero
1487 5535 1517 5578 ut
1535 5528 1636 5591 PVIVP,
1664 5531 1794 5592 entmuqro
1814 5529 1841 5576 Μ

248 5618 319 5664 ctiam
338 5612 494 5664 *asserendas
513 5610 558 5660 Pl
574 5628 608 5661 m.
748 5617 940 5676 conquostIoncs
962 5616 982 5662 V
1119 5614 1153 5665 26
1178 5618 1283 5664 iurarunt
1305 5616 1331 5677 V,
1358 5617 1477 5673 lugerent
1496 5615 1522 5661 M
1660 5614 1691 5663 27
1712 5617 1800 5662 unicurt
1820 5617 1842 5663 P

249 5700 302 5769 sub]
319 5702 418 5749 scillcet
436 5699 553 5748 Lotlniua
673 5700 766 5760 qulbus
783 5702 889 5749 aemulls
907 5702 1002 5751 le.
1121 5716 1227 5751 excessu
1246 5701 1423 5751 lnoeleremP
1541 5700 1574 5749 29
1591 5700 1693 5748 lactoris
1717 5699 1813 5761 Villa),
1837 5702 1875 5748 fe·
1966 5699 1968 5703 ’

249 5790 309 5835 ont
328 5786 356 5834 n
460 5785 492 5833 no
510 5793 535 5833 a
553 5800 600 5832 om.
623 5785 641 5830 r
744 5786 801 5832 nau
819 5785 877 5835 aaa.
898 5787 945 5834 vn
1381 5768 1388 5799 ’·

328 5885 355 5935 Q.
370 5886 482 5926 svamm
497 5885 643 5924 Sruuncurs.
1651 5889 1665 5936 7
