4716 6476
914 519 1028 574 LIBER
1045 518 1125 575 VIII.

949 882 1090 945 XXXII.

878 1018 937 1081 AD
961 1018 1162 1085 VRBIOVM.
1857 1024 1892 1085 P

295 1189 483 1275 Auspicium
506 1188 584 1253 mibi
609 1188 770 1254 scribendi
792 1188 894 1273 prior,
928 1196 964 1253 ut
985 1209 1054 1254 mos
1077 1194 1142 1271 est,
1177 1189 1283 1255 facere
1303 1189 1462 1273 debuisti,
1496 1211 1568 1257 eum
1590 1197 1622 1255 te
1644 1190 1740 1255 buius
1764 1190 1837 1255 dili-

214 1294 343 1377 gentiae
374 1291 544 1358 domestici
570 1291 733 1357 tabellarii
755 1291 878 1359 reditus
901 1299 1123 1358 commoneret.
1171 1293 1247 1375 quia
1268 1292 1361 1358 nobis
1382 1294 1435 1359 vel
1457 1294 1575 1360 oblivio
1598 1295 1649 1359 vel
1672 1293 1839 1377 occupatio

38 1426 41 1435 ‹
89 1396 92 1401 '
180 1416 192 1456 r
212 1395 376 1478 religionis
398 1403 474 1460 tuae
497 1395 713 1460 desideratum
737 1415 853 1459 munus
875 1394 997 1475 invidit,
1025 1416 1085 1478 ego
1108 1415 1226 1480 usurpo
1241 1396 1444 1480 principium,
1470 1397 1697 1462 aestimaturus
1714 1396 1747 1460 in
1762 1396 1840 1460 reli-

198 1514 307 1583 ‘quum
339 1499 379 1564 de
410 1499 539 1564 raritate
570 1501 622 1564 vel
653 1498 746 1582 eopia
773 1498 961 1583 scriptorum
984 1507 1126 1579 tuorum,
1159 1505 1264 1565 utrum
1287 1499 1451 1565 uoluntate
1473 1500 1590 1565 litteris
1609 1499 1774 1565 ordiendis
1796 1520 1839 1564 an

211 1604 314 1684 magis
336 1601 530 1668 necessitate
554 1601 707 1667 defueris.
1389 1610 1391 1615 ’

943 1827 1100 1892 XXXIII.

829 1965 887 2029 AD
916 1965 1213 2030 IVSTINIANVM.

169 2156 197 2196 m
304 2137 377 2202 Scio
400 2157 451 2202 me
473 2136 507 2202 in
529 2136 697 2203 scribendo
718 2137 845 2203 tardum
869 2137 981 2203 fuisse.
1030 2139 1174 2202 consulto
1196 2137 1308 2203 distuli
1330 2138 1448 2220 stilum,
1479 2138 1555 2204 dum
1578 2136 1706 2203 refoveo
1727 2138 1840 2203 itinere

213 2246 377 2305 tenuatum
406 2239 566 2323 rigorem,
599 2262 661 2323 quo
684 2241 741 2304 tibi
766 2240 806 2305 de
829 2261 879 2305 me
903 2241 990 2306 laeta
1013 2241 1152 2325 cupienti
1174 2249 1247 2306 voto
1270 2241 1385 2307 similis
1407 2242 1527 2325 pagina
1548 2242 1738 2308 traderetur.
1785 2241 1841 2305 fiat

212 2343 310 2426 igitur
333 2365 374 2409 ex
397 2344 516 2429 optimo
539 2345 650 2409 nuntio
673 2364 781 2409 morae
804 2344 1021 2429 conpensatio.
1068 2352 1153 2410 certe
1183 2365 1243 2428 ego
1266 2365 1338 2409 eam
1361 2344 1433 2410 dico
1455 2345 1560 2428 legem
1584 2345 1698 2410 litteris
1721 2346 1841 2409 amicu-

213 2467 291 2527 mm,
320 2452 355 2511 ut
377 2445 572 2512 adsiduitate
595 2447 721 2512 illorum
746 2448 870 2513 animos
894 2448 1038 2531 probent,
1065 2468 1171 2513 meum
1194 2447 1337 2513 bonitate
1360 2448 1530 2514 delectent.

937 2688 1112 2753 XXXIIII.

868 2826 927 2890 ΑΙ)
951 2826 1176 2891 EVSEBIVM.
1240 2888 1251 2907 ,

301 2998 452 3063 Scribere
475 2998 517 3062 ad
540 3005 572 3062 te
594 3004 669 3063 unte
692 2998 884 3079 voluissem,
917 2997 975 3063 sed
999 2998 1250 3064 commeantibus
1272 2999 1382 3064 multis
1404 2999 1501 3063 fidam
1524 2998 1723 3064 occasionem
1747 2997 1843 3063 debet

214 3120 385 3184 excerpere
417 3100 585 3166 scribentis
615 3101 742 3166 electio.
789 3101 943 3185 accepisti
970 3100 975 3186 l
1002 3121 1131 3166 causam
1161 3102 1310 3167 tardioris
1341 3102 1455 3177 oflicii3
1487 3122 1571 3185 quae
1598 3102 1626 3167 si
1652 3101 1759 3166 animo
1785 3107 1839 3166 tuo
1862 3107 1900 3166 Π

212 3203 385 3285 satisfecit,
419 3205 535 3269 eurare'
562 3204 765 3287 dignaberis,
799 3210 833 3269 ut
861 3205 904 3270 ad
935 3225 987 3269 me
1018 3225 1144 3288 quoquae
1174 3225 1328 3289 responsa
1350 3213 1406 3270 tua
1427 3205 1552 3271 idoneis
1575 3205 1746 3270 commissa
1768 3224 1841 3289 per-

211 3306 353 3372 veniant.

165 3548 194 3589 m
415 3564 419 3573 ·
954 3532 1092 3597 XXXV.

859 3670 918 3734 AD
945 3669 1186 3736 IOHANNEM.
1862 3673 1895 3734 F

307 3841 398 3919 Quod
429 3860 500 3906 sero
531 3841 572 3905 ad
595 3847 626 3905 te
650 3841 771 3923 scribo,
804 3841 967 3907 amicitiae
990 3842 1113 3907 tenacis
1135 3842 1285 3907 indicium
1311 3851 1377 3927 est,
1411 3844 1501 3909 cuius
1523 3842 1676 3908 memoria
1697 3842 1842 3927 repetitis

217 3966 257 4009 ex
280 3944 452 4010 intervallo
475 3944 626 4028 probatur
647 3943 775 4009 officiis.
816 3945 886 4029 ipse
909 3964 1035 4026 quoquae
1059 3946 1220 4010 silentium
1236 3953 1325 4012 tuum
1340 3968 1403 4013 non
1420 3947 1514 4012 aliter
1526 3945 1727 4031 interpretor.
1766 3965 1839 4009 nam

213 4051 280 4113 etsi
308 4047 373 4113 stili
403 4046 677 4112 honorificentiam
707 4067 841 4130 quaero,
875 4055 979 4113 certus
1006 4047 1082 4113 lidei
1104 4056 1178 4114 tuae
1201 4048 1297 4113 ctiam
1320 4049 1361 4114 de
1383 4050 1479 4115 tacito
1501 4070 1608 4115 amore
1630 4069 1692 4113 non
1716 4046 1839 4113 dubito.

167 4166 197 4208 2⁶
217 4149 275 4217 sed
305 4170 433 4231 vercor,
466 4170 506 4216 ne
536 4150 599 4215 ista
628 4150 787 4216 sententia
815 4150 873 4216 tibi
904 4152 1041 4217 suadeat
1062 4151 1299 4235 neglegentiam
1324 4153 1504 4238 scriptionis
1525 4159 1559 4218 et
1579 4153 1660 4218 baec
1680 4150 1841 4216 amicitiae

210 4253 319 4318 munia
346 4252 458 4318 iudicii
489 4253 554 4319 mei
587 4272 719 4319 securus
750 4253 890 4319 omittas.
939 4256 1045 4320 hortor
1066 4255 1164 4338 igitur
1185 4274 1386 4339 quaesoque,
1420 4261 1455 4319 ut
1475 4254 1566 4319 illam
1589 4254 1695 4339 potius
1718 4253 1840 4337 cogites

209 4362 343 4440 partem,
369 4376 452 4440 quae
474 4356 664 4421 adsiduitati
686 4357 822 4438 gratiam
846 4357 940 4442 parit,
965 4378 1030 4422 non
1052 4378 1136 4440 quae
1160 4358 1317 4441 promittit
1338 4358 1464 4424 veniam
1489 4357 1624 4424 raritati.
1672 4357 1756 4423 vale.

945 4599 1098 4665 xxxvl.

815 4736 874 4801 an
897 4735 1227 4815 qunmnmuvu.
1390 4825 1392 4831 ἲ
1860 4739 1897 4798 rr

162 4924 190 4965 ³⁰
294 4907 345 4973 Ad
374 4907 528 4974 indicium
559 4907 622 4973 mei
652 4908 738 4973 eirca
766 4914 797 4973 te
828 4907 946 4973 amoris
978 4909 1058 4974 baec
1088 4908 1275 4990 scribimus,
1307 4916 1340 4974 et
1361 4917 1396 4973 ut
1418 4908 1488 4992 ipse
1511 4907 1554 4972 ad
1576 4906 1835 4992 respondendum

209 5011 389 5095 provoceris
418 5012 577 5097 exemplo.
626 5031 698 5076 cum
728 5011 826 5094 igitur
854 5031 915 5095 ego
943 5019 1051 5095 partes
1081 5010 1247 5094 religionis
1277 5010 1485 5096 impleverim,
1518 5016 1668 5093 expecto,
1702 5015 1737 5073 ut
1765 5009 1836 5095 ipse

210 5113 304 5179 etiam
327 5114 559 5181 vicissitudinis
582 5114 740 5180 solutione
763 5114 920 5197 iungaris.

295 5390 459 5452 3dlllgsntla
476 5393 613 5442 domestica
631 5393 677 5440 Pr
692 5408 726 5440 m.
833 5392 988 5454 sanquis
1007 5393 1104 5442 locetur
1209 5394 1347 5441 brelleum
1367 5392 1461 5442 Ptm.

296 5477 325 5526 17
346 5478 402 5527 lude
420 5479 451 5526 ub
468 5479 589 5541 accepisti
605 5480 680 5539 periit
701 5479 723 5526 P
739 5479 858 5527 columna
876 5479 954 5527 alteru
970 5481 1077 5539 pupinus
1094 5478 1189 5527 absciso
1640 5512 1641 5515 η

295 5563 325 5613 21
348 5565 387 5612 Ad
400 5567 520 5613 Ioannem
536 5564 599 5627 (II),
616 5564 780 5624 Symmachus
792 5565 899 5613 Iohanni
914 5562 971 5625 (Γ),
987 5566 1070 5613 unul*
1150 5564 1183 5613 23
1201 5560 1363 5631 interpretor]
1375 5578 1460 5626 precor
1473 5562 1499 5612 Γ
1571 5562 1604 5611 24
1623 5557 1685 5628 etsl]
1696 5560 1832 5623 Scioppius,

208 5655 234 5697 et
252 5647 298 5697 ΓΡ
417 5652 472 5699 still
489 5665 538 5700 om.
560 5650 595 5698 ΡΙ
717 5652 793 5700 etiem
812 5652 835 5697 F
842 5649 849 5685 ¹
973 5650 1005 5700 25
1024 5651 1131 5699 suadent
1150 5648 1189 5697 li'²
1322 5650 1355 5699 26
1373 5664 1472 5712 quoque
1490 5655 1546 5699 oute
1565 5651 1650 5697 munla
1669 5651 1742 5696 turer.
1763 5645 1803 5693 F2

209 5749 299 5797 quaeso
316 5734 354 5782 li¹
487 5733 591 5804 cogites]
610 5720 655 5793 ΡΥ,
675 5750 781 5799 quaeras
798 5734 860 5783 Fidi
997 5735 1028 5785 27
1048 5742 1120 5799 parte
1140 5733 1176 5783 Fi
1191 5740 1201 5784 1
1215 5752 1250 5786 m.
1385 5736 1534 5786 assiduitate
1551 5732 1597 5797 Fi,
1618 5735 1744 5782 assiduam
1765 5730 1802 5781 Fi

208 5835 272 5882 quoe
290 5834 339 5870 om.
359 5820 472 5872 lillm.
530 5840 533 5845 ’
578 5818 715 5888 promittit]
734 5822 772 5884 11,
792 5824 917 5885 permittit
935 5824 958 5870 F
1061 5824 1171 5872 rantum
1191 5819 1228 5869 F²
1332 5823 1389 5869 nale
1407 5835 1455 5870 om.
1477 5818 1515 5869 Fi

286 5922 311 5972 Q.
325 5922 599 5989 svurrnssrmonvs.
1594 5923 1627 5975 29
