4746 6472
515 479 557 539 40
1115 473 1311 532 utrumnum
1329 470 1541 531 EPISTVLAE

402 663 501 725 PVF
516 669 571 729 tuo
592 663 763 729 traderem.
811 682 901 730 mens
923 664 994 730 eius
1014 664 1050 730 in
1071 670 1182 748 aperto
1205 670 1264 748 est,
1289 663 1358 730 vita
1375 671 1499 751 spectat
1512 665 1556 731 ad
1571 663 1713 730 laudem.
1761 663 1825 731 scis
1848 671 1944 747 certe,
1969 684 2144 747 numquam

515 786 567 833 me
589 766 767 833 faciliorem
789 766 909 833 favoris
932 786 1005 834 esse
1027 787 1124 850 quam
1146 768 1225 834 veri.
1272 768 1385 834 borum
1408 767 1551 834 omnium
1573 767 1668 834 fidem
1692 766 1911 851 confirmabis,
1937 788 2010 835 cum
2032 767 2067 833 in
2088 766 2144 832 illo

515 870 610 956 plura
631 870 824 956 reppereris.

1043 1145 1329 1229 clcxxxxrnu
1365 1145 1472 1212 uisne
1495 1146 1617 1232 asopo

1083 1283 1343 1351 sruulorrvs
1373 1282 1572 1350 suasuro.
2012 1306 2016 1311 -
2163 1304 2177 1341 2,

600 1456 786 1523 Instaurant
808 1455 951 1521 dolorem
973 1474 1046 1521 sera
1068 1455 1208 1539 solacia,
1239 1462 1272 1522 et
1300 1456 1373 1522 ideo
1401 1462 1545 1521 mutuum
1577 1455 1741 1521 silentium
1767 1456 2006 1523 calamitatibus
2028 1457 2144 1522 nostris

515 1566 681 1644 praestare
703 1559 877 1647 debemus,
910 1579 951 1625 ne
974 1559 1120 1625 fortunae
1142 1560 1293 1641 vulnera,
1328 1578 1412 1642 quae
1441 1558 1622 1625 cicatricem
1651 1578 1802 1644 processu
1832 1559 1984 1645 temporis
2011 1559 2141 1643 ducunt,

514 1661 741 1749 intempestive
763 1668 959 1729 contrectata
982 1661 1182 1727 crudescant.
1229 1661 1264 1727 in
1285 1661 1351 1727 alia
1374 1661 1481 1745 potius
1504 1681 1609 1728 sermo
1631 1662 1803 1728 vertendus
1832 1669 1897 1743 est,
1930 1683 2014 1746 quae
2041 1669 2073 1729 te
2102 1663 2145 1729 ad

408 1804 409 1808 =
515 1785 625 1832 curam
655 1765 803 1832 sanitatis
832 1765 1006 1831 hortentur.
1054 1764 1157 1830 omnis
1186 1764 1305 1850 quippe
1334 1764 1480 1831 internus
1508 1764 1649 1851 corporis
1679 1765 1770 1831 dolor
1798 1765 1931 1832 hiemali
1959 1766 2074 1832 crescit
2094 1766 2145 1832 in-

514 1868 615 1951 iuria,
648 1889 687 1935 ac
707 1868 772 1934 nisi
793 1868 854 1935 iter
876 1867 994 1953 apricis
1017 1867 1132 1933 diebus
1154 1875 1187 1933 et
1209 1867 1296 1933 auris
1318 1867 1503 1933 salubribus
1525 1867 1673 1950 egeritis,
1707 1870 1793 1935 male
1815 1876 1939 1951 metuo,
1969 1890 2010 1935 ne
2032 1869 2144 1935 uitium
2166 1886 2196 1927 1⁰

476 1971 495 2031 1
518 1978 719 2057 contemptus
742 1977 931 2055 exaggeret.
978 1990 1063 2036 nunc
1086 1990 1134 2052 ea,
1162 1990 1247 2053 quae
1269 1970 1411 2037 remedio
1433 1970 1646 2037 adcommoda
1669 1972 1847 2055 credidisti,
1872 1973 1926 2039 vel
1948 1992 2031 2055 quae
2053 1972 2145 2039 uobis

516 2074 751 2141 commendavit
772 2073 882 2141 utendi
905 2073 1092 2158 exploratio,
1119 2073 1162 2138 ad
1184 2080 1216 2140 te
1238 2073 1313 2139 misi
1335 2074 1419 2140 inter
1441 2082 1585 2140 votorum
1608 2095 1733 2141 summa
1753 2075 1959 2156 constituens,
1986 2083 2022 2141 ut
2043 2095 2145 2142 remo-

515 2177 640 2243 diorum
662 2177 775 2243 talium
798 2176 1024 2243 necessitatem
1047 2184 1226 2261 spontanea
1248 2177 1467 2243 incolumitate
1483 2178 1685 2262 praevenias,
1711 2186 1768 2244 aut
1790 2179 1817 2243 si
1839 2199 1924 2262 quae
1945 2179 2047 2245 morbi
2069 2180 2145 2246 reli-

514 2280 610 2365 quiae
632 2280 760 2364 fuerint,
787 2280 895 2347 uthis
918 2280 1135 2347 curationibus
1158 2286 1354 2364 tergeantur.
1402 2280 1481 2346 satis
1504 2288 1611 2347 autem
1634 2281 1774 2347 muneris
1800 2282 1961 2348 communi
1982 2282 2143 2349 amicitiae

516 2383 627 2466 dabis,
660 2383 689 2448 si
719 2404 790 2450 eam
820 2383 1086 2466 sollicitudinem,
1119 2403 1203 2467 quae
1233 2383 1311 2449 mibi
1333 2404 1375 2450 ex
1396 2383 1601 2468 aegritudine
1629 2390 1687 2450 tua
1715 2385 1825 2451 oborta
1847 2392 1912 2468 est,
1946 2386 2194 2471 prosperiorem

515 2486 626 2553 nuntio
648 2485 729 2553 nibil
751 2494 894 2553 moratus
916 2487 1085 2554 exemeris.

1112 2762 1155 2829 cl
1175 2762 1380 2846 (LXXXXV)
1419 2784 1450 2828 a.
1469 2765 1544 2828 380.

386 2900 498 2963 PVM
1083 2898 1343 2990 SYMMAGHVS
1374 2898 1572 2966 SYAGRIO.

599 3069 721 3154 Video,
755 3069 868 3137 consul
890 3069 1109 3155 amplissime,
1142 3078 1297 3153 quantum
1319 3069 1397 3136 mibi
1420 3090 1510 3136 amor
1531 3078 1605 3147 tuus
1626 3070 1756 3138 bonoris
1777 3072 1922 3157 inponat.
1967 3072 2076 3154 iubes,
2109 3078 2142 3138 ut

513 3181 544 3241 te
567 3173 683 3240 adeam
706 3180 739 3240 et
762 3178 868 3239 coram
892 3173 1023 3239 defruar
1044 3174 1254 3258 magistratus
1276 3173 1323 3240 tui
1344 3174 1475 3258 gaudio.
1523 3194 1587 3257 quo
1609 3182 1702 3259 pacto
1731 3174 1818 3241 istud
1846 3195 1977 3261 possum
2006 3196 2137 3260 negare,
2160 3194 2189 3236 ²0

513 3278 576 3343 nisi
598 3299 639 3345 ea
660 3277 816 3361 religione
838 3277 1018 3361 ignoveris,
1051 3298 1116 3360 qua
1138 3276 1284 3342 vocasti‘l
1319 3297 1394 3342 nam
1416 3276 1494 3360 quid
1516 3298 1611 3361 agam
1636 3278 1783 3344 fortunae
1806 3278 1940 3363 dubius,
1973 3280 2142 3346 cumhinc

472 3382 492 3443 1
514 3381 630 3447 inviter
651 3384 693 3447 ad
715 3380 870 3466 obsequia
891 3380 1021 3445 honoris
1036 3380 1094 3462 tui,
1121 3380 1195 3446 binc
1210 3380 1297 3446 luctu
1312 3379 1422 3445 amissi
1440 3380 1548 3446 fratris
1563 3381 1743 3466 impediar?
1765 3382 1848 3449 duae
1863 3383 1942 3449 mibi
1958 3384 2055 3450 simul
2069 3405 2142 3471 per-

513 3503 613 3550 sonae
635 3484 783 3570 dispares
806 3484 993 3549 offeruutur.
1039 3482 1095 3566 qui
1117 3482 1187 3547 fieri
1208 3488 1325 3566 potest,
1352 3489 1443 3547 utos
1467 3503 1564 3548 unum
1588 3485 1754 3550 contrariis
1776 3485 2013 3553 adfectionibus
2027 3487 2141 3553 indua-

513 3594 611 3653 musl,
639 3586 774 3673 proinde
797 3586 895 3651 animi
917 3605 1040 3668 aequus
1062 3585 1159 3650 buius
1181 3584 1288 3670 operis
1310 3585 1407 3650 facito
1430 3585 1506 3650 mibi
1530 3587 1680 3669 gratiam.
1727 3588 1880 3654 fortunati
1910 3590 2024 3655 sellam
2054 3598 2140 3656 tuam

512 3690 597 3756 laeto
619 3690 749 3773 agmine
772 3698 1018 3774 prosequantur;
1044 3689 1198 3774 auspiciis
1220 3688 1412 3771 tuisquivis
1435 3689 1494 3754 fati
1516 3689 1643 3772 integer
1664 3691 1785 3756 amicus
1807 3692 1948 3759 intersit:
1974 3712 2025 3759 me
2048 3694 2140 3760 sinito
2159 3708 2188 3750 ²⁵

471 3793 639 3859 3interinr
672 3799 817 3877 tempore
850 3800 906 3858 aut
938 3792 1059 3857 ratione
1093 3790 1271 3874 decoquere
1304 3791 1415 3856 amissi
1449 3792 1556 3857 fratris
1586 3792 1719 3859 crudum
1750 3794 1904 3862 dolorem.
1950 3795 2027 3880 quid
2056 3797 2140 3881 quod

511 3895 607 3961 etiam
630 3902 781 3980 parentes
802 3895 881 3959 mibi
903 3895 937 3959 in
959 3895 1120 3960 communi
1141 3915 1285 3961 maerore
1309 3895 1434 3961 solandi
1458 3902 1553 3960 suntl
1580 3917 1714 3980 quorum
1736 3919 1890 3965 aerumna
1912 3900 2135 3983 geminabitur,

513 3999 541 4062 si
556 3997 621 4064 illis
637 4005 703 4064 tum
717 3998 898 4063 inmaturae
922 4048 1074 4063 ......
1099 3998 1367 4084 peregrinationis
1381 4019 1474 4064 meae
1490 4018 1568 4064 cura
1582 3999 1745 4083 iungatur.
1779 4008 1848 4066 esto
1863 4002 1961 4086 igitur
1975 4010 2140 4087 promptus

511 4100 553 4167 ad
583 4101 721 4167 veniam.
770 4107 855 4165 certe
885 4100 911 4165 si
942 4108 1037 4184 putas
1067 4101 1268 4185 arguendum
1297 4120 1387 4183 esse,
1420 4101 1505 4184 quod
1536 4101 1705 4184 desumus,
1738 4103 1885 4170 fortunae
1914 4124 2008 4171 meae
2035 4105 2139 4190 potius

511 4204 661 4269 irascere.
708 4203 766 4269 illa
787 4203 897 4269 iniecit
918 4224 1065 4285 manum,
1098 4204 1156 4269 illa
1178 4204 1313 4270 invitum
1336 4205 1478 4271 retranit.
1526 4205 1573 4270 ita
1601 4205 1658 4270 tibi
1688 4224 1751 4270 non
1780 4207 1993 4291 persuadeat,
2027 4215 2063 4274 ut
2090 4214 2139 4273 est
2157 4226 2188 4266 so

511 4306 625 4373 eadem
647 4307 809 4403 inpotens,
833 4326 885 4373 me
908 4307 1051 4373 noluisse
1073 4306 1241 4393 proficisci.
1288 4308 1374 4373 vale.

600 4581 687 4651 ltuo]
704 4585 793 4634 tlbiF

598 4670 681 4720 bom.
700 4672 743 4719 Π*
868 4672 882 4720 l
901 4678 1012 4734 prestare
1032 4670 1055 4717 P
1179 4670 1194 4719 8
1214 4672 1410 4733 intempestiuus
1431 4671 1453 4717 P
1579 4674 1725 4722 crudescant
1741 4689 1806 4723 corr.
1826 4687 1856 4721 ea
1874 4674 2025 4722 crudescunt
2043 4674 2066 4721 P
2077 4677 2089 4720 1
2102 4688 2136 4721 m.

511 4756 527 4805 9
545 4770 631 4804 omues
650 4756 696 4805 Pl
710 4773 745 4808 m.
860 4760 972 4806 internos
992 4757 1015 4804 P
1030 4762 1039 4805 l
1054 4772 1088 4806 m.
1216 4755 1246 4805 10
1265 4759 1344 4816 egerit
1363 4758 1386 4804 F
1507 4757 1534 4806 ll
1556 4760 1739 4808 accommodare
1762 4757 1848 4821 ΜΓ)
1963 4759 2103 4808 credidistis
2121 4760 2143 4806 F

513 4841 768 4891 13111111111111111111
870 4845 942 4906 sique
960 4843 1056 4892 le.

600 4926 631 4977 18
649 4942 697 4976 om.
718 4928 767 4976 VM
900 4929 931 4978 19
949 4929 1010 4990 fort.
1029 4929 1101 4977 scrib.
1121 4928 1242 4990 lupertlct
1381 4928 1413 4978 10
1433 4937 1458 4979 te
1476 4944 1524 4977 cnr.
1544 4930 1565 4977 V
1695 4932 1786 4992 possim
1808 4931 1904 4978 furetur
2038 4931 2068 4980 11
2089 4934 2140 4981 lor·

510 5021 575 5064 tune
595 5014 642 5062 Pl
656 5030 689 5063 m.
796 5013 830 5063 11
849 5017 943 5065 innitar
954 5016 984 5063 ad
997 5010 1127 5080 obsequia]
1144 5028 1196 5075 eoo,
1217 5016 1356 5063 inueteralo
1372 5016 1401 5076 (ll
1420 5016 1540 5078 obsequia
1558 5016 1604 5063 Pl
1617 5032 1664 5077 m.,
1683 5019 1825 5065 inueterato
1843 5018 1962 5078 obsequio
1980 5016 2074 5066 Pam.
2094 5016 2142 5065 VM

510 5098 543 5150 13
562 5096 708 5166 induamus]
727 5098 807 5163 Fls),
829 5102 948 5149 lnduatnr
971 5100 1021 5148 Vll
1123 5098 1263 5162 lioperto
1282 5100 1426 5163 Mommsen,
1447 5104 1529 5151 oneris
1549 5102 1670 5150 ummo
1773 5103 1877 5151 sellaV
1980 5100 2089 5170 151111]
2108 5102 2136 5163 Ρ,

510 5190 572 5237 satis
593 5186 640 5236 VM
752 5185 786 5236 16
803 5187 1004 5249 dequoqucrel’
1114 5185 1147 5234 17
1166 5187 1318 5251 meroraeP
1421 5190 1586 5237 11111111111111
1688 5187 1721 5238 18
1739 5191 1879 5253 inmaturus
1896 5188 1920 5235 P
2022 5191 2138 5239 locamur

511 5274 628 5324 irtdlcaof.
662 5286 748 5320 111111
771 5274 809 5320 lie
831 5273 883 5334 scre
905 5272 974 5333 solt:
1001 5273 1022 5320 sl
1051 5273 1101 5321 illis
1128 5279 1178 5321 tarn
1205 5275 1345 5323 inmaturae
1372 5276 1458 5324 mortis
1481 5276 1592 5324 luctibus
1615 5276 1822 5336 peregrluatlonls
1845 5289 1916 5324 meae
1940 5290 1999 5324 cura
2022 5278 2139 5337 iungatur

510 5358 541 5408 31
562 5359 716 5408 uoluissel'
