4746 6472
486 477 574 546 CCX
1016 428 1283 531 CHROVOLOGIA
1301 473 1588 531 suuuAcfflArls.

574 704 714 767 19-12.
740 704 780 765 21
810 702 908 787 paulo
932 706 1160 786 postmortem
1183 700 1380 766 Praetextati
1404 701 1559 783 omissae,
1592 701 1648 783 qui
1670 698 1790 766 ultimis
1813 721 1844 765 a.
1871 700 1932 764 384
1956 698 2119 765 mensibus

487 822 622 890 obierat.
669 843 701 888 v.
727 822 804 887 adn.
830 824 906 886 219.

576 947 614 1010 13
638 949 768 1010 senatus
797 942 975 1009 consultum
1006 942 1047 1008 de
1077 939 1239 1007 oblatione
1268 941 1309 1007 ob
1336 941 1526 1007 decennalia
1547 940 1765 1007 Valentiniani
1787 940 1939 1008 iacienda
1962 961 2034 1007 cum
2056 942 2118 1006 im-

487 1072 635 1150 peratore
657 1062 885 1144 ccmmunicat3
911 1082 996 1146 quae
1019 1082 1091 1127 cnm
1114 1061 1146 1161 d,
1172 1063 1213 1125 22
1235 1061 1318 1126 Nov.
1344 1081 1375 1127 a.
1402 1064 1464 1128 385
1488 1062 1651 1128 celebrata
1674 1061 1739 1127 sint
1765 1063 1805 1146 (v.
1825 1082 1856 1147 p.
1876 1061 2011 1148 ΟΧΧΙ),
2037 1061 2121 1128 banc

487 1185 675 1251 relationem
699 1184 767 1250 veri
790 1190 847 1249 aut
869 1181 985 1249 aestati
1008 1181 1152 1247 eiusdem
1175 1183 1252 1247 anni
1274 1181 1422 1265 adsigno.

576 1310 614 1369 15
638 1311 766 1371 strenae
788 1303 831 1369 ad
853 1305 1019 1386 Augustos
1041 1301 1225 1381 mittuntur;
1263 1303 1359 1387 paulo
1381 1308 1458 1370 ante
1479 1303 1547 1368 kal.
1572 1302 1742 1369 Ianuarias
1764 1302 1841 1368 anni
1864 1306 1945 1387 385,
1978 1302 2117 1386 quodie

489 1447 625 1494 munera
646 1425 729 1492 tradi
752 1425 923 1492 debebant.
1271 1408 1276 1415 ’

579 1551 618 1611 16
640 1545 754 1632 incipit
781 1546 989 1612 excusatione
1017 1544 1221 1630 Symmachi,
1254 1544 1340 1628 quod
1370 1550 1480 1610 eontra
1510 1543 1589 1610 iuris
1618 1549 1793 1629 praecepta
1820 1544 2071 1630 appellationem
2100 1567 2120 1611 a

490 1666 690 1753 praeiudicio
724 1664 901 1732 admiserit.
955 1665 1008 1731 cui
1041 1664 1232 1731 dubitationi
1265 1665 1439 1751 respondet
1471 1665 1524 1731 lex
1559 1665 1636 1731 data
1664 1664 1697 1730 d.
1723 1667 1765 1729 29
1786 1665 1871 1731 Nos.
1902 1686 1933 1730 a.
1960 1668 2040 1731 384;
2075 1664 2121 1728 lu

490 1789 703 1871 Symmachum
729 1788 919 1871 praesectum
946 1789 1037 1850 urbi:
1069 1789 1181 1850 obiectu
1211 1789 1428 1869 appellatione,
1460 1789 1583 1850 etiamsi
1609 1807 1630 1849 a
1655 1787 1846 1869 meoiudicio
1870 1789 2049 1869 interpositu
2070 1789 2118 1850 di-

488 1903 676 1991 111111,ὐοί
706 1910 747 1972 cd
774 1928 830 1972 nos
858 1911 907 1973 oei
935 1910 977 1971 nul
1003 1912 1186 1992 copnilorcm
1208 1911 1294 1971 sacri
1315 1909 1465 1971 nuddorii
1485 1909 1670 1971 sollemniter
1693 1928 1790 1970 ceusu
1813 1909 1969 1989 mittatur,
2001 1929 2069 1972 mum
2090 1911 2120 1972 si

490 2052 526 2093 eu
546 2031 721 2113 prouocatio
744 2030 911 2092 adversum
933 2031 1011 2112 lepes
1030 2029 1128 2111 fuerit
1150 2032 1272 2110 emissa,
1295 2029 1390 2111 facile
1408 2038 1478 2111 posi
1499 2028 1645 2091 traductum
1668 2031 1754 2091 sueri
1774 2030 1928 2091 cacuminis
1951 2029 2120 2092 111111111-

493 2152 575 2213 modi
596 2150 800 2234 litipotoribus
822 2151 921 2212 multu
941 2152 1039 2231 possit
1061 2150 1291 2233 1111111199).
1316 2186 1358 2195 -
1381 2147 1569 2213 relationem
1586 2150 1727 2229 2811111,
1755 2150 1795 2212 33
1814 2154 1888 2231 post
1908 2148 1992 2213 hanc
2014 2148 2119 2231 legem

490 2276 657 2355 acceptam
687 2268 824 2336 emissas
853 2288 942 2351 esse,
974 2268 1052 2335 inde
1083 2268 1288 2355 perspicitur,
1321 2268 1408 2351 quod
1433 2269 1467 2334 iu
1490 2269 1597 2334 causis
1619 2287 1748 2353 prorsus
1771 2267 1931 2334 similibus
1952 2268 2011 2333 illa
2033 2267 2119 2334 eius-

491 2391 565 2456 dem
587 2389 674 2456 modi
697 2390 936 2456 excusationem
959 2390 1107 2472 continet,
1135 2389 1217 2455 haec
1238 2389 1365 2455 omittit.

580 2515 629 2575 17.
657 2513 709 2575 23.
736 2513 777 2575 34
806 2510 841 2597 id
870 2517 998 2596 tempus
1028 2517 1191 2595 spectare,
1225 2529 1289 2593 quo
1318 2509 1504 2595 Symmachi
1536 2510 1642 2594 gratia
1670 2509 1704 2575 in
1732 2510 1808 2574 aula
1837 2509 1902 2575 iam
1931 2508 2114 2591 fluctuabat,

490 2653 523 2717 p.
543 2631 615 2696 LVI
637 2631 705 2697 veri
728 2630 834 2697 simile
856 2630 995 2697 reddidi.
1035 2631 1174 2715 scriptae
1196 2629 1296 2713 igitur
1318 2648 1390 2696 esse
1412 2629 1570 2709 videntur,
1596 2631 1694 2715 paulo
1709 2638 1881 2715 antequam
1898 2631 2117 2714 magistratum

490 2752 676 2837 deponeret,
707 2757 831 2818 aestate
854 2760 912 2819 aut
931 2757 1085 2817 autumno
1107 2772 1138 2817 a.
1164 2754 1239 2816 385.

578 2876 615 2937 21
641 2872 718 2938 huic
740 2872 889 2938 relationi
912 2871 1083 2957 respondet
1105 2872 1159 2937 lex
1182 2870 1258 2937 data
1281 2870 1313 2937 d.
1339 2873 1380 2936 28
1403 2871 1483 2936 Dec.
1509 2891 1539 2936 a.
1567 2874 1641 2936 384.
1688 2893 1721 2937 u.
1747 2893 1779 2956 p.
1806 2872 1888 2937 LVI.

577 2995 618 3058 23
642 2993 763 3058 oblatio
792 2994 833 3059 ob
864 2992 1055 3059 decennalia
1077 2992 1295 3059 Valentiniani
1325 3012 1389 3056 non
1418 2992 1523 3056 solum
1554 2991 1726 3076 promissa,
1762 2990 1821 3058 sed
1849 2991 1914 3057 iam
1943 3012 2001 3077 pro
2027 2997 2116 3076 parte

492 3113 597 3179 soluta
620 3115 760 3197 est¹0⁴¹).
808 3114 928 3199 scripta
949 3112 1049 3198 igitur
1070 3119 1120 3179 est
1141 3119 1214 3199 post
1237 3113 1294 3178 rel.
1325 3116 1374 3176 13.
1422 3111 1464 3177 ci.
1490 3111 1532 3177 ad
1555 3111 1613 3177 rel.
1643 3115 1692 3177 17.

578 3237 618 3297 24
640 3253 672 3299 v.
697 3234 740 3300 ad
763 3235 821 3300 rel.
851 3238 901 3298 ill.

578 3357 619 3420 28
642 3375 673 3420 v.
700 3354 743 3419 ad
765 3355 825 3422 rel.
853 3358 902 3418 16.

578 3476 619 3540 33
641 3480 716 3559 post
737 3475 844 3559 legem
867 3474 947 3541 Cod.
965 3471 1089 3539 Theod.
1109 3473 1158 3538 XI
1174 3477 1225 3554 30,
1246 3478 1284 3536 41
1310 3479 1474 3558 acceptam
1499 3473 1619 3539 emissa
1640 3480 1700 3554 est,
1725 3494 1810 3557 quae
1832 3494 1903 3539 cum
1924 3473 1957 3539 d.
1976 3475 2113 3539 291111.

493 3615 524 3659 a.
544 3597 604 3659 384
630 3595 707 3661 data
729 3594 779 3676 sit,
807 3595 904 3680 paulo
926 3600 1001 3659 ante
1023 3593 1150 3680 initium
1172 3614 1204 3658 a.
1223 3596 1284 3658 385
1307 3593 1341 3658 in
1357 3592 1541 3679 Symmachi
1558 3614 1672 3660 manus
1687 3593 1844 3679 pervenit.
1876 3614 1907 3659 v.
1926 3594 1969 3660 ad
1984 3596 2043 3661 rel.
2065 3600 2113 3660 16.

578 3718 618 3779 34
642 3737 673 3780 v.
699 3714 742 3780 ad
764 3715 824 3780 rel.
851 3719 902 3779 17.

581 3841 619 3899 41
646 3835 752 3920 legem
776 3833 855 3900 (lod.
881 3834 1006 3900 Theod.
1032 3834 1081 3899 XI
1104 3836 1156 3913 30,
1183 3839 1218 3897 11
1247 3833 1443 3920 propositam
1467 3834 1498 3899 d.
1525 3837 1563 3899 16
1586 3835 1665 3900 Dec.
1691 3855 1722 3900 a.
1742 3838 1804 3901 383
1823 3840 2006 3920 promimcm
2027 3859 2117 3902 sonc-

491 3959 600 4020 tioucm
621 3955 766 4041 appellat
792 3957 875 4039 (313,
903 3956 976 4039 31);
1002 3954 1114 4037 itaque
1135 3961 1208 4040 post
1229 3976 1260 4020 a.
1287 3958 1348 4019 384
1373 3955 1450 4020 data
1471 3974 1545 4021 esse
1566 3975 1630 4020 non
1652 3961 1770 4040 potest.

1171 4418 1436 4506 utrumuis,

579 4616 591 4674 1
619 4611 757 4696 primum
785 4610 820 4676 in
841 4610 1103 4677 Valentinianum
1133 4610 1364 4695 panegyricum
1395 4609 1514 4676 dictum
1543 4629 1616 4676 esse
1645 4611 1678 4676 in
1709 4610 1801 4677 sestis
1824 4611 2115 4696 quinquennalibus

490 4732 561 4800 eius
591 4732 763 4799 celebratis
793 4731 825 4797 d.
852 4735 892 4795 25
916 4731 1010 4796 Febr.
1036 4752 1066 4795 a.
1094 4734 1174 4814 369,
1206 4730 1350 4797 indicant
1376 4730 1572 4812 1111111322,
1603 4733 1641 4795 16
1669 4734 1802 4796 lustrum
1828 4735 2025 4816 imperialium
2048 4739 2115 4798 ium

492 4855 597 4918 condia
620 4874 784 4917 annorum.
831 4852 873 4918 cf.
899 4850 975 4918 adn.
1003 4856 1076 4915 141.

577 4976 597 5037 2
618 4972 732 5040 habita
753 4993 824 5039 cum
840 4970 1087 5039 Valentinianus
1107 4971 1237 5037 tertium
1261 4972 1369 5039 fasces
1391 4980 1533 5039 sumeret
1552 4975 1636 5057 (321,
1655 4976 1700 5058 9),
1727 4973 1795 5039 kal.
1812 4974 1974 5042 Ianuariis
1990 4997 2021 5043 a.
2041 4980 2111 5041 370.

578 5098 597 5160 3
619 5094 753 5160 recitata
775 5100 833 5177 est,
860 5100 1028 5178 postquam
1052 5091 1227 5171 Gratianus
1249 5112 1366 5158 nomeu
1387 5093 1526 5183 Augusti
1549 5094 1731 5178 adsumpsit
1757 5095 1800 5176 (d.
1819 5097 1860 5158 24
1876 5098 1962 5181 Aug.
1987 5117 2017 5163 a.
2040 5100 2111 5181 367)

492 5223 524 5282 ct
545 5221 717 5298 antequam
740 5221 832 5299 pater
854 5213 925 5280 eius
948 5215 1196 5297 moreretur¹⁰⁴²l
1229 5212 1272 5295 (d.
1295 5217 1331 5277 17
1350 5213 1434 5278 Nov.
1460 5234 1491 5277 a.
1518 5216 1607 5299 375).
1655 5213 1740 5297 quod
1762 5222 1869 5281 autem
1892 5221 1999 5283 orator
2021 5216 2112 5284 dicit:

492 5337 565 5417 339,
585 5338 626 5399 35
650 5355 703 5418 spe
718 5338 828 5400 electus
843 5354 885 5416 es,
911 5355 946 5398 re
957 5335 1118 5418 probatur,
1144 5332 1239 5398 aliter
1253 5332 1455 5419 interpretari
1471 5334 1650 5416 nequimus,
1677 5354 1771 5417 quam
1788 5356 1921 5419 puerum
1937 5338 2118 5421 Augustum

577 5614 653 5677 loto)
673 5614 732 5664 cod.
753 5613 846 5662 Tbsod.
866 5612 965 5671 1130,
985 5609 1018 5658 44
1037 5625 1094 5659 cum
1113 5611 1171 5660 adu.
1193 5612 1349 5661 Gotbciredi.

578 5699 653 5761 1041)
674 5698 732 5762 298,
754 5698 787 5749 20
805 5698 838 5747 ud
856 5700 1167 5760 commemoratorium,
1188 5712 1235 5760 quo
1254 5696 1386 5758 sectandae
1403 5698 1535 5746 oblationis
1552 5701 1635 5759 pratia
1651 5704 1785 5746 summates
1804 5714 1909 5761 quosque
1928 5700 2102 5755 conduxeram.

579 5783 653 5850 lota)
674 5783 734 5849 332,
755 5783 788 5833 25
807 5788 930 5849 quantum
946 5785 1040 5846 plorice
1058 5787 1211 5846 eoumqueris
1229 5784 1398 5846 olimpum
1416 5785 1576 5834 incolumi
1594 5785 1716 5835 ducturus
1734 5787 1867 5836 camellum
1884 5792 1910 5833 et
1927 5788 2031 5850 passim.
