4716 6476
507 501 569 560 260
1107 498 1303 553 sunnncffl
1322 498 1532 554 EPISTVLAE

453 689 489 747 ll
508 685 567 750 sed
596 686 670 750 nolo
699 686 877 769 paeniteat:
913 687 1014 751 virtus
1044 687 1224 751 durioribus
1252 687 1389 771 negotiis
1412 688 1560 752 enitescit
1581 694 1613 752 et
1634 693 1825 769 aspernatur
1847 684 2004 749 declivem
2028 682 2131 748 facili-

464 792 604 853 itatem
635 788 837 869 unanimoque
866 787 982 853 sudore
1004 789 1140 853 arduum
1163 790 1270 854 laudis
1293 790 1458 855 adnititur.
1506 789 1590 855 adde
1612 790 1693 867 buc,
1727 787 1814 870 quod
1837 791 1869 848 ia
1891 806 1945 851 ore
1969 785 2130 851 fortissimi

505 890 658 976 principis
686 891 757 974 agis
788 898 820 957 et
846 893 972 975 publico
994 891 1076 955 bono
1099 892 1169 956 sine
1193 891 1341 958 satietate
1364 892 1539 972 defrueris,
1573 910 1729 975 quaeres
1753 911 1815 955 non
1839 895 2017 974 conpensat
2039 888 2131 953 modo

506 994 564 1058 sed
595 994 691 1059 etiam
723 995 924 1060 commendat
951 995 1102 1060 laborem.
1151 995 1215 1059 iam
1237 995 1319 1059 illud
1342 996 1436 1077 quale
1460 1003 1526 1075 est,
1561 995 1646 1076 qnod
1668 994 1701 1058 in
1725 1012 1824 1058 causa
1845 1013 1908 1057 non
1931 999 2054 1057 tantum
2077 1000 2132 1057 tua

506 1098 651 1161 fortunae
674 1098 833 1162 eluctatus
855 1097 1010 1162 incertum
1034 1098 1115 1162 nulli
1137 1105 1279 1163 nostrum
1303 1097 1402 1163 debes
1426 1098 1577 1162 vintoniae
1599 1104 1675 1162 tuae
1698 1097 1853 1180 gratiam!
1880 1096 1975 1179 plura
1997 1096 2124 1169 vellem,
2148 1117 2161 1154 s

505 1199 563 1264 sed
587 1200 697 1265 videor
719 1200 796 1263 mibi
821 1204 850 1262 iu
874 1200 1058 1284 praesentia
1081 1200 1160 1265 satis
1183 1199 1299 1266 fecisse
1323 1201 1500 1266 verborum.
1541 1200 1677 1265 nuncsi
1701 1199 1759 1263 tibi
1781 1205 1923 1282 potestas
1946 1206 2006 1277 est,
2033 1199 2129 1277 malo,

506 1303 627 1367 utiam
651 1323 811 1371 recurras:
838 1304 966 1387 siquid
990 1323 1147 1368 morarum
1171 1312 1231 1385 est,
1257 1323 1378 1385 quaeso
1402 1301 1610 1388 respondeas.

1117 1631 1301 1695 LXXXVII
1326 1629 1518 1713 (LXXXII).

454 1805 488 1866 F
591 1803 723 1867 Summa
747 1804 803 1868 tibi
828 1804 914 1887 apud
937 1823 988 1867 me
1011 1804 1083 1867 laus
1107 1811 1139 1868 et
1161 1801 1267 1866 solida
1289 1803 1395 1885 gratia
1417 1810 1475 1883 est,
1503 1803 1633 1884 qnando
1655 1802 1700 1866 ito
1722 1801 1867 1867 adfectas
1887 1801 2048 1865 amicitiae
2065 1802 2131 1865 cul-

505 1914 587 1987 tum,
622 1915 656 1971 ut
684 1926 741 1971 nos
764 1907 942 1971 litterarum
966 1906 1084 1970 honore
1108 1906 1260 1987 digneris.
1310 1904 1366 1970 sed
1390 1925 1465 1989 pars
1489 1905 1647 1990 epistulae
1670 1912 1761 1983 tuae,
1796 1924 1879 1986 quae
1903 1904 2032 1969 laudem
2055 1905 2131 1968 mibi
2152 1924 2180 1963 ro

505 2007 690 2090 adsignavit
716 2009 853 2091 eloquii,
887 2010 928 2073 sit
957 2009 1032 2073 licet
1060 2009 1155 2072 nimis
1183 2007 1338 2086 iucunda,
1373 2008 1479 2072 minus
1501 2013 1609 2072 tamen
1633 2014 1682 2072 est
1703 2027 1791 2072 vera.
1839 2027 1903 2072 non
1926 2007 2031 2073 audeo
2055 2008 2131 2072 scri-

505 2111 596 2176 bere:
631 2111 773 2177 mentiris
803 2119 835 2176 et
864 2112 1003 2196 decipis,
1038 2132 1107 2176 crum
1133 2110 1213 2176 baec
1236 2111 1275 2175 de
1299 2131 1349 2176 me
1372 2110 1558 2195 praedicas,
1592 2110 1651 2175 sed
1672 2109 1752 2174 illud
1776 2110 1895 2194 potius:
1931 2110 2013 2192 scio,
2048 2111 2130 2194 quod

505 2234 612 2279 amore
640 2214 776 2280 fallaris.
825 2221 858 2280 tu
890 2235 1081 2298 quemquam
1113 2214 1285 2279 facundum
1315 2234 1427 2296 voces,
1463 2214 1512 2278 vir
1540 2213 1572 2278 iu
1602 2212 1738 2278 dicendo
1761 2232 1955 2278 summarum
1980 2215 2126 2297 partium,

506 2318 555 2381 cui
586 2318 627 2381 sit
656 2317 810 2401 patriciae
840 2318 1007 2400 dignitatis
1035 2317 1157 2382 oratio?
1197 2337 1273 2399 crgo
1296 2337 1391 2401 parce
1414 2317 1520 2383 verbis
1543 2316 1796 2381 lenocinantibus
1819 2324 1851 2381 et
1873 2316 1946 2381 fuco
1969 2317 2078 2381 oblitis
2100 2324 2131 2381 et

505 2421 548 2485 ad
577 2421 711 2502 gratiam
744 2421 936 2504 conparatis.
985 2420 1147 2486 amicitiae
1169 2428 1296 2485 nostrae
1320 2421 1400 2486 forts
1423 2419 1606 2500 conveniat,
1641 2425 1675 2483 ut
1697 2419 1795 2483 talem
1818 2419 1920 2484 videri
1942 2439 1994 2484 me
2017 2420 2129 2484 ceteris
2151 2440 2178 2478 rs

506 2524 627 2608 cupias.
653 2523 785 2607 pudoris
808 2530 917 2588 tamen
940 2524 1002 2588 mci
1021 2528 1084 2607 est,
1112 2532 1147 2589 ut
1168 2524 1294 2588 minime
1316 2523 1379 2608 ipsi
1402 2524 1497 2588 talem
1523 2543 1574 2587 me
1597 2540 1669 2588 esse
1693 2521 1900 2605 persuadeas.

1099 2807 1301 2915 cxxxmu
1325 2849 1534 2935 (annana

447 3026 483 3084 H
591 3022 675 3101 Olim
698 3030 729 3088 te
752 3022 831 3086 mibi
854 3021 932 3087 fecit
953 3022 1127 3105 optabilem
1151 3023 1238 3087 cultu
1260 3022 1347 3087 fama
1368 3022 1546 3087 litterarum
1570 3029 1705 3102 tuarum,
1732 3019 1792 3085 sed
1814 3020 1868 3086 diu
1892 3020 2033 3087 officium
2055 3023 2132 3087 scri-

507 3125 602 3191 bendi
632 3145 690 3210 per
718 3125 944 3191 verecundiam
976 3125 1104 3205 distuli,
1137 3146 1179 3190 ne
1208 3125 1241 3189 in
1269 3126 1345 3190 aula
1366 3125 1504 3209 positum
1527 3124 1655 3189 viderer
1676 3123 1816 3203 ambire,
1851 3124 1941 3189 cuius
1964 3125 2066 3190 morbi
2087 3126 2132 3190 ita

506 3230 617 3294 crebra
647 3236 696 3294 est
725 3227 917 3308 adfectatio,
955 3235 990 3292 ut
1019 3227 1189 3311 diligentes
1220 3228 1466 3295 existimationis
1496 3227 1556 3293 viri
1586 3248 1643 3312 pro
1672 3226 1789 3292 alienis
1818 3227 1905 3292 vitiis
1928 3228 2128 3295 erubescant.
2151 3246 2179 3287 ao

504 3332 570 3396 iam
599 3338 721 3396 remota
750 3338 800 3396 ost
827 3350 926 3397 causa
948 3329 1178 3413 haesitantiae,
1212 3338 1383 3415 postquam
1406 3351 1457 3395 me
1480 3331 1566 3416 prior
1589 3330 1783 3396 salutatione
1805 3328 1957 3413 dignatus
1979 3351 2026 3396 es.
2073 3353 2132 3417 pa-

505 3442 609 3500 tentes
638 3435 799 3500 amicitiae
828 3443 903 3500 tuae
932 3434 1017 3499 fores
1048 3434 1185 3517 benigue
1211 3435 1332 3499 accitus
1355 3434 1481 3499 intrabo
1504 3440 1537 3498 et
1559 3452 1757 3517 conpensare
1780 3432 1958 3499 meditabor
1980 3434 2132 3518 pudentis

465 3542 482 3599 2
506 3537 626 3602 silentii
656 3558 760 3603 moras
790 3537 1004 3603 crebrioribus
1027 3537 1166 3621 paginis.
1214 3545 1248 3602 tu
1271 3544 1394 3602 tantum
1417 3537 1502 3601 bona
1524 3536 1620 3602 venia
1641 3536 1767 3620 respice
1790 3536 1979 3620 obsequium
2001 3538 2132 3620 linguae

500 3641 610 3725 ⁴inopis
639 3650 670 3706 et
699 3642 865 3726 paulisper
893 3641 1069 3726 imperialis
1100 3641 1245 3724 magistri
1272 3640 1421 3705 submitte
1445 3639 1609 3705 iudicium.
1657 3639 1806 3704 indicasti
1829 3647 1914 3706 certe
1936 3660 2078 3706 meorum
2100 3649 2132 3707 te

504 3744 615 3824 aliqua
643 3744 781 3827 legisse:
815 3744 951 3810 eandem
979 3764 1075 3828 posco
1098 3744 1299 3829 patientiam.
1347 3763 1448 3808 novus
1471 3743 1531 3809 tibi
1553 3763 1616 3809 non
1639 3763 1694 3809 ero
1716 3763 1776 3809 nec
1797 3744 1999 3828 inexpertum
2022 3744 2132 3810 formi-
2150 3762 2179 3803 rs
2278 3792 2304 3807 ,
2350 3758 2351 3765 “

504 3846 589 3912 dabo
612 3848 782 3925 arbitmm;
819 3849 926 3913 omnia
947 3868 1020 3913 mea
1043 3847 1126 3912 ferre
1149 3846 1302 3912 didicisti.
1353 3846 1491 3912 accessit
1512 3847 1609 3911 etiam
1631 3847 1723 3912 nobis
1746 3846 1969 3929 familiaritas,
1996 3868 2079 3931 quae
2100 3855 2132 3914 te

505 3949 584 4014 milri
614 3950 797 4033 aequiorem
826 3950 965 4016 iudicem
995 3950 1104 4017 faciat.
1153 3951 1296 4033 gratiosa
1319 3950 1437 4034 quippe
1460 3957 1510 4015 est
1532 3950 1675 4015 amicitia
1696 3959 1730 4016 et
1751 3970 1772 4016 a
1794 3969 1906 4016 severo
1929 3951 2077 4018 examine
2098 3952 2131 4016 iu

463 4052 687 4118 3blandiores
718 4072 831 4119 sensus
861 4054 994 4120 caritate
1024 4061 1173 4119 mutatur.
1221 4053 1335 4137 quodsi
1365 4072 1426 4136 ego
1457 4053 1602 4137 deposito
1630 4053 1755 4137 ingenii
1784 4054 1935 4139 pauperis
1965 4061 2051 4119 metu
2073 4054 2132 4120 ad-

505 4155 615 4221 siduas
637 4155 696 4222 tibi
718 4156 876 4240 epistulas
899 4157 1059 4240 spondeo,
1086 4158 1196 4237 vides,
1222 4163 1341 4240 quanto
1363 4157 1502 4241 amplius
1525 4176 1651 4241 sperem
1676 4156 1717 4222 de
1740 4157 1957 4241 promptuario
1979 4157 2127 4241 largiore.

505 4258 671 4324 fatendum
694 4259 752 4324 tibi
775 4267 825 4325 est
846 4260 964 4325 amice:
998 4260 1188 4325 Gallicanae
1211 4259 1383 4325 facundiae
1405 4260 1539 4325 haustus
1564 4259 1707 4341 requir03
1742 4279 1805 4324 non
1827 4258 1913 4341 quod
1934 4259 1987 4325 his
2010 4266 2131 4345 septem
2150 4280 2179 4319 so

506 4363 665 4429 montibus
688 4363 872 4445 eloquentia
887 4362 1024 4428 Latiaris
1047 4363 1202 4437 excessit;
1230 4362 1288 4427 sed
1310 4363 1387 4445 qnia
1409 4368 1582 4447 praecepta
1605 4362 1782 4427 rhetoricae
1805 4363 1925 4447 pectori
1941 4383 2013 4430 meo
2032 4383 2131 4430 senex

505 4466 580 4530 olim
604 4465 788 4530 Garumnae
817 4466 967 4530 alumnus
995 4465 1157 4546 inmulsit,
1191 4474 1241 4531 est
1272 4465 1349 4529 mibi
1379 4486 1450 4530 oum
1481 4465 1599 4530 scholis
1629 4465 1745 4529 vestris
1775 4485 1833 4549 per
1862 4465 2022 4532 doctorem
2049 4466 2132 4532 iusta

462 4557 663 4651 lcognatio.
712 4568 867 4652 quidquid
897 4569 930 4633 in
952 4588 1004 4634 me
1027 4575 1093 4650 est,
1127 4569 1212 4650 quod
1235 4568 1300 4632 scio
1323 4589 1419 4651 quarn
1443 4567 1485 4633 sit
1507 4567 1677 4651 exiguum,
1712 4569 1803 4633 caelo
1826 4576 1879 4634 tuo
1902 4568 2016 4634 debeo.
2064 4570 2131 4651 riga

505 4692 563 4737 nos
593 4693 670 4755 ergo
699 4671 804 4737 denuo
834 4693 874 4737 ex
904 4671 972 4737 illis
994 4671 1161 4753 Camenis,
1196 4692 1280 4755 quae
1310 4671 1387 4735 mibi
1411 4671 1462 4736 lac
1484 4671 1640 4736 bonarum
1663 4671 1778 4737 artium
1802 4672 1938 4755 primunr
1962 4671 2128 4753 dederunt,

506 4781 538 4840 et
566 4775 593 4839 si
623 4783 653 4840 te
683 4774 717 4838 iu
747 4774 827 4839 meis
858 4775 984 4859 scriptis
1013 4775 1137 4856 aliquid
1171 4774 1355 4853 offenderit,
1394 4774 1571 4839 auditorem
1606 4774 1766 4858 quondam
1800 4775 1965 4860 popularis
1997 4776 2044 4842 tui
2077 4784 2132 4842 aut
2150 4795 2179 4835 ss

505 4877 633 4943 silentio
655 4884 744 4943 tuere
767 4885 823 4942 aut
843 4885 878 4943 tu
900 4898 1026 4960 quoque
1049 4896 1157 4943 rursus
1179 4877 1320 4943 institue.

612 5070 918 5077 ,mm—.-

592 5188 652 5237 ’ὶίιι
671 5187 723 5256 oro]
746 5190 845 5251 Gmter,
865 5203 932 5237 mors
950 5190 999 5253 (11)
1106 5187 1306 5256 611111ιικ1ιιι,
1328 5190 1425 5241 σηιΠ
1525 5185 1671 5255 uerborum]
1690 5190 1797 5251 laceras,
1818 5191 1924 5238 uborum
1944 5190 1974 5238 Π

591 5277 607 5325 9
625 5278 691 5337 apud
711 5289 749 5323 me
768 5277 824 5323 laus
841 5282 868 5323 et
885 5277 963 5325 solida
982 5280 1061 5336 gratia
1078 5273 1128 5343 ost]
1147 5276 1207 5339 (Il),
1234 5279 1288 5325 lans
1307 5278 1373 5341 apud
1393 5291 1433 5325 me
1450 5282 1476 5323 et
1494 5276 1573 5323 solida
1590 5284 1629 5324 cst
1647 5280 1724 5335 gualla
1743 5275 1812 5339 F¹·³,
1831 5277 1887 5325 laus
1905 5278 1972 5339 apnrl
1991 5291 2032 5324 me
2050 5284 2089 5326 eat
2105 5284 2131 5324 et

506 5362 585 5410 solida
603 5364 682 5422 gratia
701 5359 739 5409 F²
859 5359 906 5429 ita]
924 5364 996 5424 Sacc,
1016 5364 1041 5411 id
1062 5364 1085 5410 1
1196 5359 1304 5429 cultum]
1323 5364 1393 5427 Sace,
1414 5362 1529 5411 cultor*
1650 5362 1677 5410 11
1700 5378 1761 5413 uera
1778 5368 1816 5412 ost
1834 5359 1871 5410 F²
1993 5362 2025 5412 12
2044 5372 2070 5411 ot
2087 5364 2131 5411 ds·

505 5445 580 5514 cipis]
599 5448 661 5511 (11],
681 5451 723 5497 sed
743 5449 840 5511 decipIs
859 5446 1041 5509 11311111,
1062 5451 1107 5497 sed
1125 5450 1248 5510 deciperis
1265 5446 1375 5499 atam.
1482 5449 1525 5498 scd
1544 5448 1607 5497 lllud
1626 5474 1660 5484 -
1680 5449 1711 5497 11
1730 5450 1862 5511 dfgnitatis
1880 5444 1969 5516 o‘ratio]
1988 5449 2027 5513 II,
2046 5463 2095 5498 om.
2113 5450 2133 5497 1

508 5534 538 5583 13
557 5537 651 5583 falleris
669 5536 718 5598 (Π)
826 5535 858 5585 16
876 5532 990 5601 mlulme]
1007 5550 1059 5598 epo,
1081 5536 1184 5584 milriF
1284 5533 1609 5603 11)11]1Π)12·3,1ρειι11
1714 5532 1766 5603 ms]
1787 5534 1873 5601 (HF),
1893 5538 1979 5586 οιη.1
2082 5550 2130 5585 non

506 5623 654 5682 persuadeas
672 5620 710 5668 13
813 5622 870 5671 urle
888 5620 1022 5669 odam

592 5707 625 5756 20
644 5708 772 5767 dirigento
793 5707 874 5771 (mr
972 5708 1004 5758 32
1023 5710 1148 5769 gerundae
1167 5710 1283 5757 alumnus
1304 5708 1369 5769 (Π),
1389 5722 1500 5767 garunna
1519 5709 1653 5757 colummis
1672 5707 1698 5755 Γ
