4736 6478
1127 485 1322 540 SYMMACHI
1340 481 1528 539 EPISTVLA
1558 535 1560 539 ,

1133 846 1327 912 XXXXHII
1351 845 1549 930 (XXXXII).

1084 984 1343 1050 SYMMACHVS
1365 982 1594 1048 NEOTERIO.

613 1158 817 1224 Dissimulati
839 1157 937 1223 officii
960 1156 1183 1239 obiurgatione
1205 1156 1360 1222 morderis
1390 1156 1422 1221 in
1451 1155 1591 1239 epistula
1620 1155 1803 1233 blandiore,
1837 1176 1902 1239 qua
1929 1156 1988 1223 tibi
2017 1157 2158 1242 gratiam

527 1261 630 1328 refero
653 1263 809 1329 sermonis
831 1261 965 1345 accepti.
1006 1260 1081 1325 iicet
1103 1260 1288 1343 cogitarem,
1313 1260 1372 1324 illa
1394 1259 1501 1343 potius
1523 1259 1629 1324 amica
1643 1278 1716 1323 esse
1736 1259 1915 1341 conloquia,
1942 1280 2024 1343 quae
2041 1268 2158 1344 sponte

527 1365 723 1441 tribuuntur,
756 1372 789 1430 at
811 1365 844 1429 in
867 1361 1090 1448 respondendo
1112 1363 1224 1429 referri
1246 1362 1350 1446 magis
1373 1362 1589 1427 neeessariam
1617 1362 1721 1427 vicem
1750 1383 1846 1445 quam
1876 1361 1992 1427 deferri
2023 1370 2193 1447 sponte-u

525 1488 620 1533 neam
643 1469 857 1553 scriptionem,
884 1487 945 1549 cgo
968 1474 1076 1532 tamen
1098 1466 1144 1531 ita
1166 1466 1314 1531 adfectus
1337 1486 1408 1531 sum
1431 1465 1584 1551 proximis
1607 1466 1730 1546 litteris,
1758 1473 1793 1529 ut
1814 1465 1938 1530 nescire
1962 1487 2012 1532 me
2036 1466 2153 1549 fatear,

526 1570 705 1639 reddideris
729 1571 789 1636 hoo
811 1590 926 1635 munus
948 1590 990 1634 an
1014 1568 1153 1634 dederis.
1201 1589 1311 1635 verum
1334 1576 1368 1633 iu
1391 1568 1514 1653 cogita,
1548 1569 1624 1652 quid
1654 1569 1813 1653 epistulae
1842 1576 1916 1635 tuae
1944 1570 2156 1636 iucunditatis

526 1674 693 1740 habiturae
716 1675 789 1755 sint,
815 1693 895 1763 quas
917 1693 980 1745 non
1002 1672 1187 1744 admonitus
1210 1671 1387 1755 exhibebis,
1416 1692 1488 1737 cum
1512 1671 1573 1736 hae
1597 1692 1722 1755 quoque
1745 1672 1822 1737 mihi
1845 1671 2019 1738 admodum
2042 1681 2156 1756 gratae

526 1777 604 1858 sini,
635 1798 715 1861 quas
739 1776 888 1862 rependis
911 1795 951 1841 ex
975 1775 1092 1840 debito.

1165 2051 1323 2119 xxxxv
1347 2050 1560 2134 (xxxxm).

1081 2189 1341 2254 smuronvs
1364 2187 1594 2254 unounnro.

610 2363 715 2444 Facis,
742 2367 777 2427 ut
799 2361 902 2439 decet,
929 2359 1015 2444 quod
1037 2360 1135 2426 otium
1159 2381 1265 2426 meum
1289 2361 1476 2445 seriptomm
1494 2360 1683 2425 assiduitate
1699 2359 1825 2425 solaris.
1866 2360 2025 2443 siquidem
2042 2367 2155 2426 ortuo

525 2486 632 2531 amore
654 2464 826 2547 coniectas,
853 2464 1026 2530 iucundum
1051 2465 1129 2530 mihi
1152 2484 1224 2530 esse
1247 2485 1371 2546 munus,
1398 2462 1484 2546 quod
1506 2485 1547 2529 ex
1569 2471 1623 2529 tuo
1646 2464 1847 2529 sanctissimo
1863 2483 1902 2529 ac
1916 2464 2079 2530 luculento
2097 2485 2154 2530 ore

524 2568 742 2653 proficiscitur.
791 2567 895 2634 refero
924 2568 1022 2651 igitur
1044 2569 1146 2634 vicem
1168 2569 1273 2650 magis
1297 2568 1339 2633 ad
1362 2567 1579 2632 testimoninm
1602 2566 1726 2649 gratiae
1753 2588 1849 2650 qnam
1872 2567 1916 2633 ad
1938 2569 2154 2653 aequiparan-

524 2671 600 2735 dum
623 2672 780 2755 officium,
815 2692 877 2756 quo
900 2692 951 2736 me
973 2692 1114 2754 agnosco
1138 2671 1333 2737 devinctum.
1381 2669 1440 2735 sed
1461 2668 1522 2735 hoe
1542 2671 1613 2754 ipso
1636 2669 1772 2735 arbitror
1794 2669 1972 2753 digniorem
1996 2691 2047 2736 me
2078 2690 2153 2737 esse
2175 2692 2204 2730 rs

524 2775 691 2859 conloquio
714 2775 883 2853 crebriore,
908 2774 993 2857 quod
1016 2773 1100 2839 hanc
1121 2774 1263 2859 palmam
1284 2773 1344 2840 tibi
1366 2772 1464 2838 reddo
1488 2773 1581 2855 quasi
1603 2772 1706 2838 victus
1729 2772 1838 2838 fenore
1861 2773 2050 2839 litterarum.

1049 3048 1223 3113 xxxxvr
1247 3047 1462 3131 (xxxxnm
1496 3068 1527 3112 a.
1547 3050 1620 3113 393.

1079 3185 1338 3251 sruunenvs
1360 3184 1590 3251 unornmo.

608 3357 783 3422 Venturum
805 3365 836 3423 tc
859 3359 901 3423 ad
924 3378 1122 3423 communem
1145 3358 1282 3443 patriam
1306 3358 1393 3422 fama
1421 3357 1621 3441 promiserat.
1670 3365 1797 3439 sperato
1827 3356 1946 3441 gaudio
1973 3359 2146 3441 gloriabar.

523 3459 581 3525 sed
604 3460 658 3526 ubi
682 3460 806 3525 dierum
829 3480 981 3545 processu
1004 3481 1111 3525 rumor
1133 3461 1277 3545 intepuit,
1305 3459 1517 3525 animadverti
1541 3459 1617 3524 mihi
1642 3459 1702 3524 hoc
1716 3480 1820 3541 genus
1836 3480 2004 3545 superesse
2023 3462 2146 3543 solacii,
2171 3484 2200 3524 m

523 3563 609 3646 quod
631 3563 673 3629 ad
697 3564 856 3630 scribendi
881 3584 971 3629 usum
994 3584 1176 3647 moremque
1200 3584 1386 3629 remearem.
1425 3563 1541 3646 fungor
1562 3563 1661 3645 igitur
1683 3564 1876 3629 salutatione
1892 3563 2029 3629 dicenda
2042 3572 2150 3630 tuam-

521 3687 582 3750 que
605 3668 827 3733 excellentiam
851 3689 982 3751 quaeso,
1008 3674 1044 3732 nt
1065 3668 1141 3733 mihi
1165 3668 1340 3733 adrentum
1363 3674 1451 3733 tuum
1474 3688 1530 3751 pro
1553 3667 1669 3732 litteris
1685 3667 1845 3750 largiaris.
1886 3674 1935 3733 est
1949 3668 2034 3732 enim
2051 3688 2150 3734 causa

521 3770 640 3850 votiva,
665 3791 749 3853 quae
771 3779 803 3837 te
826 3772 944 3837 debeat
965 3792 1109 3854 evocare,
1137 3772 1353 3855 quaestorium
1376 3769 1499 3841 seilicet
1521 3789 1635 3834 munus
1658 3769 1718 3834 filii
1741 3771 1817 3851 mei,
1843 3772 1886 3835 ad
1900 3771 1992 3836 cuius
2007 3771 2147 3837 officium

521 3880 553 3938 te
576 3880 720 3956 tuosque·
733 3894 822 3939 amor
844 3874 1021 3940 communis
1042 3875 1167 3940 inritat.
1994 3864 1996 3868 Α

1163 4202 1234 4275 ΑΙ)
1261 4200 1503 4276 FELIOEM.

1056 4371 1246 4436 xxxxvn
1269 4370 1445 4471 (xxxxv)
1481 4393 1511 4437 a.
1531 4375 1604 4437 ace.

1112 4524 1372 4591 srurrnonvs
1396 4525 1549 4591 rsmm.

605 4698 727 4765 Scribis
749 4698 961 4765 reverentiam
983 4699 1083 4763 nostri
1105 4697 1192 4784 apud
1215 4718 1326 4762 omnes
1347 4698 1469 4779 vigere.
1509 4696 1635 4780 gaudeo
1657 4697 1841 4763 huiusmodi
1863 4699 2056 4782 testimonio,
2087 4701 2145 4767 sed

519 4803 677 4886 profiteor,
702 4808 759 4867 tua
782 4822 880 4888 opera
901 4802 981 4883 fieri,
1008 4810 1042 4867 ut
1064 4802 1171 4868 taliter
1193 4807 1301 4884 vigeat
1324 4800 1519 4866 existimatio
1542 4821 1623 4865 mea.
1662 4808 1697 4866 tu
1720 4800 1797 4866 mihi
1821 4822 1857 4867 es
1880 4809 1989 4867 ‹mctm
2011 4804 2145 4869 rumoris

518 4905 670 5003 seomidi,
703 4925 807 4989 neque
829 4905 891 4970 hac
912 4911 1036 4971 tantum
1058 4905 1163 4989 gratia
1185 4904 1337 4971 vadatum
1360 4925 1412 4971 mc
1435 4924 1508 4971 esse
1531 4904 1645 4970 sentio.
1692 4925 1766 4970 narn
1797 4905 1879 4971 iilud
1908 4906 2024 4990 etiam,
2060 4907 2146 4990 quod
2164 4932 2197 4971 uo

603 5184 669 5234 ded
686 5183 795 5232 eundem
815 5185 843 5245 F,
863 5184 951 5233 om.V
1066 5183 1131 5232 end
1150 5183 1256 5245 P1m.,
1277 5197 1305 5232 eo
1326 5183 1348 5231 V
1461 5183 1629 5245 respondente
1650 5182 1693 5247 (Γ)
1818 5182 1875 5231 isi
1891 5166 2030 5235 reddideris
2051 5186 2142 5235 Vim.

517 5270 597 5321 Sirec
618 5272 638 5319 i'

606 5357 634 5407 11
655 5358 687 5406 sd
704 5357 813 5407 cundem
833 5358 861 5419 F,
882 5372 930 5406 om.
950 5356 971 5404 V
1100 5357 1130 5406 12
1149 5364 1178 5407 nt
1195 5363 1222 5407 tc
1240 5358 1312 5406 dccet
1331 5358 1353 5403 F
1474 5356 1504 5405 13
1523 5370 1578 5405 esse
1597 5356 1659 5404 mihi
1681 5357 1702 5403 V
1823 5356 1854 5406 ld
1873 5359 2105 5421 eequippernndum
2127 5360 2147 5405 V

519 5445 549 5494 16
568 5445 614 5493 tibi
632 5445 740 5506 primam
761 5442 820 5505 (Γ),
841 5444 923 5506 priam
942 5444 989 5491 tibi
1009 5444 1031 5489 F

604 5530 635 5580 ts
653 5546 702 5580 om.
722 5530 763 5578 ΥΡ
867 5529 898 5578 19
915 5530 1042 5590 insperato
1062 5529 1157 5579 Pam.
1264 5531 1355 5591 gandia
1372 5530 1492 5590 gloriabor
1511 5529 1556 5577 Pi
1571 5544 1605 5578 m.
1713 5527 1746 5578 20
1765 5541 1881 5590 processu
1899 5543 1983 5578 rumor
1999 5533 2085 5580 omi

602 5617 635 5666 25
653 5622 678 5679 d.
699 5619 752 5665 aui.
774 5616 918 5677 symmachi.
939 5615 980 5665 iri.
1006 5615 1111 5677 explicit
1134 5617 1164 5663 nd
1190 5618 1330 5666 neoterium
1352 5617 1442 5677 incipit
1460 5618 1572 5664 eiusdem
1591 5616 1620 5664 cd
1640 5616 1740 5663 felicem
1761 5628 1842 5663 urm·
1864 5614 1898 5677 P,
1927 5616 2019 5678 incipit
2036 5618 2066 5665 ed
2084 5619 2143 5666 ieli-

515 5719 569 5752 cem
587 5705 615 5766 F,
637 5718 686 5753 um.
704 5703 725 5751 V
846 5702 878 5750 27
897 5716 945 5752 cm.
965 5702 1006 5749 Vi*
1129 5700 1162 5751 28
1181 5705 1266 5765 nigore
1285 5699 1391 5768 gaudeo]
1408 5704 1466 5764 iugc
1485 5704 1552 5763 regio
1575 5703 1595 5750 V
1719 5700 1752 5750 29
1770 5698 1868 5767 uigeat]
1886 5701 1924 5761 H,
1945 5709 2033 5763 urgent
2055 5704 2080 5759 i',
2102 5719 2146 5753 nr-

515 5795 591 5850 guent
609 5790 637 5852 P,
657 5794 774 5850 urgeatur
792 5790 814 5835 Ρ
916 5785 1012 5854 erretur]
1030 5803 1080 5848 epo,
1102 5791 1184 5837 irritor
1203 5787 1271 5836 PVF
1372 5788 1405 5838 ³0
1423 5803 1478 5837 esse
1496 5802 1544 5837 cm.
1559 5789 1582 5835 F
