4746 6472
513 469 531 531 g
1112 459 1538 517 sununonrnrrsnvnnn

384 657 488 721 VMH
510 652 554 718 ad
575 652 739 735 negotium
762 650 979 716 concessimus
1001 656 1233 734 sumptuosum.
1281 649 1359 733 quid
1381 670 1486 715 rerum
1501 669 1662 734 geramus,
1689 651 1837 719 audistis.
1885 652 1982 721 facite
1998 655 2140 723 vicissim

510 762 637 820 vestrae
661 753 775 819 salutis
798 759 894 836 atque
916 760 1045 818 actuum
1068 771 1221 837 prospera
1243 752 1442 837 noverimus,
1475 760 1510 819 ut
1531 753 1592 819 hoc
1613 754 1794 838 pauxillum
1823 762 1967 841 tempus,
2001 758 2088 841 quod
2107 759 2140 826 in

510 857 690 942 Campania
711 875 864 942 paramus
887 855 1068 938 absumere,
1095 854 1165 920 sine
1187 855 1312 920 offensa
1334 856 1433 922 vestri
1456 856 1578 921 silentii
1599 856 1826 941 transigamus.
1875 860 1959 925 vale.

1141 1214 1190 1279 xl
1210 1215 1256 1296 (ν)
1291 1221 1366 1279 ants
1381 1234 1412 1279 a.
1432 1217 1507 1281 aro.

1111 1351 1241 1416 Phuni
1263 1351 1537 1418 sunnncuvs
2159 1382 2173 1420 ⁵

597 1529 677 1594 Cum
700 1526 765 1592 iam
787 1524 874 1591 filiae
895 1530 1022 1590 vestrae
1045 1522 1116 1588 dies
1138 1522 1257 1587 natalis
1279 1522 1463 1607 adpeteret,
1497 1524 1698 1590 commodum
1727 1526 1877 1605 aderant,
1911 1546 1996 1609 quae
2017 1528 2140 1595 muneri

510 1631 681 1698 miseratis.
730 1649 770 1695 ea
792 1628 884 1694 nobis
905 1627 1033 1692 inmune
1056 1633 1209 1710 quantum
1232 1645 1309 1691 cara
1331 1633 1364 1691 ct
1384 1625 1498 1710 gravia
1519 1625 1621 1694 sucre.
1667 1628 1794 1693 namsi
1821 1628 1900 1710 quid
1928 1628 1962 1694 in
1991 1631 2139 1697 absentes

510 1737 594 1802 hene
616 1733 782 1814 consulas,
808 1731 945 1814 inpensu
968 1729 1089 1794 maiore
1111 1727 1282 1811 gaudetur.
1329 1728 1404 1794 ilico
1426 1728 1570 1813 amplexi
1591 1729 1733 1813 litteras,
1762 1752 1846 1815 quae
1867 1734 2141 1817 prosequebantur

510 1840 629 1917 oblata,
655 1836 690 1901 in
712 1833 933 1920 expectatione
956 1851 1030 1897 esse
1052 1830 1226 1916 coepimus,
1253 1851 1349 1914 quam
1371 1851 1446 1896 mox
1468 1832 1558 1897 vobis
1581 1832 1817 1917 capessendum
1838 1834 1900 1901 iter
1913 1836 2040 1921 Appiae
2062 1835 2141 1901 scri·

470 1942 643 2009 iheretis.
688 1937 770 2005 nihil
792 1937 905 2001 horum
928 1935 1048 2020 pagina
1069 1933 1249 1999 nuntiabat.
1294 1941 1461 2019 percontor
1488 1935 1709 2017 tabellarium,
1740 1957 1817 2002 num
1845 1939 2057 2004 constantiam
2083 1939 2140 2005 de-
2161 1963 2190 2004 ro

510 2046 589 2112 creti
618 2063 724 2109 rerum
753 2039 860 2105 subita
888 2039 1084 2104 turbassent.
1130 2036 1177 2101 ait
1205 2036 1397 2102 sententiam
1426 2036 1507 2102 nihil
1537 2038 1737 2119 claudicare,
1772 2039 1831 2105 sed
1859 2040 1980 2125 placita
2006 2041 2133 2121 differri,

511 2146 660 2215 donicum
679 2143 773 2210 statio
788 2142 961 2207 Formiana
982 2140 1084 2205 multa
1105 2138 1198 2222 fruge
1221 2146 1254 2205 et
1275 2138 1349 2205 aliis
1372 2139 1432 2205 hoc
1453 2159 1556 2224 genus
1578 2140 1613 2205 in
1635 2161 1728 2207 usum
1742 2143 1936 2210 necessariis
1950 2144 2135 2210 instruatur.

510 2260 587 2318 tunc
607 2248 688 2314 mihi
709 2248 836 2313 animus
857 2245 899 2310 ab
921 2242 1125 2328 aegritudine
1148 2242 1344 2327 remigravit.
1392 2242 1433 2308 do
1455 2243 1562 2324 fidem,
1588 2243 1669 2310 nihil
1692 2244 1787 2310 herili
1807 2265 1950 2328 mensae,
1976 2245 2056 2312 nihil
2072 2266 2139 2313 ser·

510 2354 599 2419 vitiis
620 2358 677 2416 aut
698 2349 805 2436 pecori
827 2346 1023 2413 defuturum.
1069 2366 1110 2411 ne
1133 2345 1212 2410 mihi
1235 2346 1276 2411 sit
1298 2345 1376 2411 dicti
1398 2346 1493 2412 huius
1516 2347 1649 2432 posthac
1670 2348 1819 2431 negatio,
1852 2369 1893 2414 en
1921 2350 2013 2415 vobis
2035 2350 2139 2416 chiro-

510 2455 627 2542 graphi
648 2454 752 2519 instar
772 2450 897 2516 litteras
919 2467 1021 2514 meas.
1068 2448 1274 2533 sponsionem
1303 2468 1409 2514 msam
1439 2449 1576 2534 stipulat
1602 2449 1755 2517 adfectio.
1801 2451 2014 2533 nequeenim
2037 2452 2189 2538 patiaris

510 2558 626 2644 decipi,
654 2574 734 2640 quos
757 2560 831 2639 opto
853 2550 1021 2636 conplecti.
1069 2550 1156 2616 vale.

1125 2911 1191 2976 XII
1211 2911 1274 2995 (VI)
1310 2917 1384 2976 ante
1399 2930 1431 2976 a.
1450 2914 1524 2976 376.

1111 3048 1240 3113 PATRI
1262 3047 1534 3114 SYMMACHVS.

596 3229 771 3295 densorum
799 3222 886 3289 notio
915 3220 977 3287 fuit
1006 3225 1151 3305 spectare
1180 3239 1296 3304 opera,
1333 3240 1416 3303 quae
1444 3220 1621 3300 locassent,
1659 3221 1720 3287 hoc
1747 3242 1799 3287 me
1831 3221 1997 3314 negotium
2027 3242 2136 3289 curare

509 3330 651 3398 voluisti.
697 3346 768 3392 mos
789 3332 900 3410 gestus
924 3331 974 3390 est
995 3322 1177 3408 imperatis,
1203 3323 1255 3388 vel
1279 3323 1366 3406 quod
1387 3323 1445 3388 tibi
1467 3322 1552 3389 dicto
1575 3322 1711 3390 audiens
1735 3343 1807 3391 esse
1829 3324 1944 3407 debui,
1978 3327 2031 3391 vel
2053 3325 2137 3410 quod
2156 3349 2186 3390 ro

510 3434 616 3501 studio
638 3451 710 3497 meo
733 3449 872 3513 congrue
894 3426 1082 3492 mandatum
1104 3445 1221 3491 munus
1243 3425 1372 3509 agnovi.
1419 3425 1497 3491 audi
1518 3425 1617 3510 igitur
1637 3434 1792 3511 quantum
1813 3427 1848 3493 in
1869 3428 2007 3494 aedibus
2022 3428 2137 3494 nostris

510 3557 586 3603 cura
615 3532 818 3620 promoverit.
866 3529 963 3595 scalis
999 3530 1253 3614 subpectus-est
1281 3528 1382 3594 honor
1414 3529 1597 3607 marmoris;
1635 3531 1801 3615 superiora
1827 3531 1994 3597 conclavia
2024 3531 2137 3597 crustis

509 3646 676 3723 teguntur,
707 3657 748 3702 ea
769 3634 875 3720 operis
898 3633 1047 3713 levitate,
1073 3639 1109 3698 ut
1130 3651 1275 3716 conpago
1298 3631 1436 3697 solidum
1459 3632 1642 3698 mentiatur.
1689 3634 1855 3699 columnas
1876 3633 1978 3700 nihilo
1999 3635 2137 3719 amplius

510 3748 669 3807 mercatus
692 3758 744 3820 es,
777 3757 874 3819 quam
903 3736 932 3802 si
959 3735 1018 3802 tihi
1046 3734 1171 3800 muneri
1199 3734 1417 3818 contigissent.
1465 3754 1522 3801 eas
1544 3735 1684 3820 Bithyno
1705 3735 1815 3821 lapide
1843 3755 1973 3819 caesas,
2007 3737 2136 3803 sibene

510 3845 613 3910 oculis
635 3849 715 3922 utor,
741 3839 898 3906 existimo.
946 3838 1102 3904 hactenus
1124 3843 1189 3918 est,
1217 3836 1303 3920 quod
1325 3836 1406 3902 scire
1429 3837 1591 3903 debueris.
1639 3837 1792 3923 deinceps
1813 3844 1938 3904 tantsun
1960 3838 2137 3906 adiciemus
2156 3862 2186 3902 rs

511 3944 683 4031 cognitioni
704 3951 790 4024 tuae,
816 3948 969 4024 quantum
992 3939 1209 4006 aedificationi
1230 3938 1407 4005 viderimus
1428 3939 1593 4006 accedere.

599 4286 814 4357 iconcessimus]
830 4287 938 4352 Vsus),
959 4289 1081 4338 cessimus
1102 4287 1155 4350 (Π)
1261 4300 1346 4337 rerum
1363 4286 1452 4338 om.V
1554 4283 1645 4354 ihoo]
1664 4285 1742 4350 (ΓΜ,
1763 4300 1813 4337 om.
1830 4287 1872 4350 (11
1876 4288 1882 4349 )
1990 4289 2139 4352 dpsrsmns

512 4375 654 4445 absumere]
670 4376 750 4439 VFM,
770 4390 886 4425 curemus
905 4388 1033 4423 assumere
1056 4374 1105 4436 (Π)
1213 4374 1309 4422 olisnss
1325 4374 1405 4422 uestri
1423 4369 1533 4440 silentii]
1549 4371 1631 4433 VFM,
1651 4374 1762 4423 oilensse
1778 4375 1926 4422 interuentu
1946 4373 2000 4438 (Π)

599 4464 614 4514 5
632 4464 701 4513 Petri
719 4457 895 4528 Symmachus]
916 4460 981 4525 (Π),
1000 4473 1049 4510 om.
1065 4451 1118 4508 VM
1237 4458 1252 4507 'l
1270 4460 1374 4508 tumme
1390 4454 1525 4525 quantum]
1543 4458 1680 4521 Scioppius,
1699 4461 1727 4507 in
1745 4473 1877 4509 commune
1894 4460 1997 4508 inmane
2015 4466 2138 4523 qnantum

513 4550 657 4613 Mommsen,
676 4551 705 4598 in
722 4563 853 4599 commune
870 4552 994 4611 quantum
1018 4544 1068 4607 VF,
1089 4547 1117 4593 ln
1134 4558 1207 4593 omne
1224 4559 1300 4607 qnam
1318 4544 1352 4593 Π
1382 4563 1387 4574 ·
1469 4540 1580 4611 dbens]
1599 4543 1676 4609 VI'M,
1697 4546 1758 4594 boni
1779 4545 1830 4607 (Π)
1948 4545 2047 4595 litteras
2065 4541 2139 4611 quse]

516 4635 572 4697 VM,
601 4642 685 4685 cetera
706 4635 756 4698 (11)
908 4628 1029 4698 tiquam]
1052 4629 1103 4693 VF,
1131 4632 1192 4693 quis
1210 4629 1264 4693 (Π)
1406 4632 1479 4692 spise
1500 4629 1549 4677 Vit
1697 4629 1728 4679 io
1746 4626 1853 4697 decretl]
1875 4630 1944 4694 (Π),
1972 4630 2072 4680 deeras
2093 4629 2142 4678 VM

514 4722 545 4772 12
568 4723 683 4771 formiani
709 4722 760 4783 (Π)
904 4719 935 4769 13
960 4716 1196 4778 iililiiremlgrabit
1216 4717 1244 4776 V,
1273 4716 1420 4776 remigrsbit
1445 4713 1474 4762 Μ
1630 4714 1662 4764 14
1687 4717 1788 4777 negotis
1818 4717 1839 4764 V
1980 4718 2100 4778 cyrogrsii
2121 4716 2142 4763 V

514 4809 545 4859 15
563 4803 681 4874 stipulat]
703 4807 759 4870 VM,
780 4806 916 4870 stipuletur
937 4805 989 4868 (Π)
1096 4798 1177 4869 eninr]
1195 4816 1235 4851 ms
1257 4801 1307 4862 (Π)
1417 4799 1448 4850 io
1466 4796 1541 4866 quos]
1560 4814 1617 4849 nsm
1635 4814 1679 4850 sos
1698 4802 1750 4865 (Π)

601 4892 632 4943 is
650 4894 719 4942 Petri
732 4888 906 4959 Symmachus]
920 4892 985 4955 (Π),
1005 4903 1054 4941 om.
1073 4888 1123 4938 VM
1226 4887 1258 4938 19
1276 4883 1400 4954 spectare]
1417 4900 1542 4936 erescere
1555 4886 1589 4935 Π
1688 4886 1722 4938 20
1739 4888 1805 4938 ditio
1821 4902 1871 4938 om.
1886 4888 1937 4952 (Π)
2045 4888 2073 4940 21
2097 4903 2141 4938 nc·

513 4987 564 5029 stre
581 4993 642 5029 curs
659 4979 758 5027 Imaus
875 4975 908 5026 22
916 4978 1063 5050 gur-bpmns
1084 4973 1160 5038 (ΠΓ)
1279 4973 1311 5023 23
1331 4975 1440 5024 solarum
1460 4973 1514 5036 (Π)
1632 4974 1756 5022 columnis
1772 4974 1838 5023 nihil
1858 4974 1908 5037 (Π)
2026 4974 2061 5026 21
2078 4989 2142 5024 mer·

414 5084 418 5089 ·
513 5072 584 5116 estus
602 5080 629 5115 es
647 5078 696 5113 om.
713 5064 766 5126 (Π)
890 5077 995 5112 munere
1013 5064 1198 5111 concessissent
1219 5060 1270 5124 (Π)
1394 5055 1510 5122 bythinia
1528 5059 1556 5121 V,
1582 5059 1683 5109 bisbinc
1701 5058 1783 5122 Μ(Π)
1926 5059 1958 5110 at
1976 5063 2056 5112 conus
2074 5057 2141 5128 utor]

513 5168 581 5202 esse
602 5152 655 5215 (Π)
763 5145 894 5215 debueris]
915 5147 1024 5213 VM),
1044 5148 1166 5198 debueras
1186 5146 1237 5209 (Π)
1352 5143 1386 5195 26
1404 5140 1582 5211 aedificationi]
1599 5144 1654 5196 cod.
1668 5144 1771 5209 Pitheci,
1792 5146 1939 5196 eiiclmionl
1958 5143 2051 5209 Μ(Π),
2072 5146 2142 5195 elici-

513 5239 604 5288 tstioni
622 5244 681 5288 tuae
704 5236 725 5285 V
