4736 6478
510 517 571 578 104
1109 512 1306 569 SYMMAOHI
1323 511 1535 568 EPISTVLAE

410 704 480 766 Pl
507 704 622 788 strepit
644 704 770 770 civitas.
817 710 851 769 tu
874 723 968 783 nuno,
996 703 1116 786 amice,
1143 703 1271 769 venaris
1294 710 1326 768 et
1347 703 1443 768 nimis
1466 703 1580 768 anxios
1603 702 1792 767 deliciarum
1813 708 1940 766 tuarum
1961 696 2135 764 iactatione

508 807 674 872 sollicitas.
715 806 775 872 sed
797 806 853 889 qui
874 805 943 871 fieri
966 813 1080 891 potest,
1107 813 1142 872 ut
1163 807 1261 872 talem
1283 811 1471 889 tantumque
1493 812 1525 872 te
1548 804 1786 890 perscrutandis
1810 803 1970 869 cubilibus
1991 803 2133 886 leporum

508 910 636 977 credam
667 916 803 975 vacaret
847 909 932 974 unde
962 929 1038 992 ergo
1066 917 1133 990 ost,
1167 908 1253 992 quod
1272 908 1390 974 iisdem
1412 908 1529 975 litteris
1551 929 1572 974 a
1594 927 1645 973 me
1667 908 1774 994 poscis
1801 907 1984 986 historiam,
2018 905 2134 986 quibus

508 1035 623 1080 canum
646 1022 771 1079 tuorum
794 1011 894 1078 festos
916 1033 955 1078 ac
977 1013 1135 1098 profestos
1158 1013 1228 1078 dies
1251 1012 1440 1098 praedicas?
1476 1010 1673 1078 dissimulari
1689 1010 1796 1076 studia
1810 1031 1888 1076 vera
1903 1031 1966 1075 non
1981 1014 2129 1094 possunt;

466 1123 484 1179 5
508 1137 582 1182 uam
605 1117 716 1183 fateris
737 1117 857 1182 invitus
878 1117 963 1182 inter
984 1115 1138 1199 figmenta
1159 1117 1283 1182 ludicra
1305 1117 1448 1182 morbum
1475 1114 1616 1199 legendi.
1664 1135 1727 1180 non
1748 1114 1803 1179 ibo
1825 1112 1963 1197 longius.
2011 1110 2167 1197 priscas⁵

510 1220 677 1287 Gallorum
700 1219 870 1285 memorias
893 1219 1012 1285 deferri
1028 1219 1061 1284 in
1075 1239 1190 1285 manus
1206 1226 1278 1284 tuas
1294 1220 1449 1303 postulas.
1489 1220 1619 1285 revolve
1635 1218 1783 1283 Patavini
1798 1216 1961 1301 scriptoris
1976 1220 2130 1295 extrema,

509 1324 625 1409 quibus
648 1343 700 1389 res
716 1323 778 1389 Gai
794 1322 943 1388 Caesaris
966 1323 1177 1407 explicantur,
1203 1329 1259 1387 aut
1282 1323 1310 1386 si
1331 1322 1425 1407 inpar
1448 1330 1496 1388 est
1518 1321 1678 1388 desiderio
1700 1327 1755 1386 tuo
1771 1320 1892 1399 Livius,
1920 1339 2010 1384 sume
2033 1317 2135 1402 ephe-

508 1426 662 1492 meridem
686 1426 722 1492 C.
749 1425 899 1492 Caesaris
922 1424 1103 1509 decerptam
1128 1425 1376 1490 bibliotheculae
1398 1446 1505 1505 meae,
1534 1432 1569 1490 ut
1591 1425 1649 1490 tibi
1672 1424 1795 1489 muneri
1817 1423 2006 1488 mitteretur,
2054 1420 2136 1485 haec

509 1537 542 1595 tc
563 1529 703 1613 origines
727 1529 808 1594 situs
830 1547 973 1614 pugnas,
1000 1535 1032 1592 et
1053 1527 1210 1610 quidquid
1234 1527 1294 1593 fuit
1315 1527 1348 1591 in
1371 1528 1511 1592 moribus
1533 1534 1589 1592 aut
1612 1527 1739 1610 legibus
1762 1525 1960 1605 Galliamm,
1994 1523 2131 1590 docebit.

466 1637 485 1696 6
509 1633 622 1715 enitar,
649 1633 676 1697 si
699 1632 766 1697 fors
788 1638 895 1697 votum
917 1631 1016 1711 iuvet,
1044 1631 1139 1696 etiam
1155 1630 1251 1695 Plinii
1267 1630 1408 1696 Secundi
1423 1630 1617 1696 Germanica
1638 1630 1726 1695 bella
1741 1629 1939 1712 conquirere.
1978 1627 2137 1710 tantisper
2158 1644 2185 1683 ιο

510 1742 579 1802 esto
602 1744 768 1801 contentus
797 1734 862 1801 fide
890 1734 997 1818 operis
1026 1735 1144 1815 oblati,
1178 1742 1211 1799 et
1240 1733 1370 1800 fratrem
1399 1739 1541 1800 nostrum
1564 1734 1751 1799 Minervium
1782 1732 1970 1816 scriptomm
1993 1749 2135 1796 meorum

510 1838 728 1904 doctissimum
751 1843 784 1903 et
805 1838 1069 1921 benignissimum
1093 1837 1233 1903 iudicem
1253 1858 1375 1903 —cur
1397 1837 1502 1903 dicam
1524 1837 1680 1919 iudicem,
1706 1856 1800 1919 quem
1824 1835 1910 1899 malo
1932 1833 2137 1919 plausorem?

510 1979 552 1989 —
576 1941 628 2007 fac
650 1941 771 2006 socium
793 1941 949 2007 lectionis.
998 1961 1193 2024 quamquam
1215 1942 1275 2006 hoc
1297 1961 1318 2006 a
1338 1947 1371 2007 te
1394 1942 1460 2005 saio
1483 1960 1683 2024 nequaquam
1713 1937 1904 2024 petendum3
1939 1936 2021 2002 nihil
2050 1935 2135 2002 enim

513 2045 618 2110 bonae
640 2044 688 2109 rei
709 2043 792 2110 inter
813 2063 872 2109 vos
895 2043 998 2109 dividi
1019 2065 1109 2110 amor
1130 2064 1252 2127 aequus
1275 2065 1314 2109 ac
1335 2051 1465 2109 mutuus
1487 2042 1574 2108 sinit.

1180 2301 1322 2367 XVIIII·
1335 2323 1368 2367 a,
1388 2303 1461 2365 395.

1150 2439 1208 2504 ΑΙ)
1231 2438 1492 2505 PROTADIVM.

596 2611 624 2675 Α
647 2610 808 2695 prosperis
825 2610 1013 2677 ordiendum
1030 2619 1094 2688 est;
1122 2617 1316 2696 quapropter
1338 2611 1371 2676 in
1394 2612 1539 2695 prologo,
1565 2618 1600 2675 ut
1615 2611 1660 2676 ita
1675 2610 1821 2691 dixerim,
1849 2611 2027 2675 litterarum
2049 2607 2138 2672 salu-

510 2721 574 2779 tem
608 2713 890 2798 valetudinemque
924 2714 1006 2779 dico.
1054 2714 1169 2780 dehinc
1203 2733 1344 2780 meorum
1379 2715 1500 2781 subicio
1532 2714 1745 2799 postulatum:
1788 2713 1965 2779 Flavianus
1997 2711 2047 2777 vir
2077 2710 2135 2776 inl.

511 2837 676 2882 commune
692 2817 810 2901 pignus
826 2817 881 2883 diu
897 2819 1055 2884 eluctatus
1071 2819 1218 2884 fortunae
1233 2838 1360 2904 aspum,
1386 2817 1444 2883 sed
1461 2816 1528 2883 divi
1543 2817 1697 2902 principis
1712 2816 1868 2883 beneficio
1882 2816 1916 2881 in
1931 2813 2139 2898 tranquillum

510 2921 677 3003 reductus,
710 2920 835 2986 solvere
865 2920 1018 2986 salarium
1047 2921 1148 3005 patris
1177 2921 1285 2986 iussus
1314 2927 1380 3000 ost,
1414 2920 1576 2987 taxatione
1602 2920 1775 3006 pretiorum
1801 2920 1943 3004 graviter
1969 2923 2136 3001 aggerata,
2158 2931 2189 2973 2⁰

470 3027 490 3087 2
512 3044 617 3106 neque
640 3043 757 3091 census
779 3023 875 3089 exilis
896 3031 984 3090 tanto
1006 3029 1097 3090 oneri
1117 3024 1274 3091 convenit.
1316 3024 1369 3089 fac
1390 3024 1497 3108 igitur,
1525 3023 1553 3088 si
1575 3023 1652 3107 quid
1673 3023 1753 3088 inte
1769 3022 1838 3107 opis
1854 3028 1914 3103 est,
1941 3028 1976 3086 ut
1990 3018 2140 3085 adflictae

515 3127 623 3193 domui
645 3127 700 3212 pia
721 3134 898 3211 temporum
920 3137 1032 3212 parcat
1054 3128 1256 3205 humanitem
1289 3127 1432 3212 alioquin
1460 3128 1621 3211 integrata
1643 3146 1701 3211 por
1721 3125 1958 3210 indulgentiam
1980 3124 2067 3189 bona
2088 3122 2141 3187 vel

514 3229 661 3295 auctione
693 3280 901 3294 ........
928 3230 1048 3296 fenoris
1078 3231 1294 3297 detrahentur.
1343 3239 1511 3315 sequetur,
1545 3237 1580 3296 ut
1609 3249 1684 3315 spes
1706 3235 1772 3310 est,
1806 3234 1941 3312 patema
1971 3226 2142 3292 benefacta

514 3332 641 3398 iuvenis
664 3332 839 3415 Augustus,
867 3332 909 3398 ad
932 3355 1026 3417 quem
1050 3334 1145 3400 sicuti
1168 3333 1328 3399 successio
1350 3334 1477 3419 imperii
1500 3354 1564 3399 uua
1585 3354 1651 3397 cum
1675 3331 1774 3397 fratre
1796 3330 1957 3416 pervenit,
1983 3330 2028 3396 ita
2049 3329 2143 3396 boni-

513 3436 590 3501 tatis
611 3434 759 3501 imitatio.
2160 3448 2191 3490 as

1217 3695 1282 3759 XX
1311 3716 1342 3760 a.
1361 3698 1435 3758 395.

1153 3830 1212 3896 AD
1236 3831 1497 3897 PROTADIVM.

600 4002 757 4068 Hilarasti
780 4003 859 4068 milri
883 4002 968 4068 diem
991 4002 1125 4085 litteris,
1151 4023 1235 4087 quae
1257 4009 1394 4070 testatae
1417 4011 1506 4081 sunt,
1535 4002 1645 4086 vigere
1667 4002 1754 4087 apud
1775 4010 1808 4069 te
1829 4012 1958 4071 nostrae
1979 4004 2141 4070 amicitiae

514 4105 727 4189 diligentiam.
775 4106 910 4172 multum
933 4106 1053 4191 pectori
1075 4126 1147 4172 meo
1170 4107 1345 4192 voluptatis
1367 4107 1527 4190 inlapsum
1551 4113 1610 4171 cst.
1658 4112 1691 4172 et
1712 4125 1791 4171 sane
1814 4112 1988 4172 statueram
2011 4106 2141 4192 scriptis

514 4215 715 4274 antevertere
737 4208 877 4274 officium
900 4216 1000 4291 tuum,
1026 4209 1054 4274 si
1076 4217 1108 4276 te
1123 4209 1353 4276 Mediolanium
1377 4210 1504 4275 venisse
1519 4209 1716 4275 didicissem·
1756 4209 1908 4275 dederam
1924 4211 2042 4295 quippe
2056 4211 2140 4275 hanc
2159 4224 2188 4265 ³⁰

515 4310 712 4396 provinciam
734 4333 888 4395 germano
910 4319 982 4395 tuo,
1016 4313 1106 4378 ouius
1129 4313 1186 4378 tibi
1209 4333 1317 4378 amore
1340 4333 1403 4378 non
1432 4312 1600 4395 cesserim,
1633 4318 1668 4377 ut
1696 4312 1870 4377 adveutum
1894 4320 1981 4378 tuum
2004 4332 2140 4397 propero

514 4414 692 4494 nuntiaret;
727 4415 785 4481 sed
813 4414 961 4482 conludio
989 4416 1127 4497 quodam
1157 4422 1299 4482 moratus
1324 4415 1478 4482 indicium
1500 4415 1559 4481 libi
1580 4414 1755 4481 ordiendae
1778 4415 1981 4482 salutationis
2005 4416 2140 4502 priorem

516 4520 620 4584 locum
635 4519 804 4604 praestitit.
844 4539 949 4602 neque
971 4538 1032 4601 ego
1054 4520 1188 4585 moleste
1211 4517 1289 4601 lero,
1316 4519 1400 4601 quod
1423 4518 1511 4603 apud
1533 4525 1565 4584 te
1580 4517 1686 4601 gratia
1703 4568 1854 4583 ......
1873 4518 1980 4585 fratris
1994 4520 2137 4585 antistat.

393 4705 397 4713 1
474 4622 640 4687 tinterea
660 4621 918 4708 respondendum
941 4628 990 4688 est
1009 4622 1226 4705 inquisitioni,
1259 4644 1323 4706 qua
1345 4623 1426 4688 scire
1449 4623 1611 4707 postulas,
1644 4622 1761 4705 quibus
1784 4622 1910 4688 actibus
1932 4623 2030 4689 vitam
2052 4624 2141 4690 cola-

514 4744 596 4790 mus.
644 4724 719 4790 dum
750 4725 837 4790 filius
865 4744 956 4791 meus
986 4725 1120 4791 Graecis
1151 4726 1264 4792 litteris
1293 4726 1456 4808 initiatur,
1494 4745 1554 4809 ego
1584 4745 1635 4791 me
1665 4725 1770 4791 denuo
1800 4725 1915 4791 studiis
1944 4725 2013 4791 eius
2043 4726 2141 4792 velud
2160 4740 2189 4779 ³⁵

514 4828 661 4912 aequalis
683 4828 826 4893 adiunxi.
867 4848 1094 4911 repuerascere
1116 4828 1202 4895 onim
1224 4848 1283 4893 nos
1305 4829 1394 4894 iubet
1417 4829 1531 4913 pietas,
1558 4835 1593 4894 ut
1613 4828 1791 4894 litterarum
1807 4827 2011 4894 dulcedinem
2030 4828 2140 4894 liberis

515 4930 632 4996 nostris
654 4930 744 4996 labor
766 4929 973 5015 participatus
995 4931 1145 4997 insinuet.
1186 4937 1261 4997 tuae
1284 4950 1336 4997 res
1359 4931 1478 4997 nonin
1501 4931 1654 5015 germine,
1683 4930 1796 4996 sedin
1818 4930 1911 5014 fruge
1932 4937 2023 5010 snut,
2050 4931 2141 4998 cuius

602 5210 616 5256 3
635 5209 734 5268 hisdem
752 5208 775 5255 Ρ
911 5208 927 5257 8
945 5209 1120 5258 bibliotcculae
1139 5209 1162 5269 P
1301 5209 1331 5259 10
1349 5209 1413 5271 pllui
1432 5208 1454 5255 P
1594 5206 1625 5256 12
1644 5214 1671 5256 st
1687 5205 1910 5275 benignissimum]
1930 5206 1993 5270 (Γ),
2016 5224 2066 5257 om.
2086 5209 2109 5258 P

514 5291 631 5360 mulloP
735 5294 766 5343 13
785 5293 992 5344 sotlumle.
1100 5294 1131 5344 14
1149 5310 1177 5344 ao
1195 5311 1244 5343 om.
1262 5293 1311 5357 (Γ)

604 5380 635 5430 18
653 5378 693 5445 lul
708 5381 737 5442 P,
756 5382 782 5428 iu
795 5379 844 5429 m
947 5380 977 5430 21
999 5378 1123 5447 cxllllsP
1225 5381 1335 5430 oncreP
1437 5379 1469 5429 22
1487 5380 1530 5429 nol
1542 5383 1658 5429 auctions
1669 5383 1762 5430 lonorh
1774 5378 1948 5448 detrahentur]
1960 5380 1990 5441 P,
2011 5385 2142 5432 exactione

515 5470 608 5518 fenoris
627 5467 726 5529 Mereor,
748 5467 873 5515 uslrtlouo
892 5469 987 5517 fenoris
1005 5467 1148 5529 allormmea,
1172 5468 1266 5517 scribe.-
1284 5469 1326 5516 nol
1344 5468 1458 5516 auctlonc
1477 5467 1519 5515 uel
1537 5468 1661 5528 manime
1678 5468 1773 5516 icuoris
1791 5467 1962 5516 distrahentur
2066 5467 2098 5517 24
2118 5476 2143 5517 at

515 5568 588 5615 quern
609 5554 632 5601 P
733 5568 784 5602 uns
802 5568 858 5602 cum
877 5551 966 5621 fratre]
983 5567 1035 5616 epo,
1056 5557 1072 5601 ᾗ
1090 5557 1104 5601 ὅ
1121 5569 1135 5602 a
1153 5556 1229 5602 fratre
1248 5552 1318 5602 ΡΓΦ

602 5640 634 5689 27
653 5654 702 5689 om.
717 5640 740 5687 F
842 5640 875 5689 33
894 5641 973 5701 gratis
986 5642 1069 5688 fratris
1083 5640 1133 5701 PF,
1153 5641 1257 5701 supple:
1275 5641 1341 5702 quod
1359 5640 1425 5702 apud
1444 5646 1469 5688 te
1487 5640 1566 5701 gratia
1582 5640 1696 5687 festinati
1715 5640 1792 5688 ostioli
1811 5646 1867 5689 astu
1886 5641 1970 5689 fratris
1982 5643 2090 5689 antistnt
2106 5643 2145 5689 ool

515 5729 594 5775 simile
612 5726 680 5789 quid,
701 5727 767 5789 quod
787 5726 853 5788 apud
873 5739 918 5775 uos
935 5730 1013 5787 gratie
1032 5728 1115 5775 fratris
1133 5728 1238 5775 antistat
1257 5725 1391 5775 Mortuum
1496 5725 1529 5774 36
1547 5739 1722 5788 repuerascere
1744 5727 1807 5789 (cero
1825 5725 1969 5789 iuras.)P
2072 5729 2146 5775 luuct

514 5815 596 5874 plotus
615 5812 723 5871 ΡΜ,
743 5813 825 5875 pietas
843 5814 915 5861 iubet
934 5814 956 5860 F
