4686 6472
841 452 892 508 uu
911 451 1107 509 srunnmn
1126 452 1229 508 vrrs.
1743 455 1851 522 Lm

223 680 386 767 paululum
417 683 562 745 recreato
590 677 759 744 canalium
785 677 940 762 mutavit,
972 676 1159 763 praesertim
1181 698 1255 745 cnm
1277 677 1489 763 Symmachus
1511 679 1581 764 ipse
1603 679 1636 744 iu
1659 679 1752 746 litore
1773 679 1853 746 For-

224 800 328 867 miano
350 798 558 867 refectionem
581 818 737 882 quaerere
758 797 942 865 institueret
950 798 1017 882 ³⁰⁶).
1062 819 1126 882 quo
1148 805 1319 884 postquam
1342 798 1375 864 d.
1400 800 1441 863 28
1465 799 1539 865 iulii
1561 799 1717 886 pervenit,
1744 798 1854 867 statim

224 920 315 1007 pedis
338 921 450 986 dolore
472 926 636 1005 correptus
658 921 766 1000 estiiil
793 919 941 1003 lentoque
963 919 1068 1003 gradu
1090 919 1134 986 ad
1156 918 1328 986 sanitatem
1342 919 1576 1005 processitiiil.
1615 920 1726 1005 itaque
1741 940 1852 988 mense

222 1042 350 1110 Octobri
372 1041 496 1107 viribus
517 1039 655 1125 receptis
677 1039 812 1106 Romam
834 1059 983 1106 reversus
1005 1043 1138 1123 est³⁰⁸);
1173 1040 1288 1107 sedin
1310 1060 1384 1106 rure
1406 1040 1578 1123 Laurenti,
1610 1061 1673 1125 quo
1696 1061 1731 1108 se
1753 1042 1851 1127 paulo

222 1170 294 1249 post
324 1162 527 1247 recepit³⁰⁹i‚
564 1160 683 1246 pedum
717 1160 921 1243 aegritudine
950 1167 1104 1228 renovata
1132 1142 1188 1226 diu
1219 1159 1436 1246 laboravit³¹⁰l
1472 1162 1687 1244 Etruscosque
1715 1181 1853 1246 vapores

223 1283 374 1366 adiisset,
399 1280 463 1347 nisi
484 1282 597 1348 turbae
619 1281 653 1347 in
675 1281 754 1348 urbe
777 1285 907 1347 4444444
929 1280 990 1346 viri
1012 1280 1045 1346 in
1068 1287 1182 1347 senatu
1205 1279 1359 1366 principis
1381 1300 1512 1366 operam
1535 1281 1597 1348 sibi
1618 1280 1849 1349 vindicassent.

223 1425 253 1468 4.
278 1403 354 1469 adu.
379 1405 456 1483 246.

307 1524 480 1606 Postquam
506 1521 602 1589 Gildo
617 1521 747 1588 Arcadii
770 1521 959 1589 aucwritats
980 1520 1112 1586 innixus
1127 1520 1310 1588 Occidentis
1332 1520 1517 1609 imperatori
1540 1523 1729 1607 obsequium
1752 1524 1853 1592 dene-

224 1645 322 1730 gavit,
353 1643 523 1710 certamini
543 1643 627 1710 inter
648 1643 764 1709 hahes
786 1644 949 1727 Angustos
972 1648 1082 1708 exorto
1105 1648 1236 1709 senatus
1258 1663 1279 1708 a
1301 1642 1481 1710 Stilichone
1503 1643 1623 1711 arbiter
1644 1645 1767 1712 electus
1790 1653 1849 1729 est,

222 1787 286 1851 qua
307 1766 342 1831 in
364 1783 465 1831 causa
485 1764 714 1849 Symmachum
736 1763 944 1850 interpretem
965 1761 1125 1830 adhibuit.
1172 1762 1284 1847 itaque
1306 1764 1499 1831 senteutiam
1521 1765 1655 1832 onnus
1677 1766 1777 1832 nostri
1799 1786 1853 1833 se-

223 1892 314 1953 cutus
343 1884 421 1951 crdo
449 1882 669 1969 amplissimus
690 1884 820 1952 Africae
849 1883 997 1951 comitem
1027 1883 1151 1950 hostem
1179 1883 1343 1969 publicum
1364 1882 1521 1951 iudicarit
1541 1885 1728 1969 bellumque
1750 1885 1781 1953 ei
1802 1887 1854 1952 iu-

223 2005 393 2074 dicandum
416 2024 490 2072 esse
511 2004 713 2088 censuit³¹¹).

307 2126 373 2205 Qui
394 2147 467 2193 cum
483 2126 664 2192 Musceuele
686 2126 721 2191 in
742 2124 980 2211 expeditionem
1003 2122 1095 2189 missi
1117 2130 1201 2205 sunt
1228 2145 1329 2209 parva
1351 2131 1475 2192 autum
1496 2144 1611 2192 manus
1633 2133 1702 2194 erat
1716 2127 1854 2212 legionis

224 2247 318 2316 unius
348 2254 382 2314 et
404 2246 596 2312 auxiliorum
618 2245 833 2332 palatinorum
856 2264 933 2329 sex,
966 2246 1071 2311 electa
1092 2264 1133 2310 ex
1155 2244 1197 2310 iis
1220 2244 1339 2330 copiis,
1373 2266 1456 2330 quae
1479 2267 1550 2313 cum
1573 2248 1721 2331 Eugenio
1743 2256 1855 2317 contra

221 2367 438 2437 Theodosium
462 2373 617 2434 steterant
635 2374 669 2434 et
682 2388 816 2451 quarum
832 2366 964 2453 spiritus
979 2365 1118 2433 rebelles
1133 2364 1327 2447 efficiebant,
1354 2373 1391 2433 ut
1406 2387 1516 2434 earum
1530 2368 1654 2436 iactura
1668 2370 1774 2456 magis
1789 2372 1855 2438 fcr-

221 2498 308 2557 tusse
332 2494 515 2575 speraretur
536 2508 632 2572 quam
653 2487 829 2554 timeretur.
877 2489 936 2554 sed
956 2495 1029 2572 post
1043 2494 1170 2571 tergum
1185 2506 1296 2552 eorum
1311 2487 1471 2554 exercitus
1483 2490 1647 2569 ,maximus
1662 2493 1850 2577 parabatur,

221 2612 275 2697 qui
298 2631 372 2677 cum
388 2608 564 2675 Stilichone
585 2608 657 2694 ipso
680 2610 943 2693 sequeretur³¹²).
982 2607 1092 2692 itaque
1113 2607 1180 2673 iam
1202 2606 1277 2675 inde
1299 2607 1341 2674 ab
1364 2615 1490 2676 aestate
1509 2630 1567 2694 per
1582 2609 1709 2678 Gallias
1724 2613 1855 2679 Italics-

220 2753 280 2817 qne
311 2732 451 2798 dilectus
477 2729 712 2813 agebatur³¹³)‚
746 2748 767 2794 a
798 2748 863 2812 quc
884 2747 925 2795 ne
948 2728 1172 2814 patrimonium
1194 2726 1326 2812 quidem
1349 2730 1589 2815 Augustum³¹⁴i
1615 2730 1735 2798 nedum
1758 2753 1855 2800 sena·

219 2862 324 2921 iorum
354 2850 490 2937 praedia
518 2849 766 2917 excusabantur.
814 2848 930 2916 restitit
958 2855 1091 2915 senatus
1120 2848 1394 2934 petitionibusque
1424 2850 1554 2935 saepius
1576 2851 1724 2936 repetitis
1746 2854 1853 2938 legem

220 2976 332 3041 datam
356 2974 389 3039 d.
407 2976 448 3036 24
465 2972 553 3057 Sept.
572 2991 604 3036 a.
624 2973 686 3035 397
709 2970 900 3055 impetravit,
927 2990 992 3054 qua
1014 2969 1045 3036 ei
1067 2975 1211 3055 potestas
1233 2967 1320 3036 iacta
1342 2976 1400 3052 cst,
1428 2978 1464 3037 nt
1484 2970 1592 3055 quiuis
1613 2974 1740 3057 argenti
1762 2974 1854 3042 libris

220 3102 295 3178 ant,
329 3092 418 3179 qnod
446 3092 531 3158 idem
563 3098 628 3174 est,
662 3091 785 3157 vicenis
815 3091 920 3174 quinis
950 3089 1064 3156 solidis
1093 3089 1240 3175 singulos
1270 3090 1390 3157 thanes
1419 3091 1592 3160 redimeret
1600 3095 1666 3177 ³¹⁶).
1718 3095 1856 3180 pecunia

222 3274 274 3280 .-..
281 3271 488 3279 ..ῥὰ--

306 3372 368 3435 365)
390 3370 448 3432 144,
468 3370 501 3419 26
524 3374 582 3430 opto
599 3373 626 3419 in
644 3372 688 3419 itio
706 3373 765 3419 sinu
782 3384 854 3430 44444
871 3338 1003 3431 uobiscum,
1024 3369 1091 3431 quad
1108 3374 1184 3418 restat
1201 3374 1297 3432 aestati,
1317 3376 1344 3418 ut
1361 3375 1385 3420 44
1404 3372 1471 3419 iocus
1488 3372 1547 3420 nsiti
1562 3377 1670 3435 praesui
1687 3372 1855 3423 valetudinem

217 3468 239 3511 et
256 3476 301 3510 eas
319 3462 399 3508 44444444
416 3460 574 3518 uoluptatem.

307 3549 759 3615 emmmwwwn

308 3636 600 3701 inunum

310 3733 371 3796 398)
393 3731 451 3796 464,
472 3732 506 3782 24
524 3732 614 3782 44444444
631 3735 817 3796 nonpossint,
837 3746 897 3781 num
915 3759 948 3767 -
966 3733 1055 3781 salutis
1072 3739 1191 3793 compotes
1209 3747 1303 3782 suenus.
1340 3734 1374 3781 cl.
1393 3732 1445 3781 vn
1466 3731 1505 3782 48.

307 3820 367 3883 399)
388 3819 491 3880 1v443
512 3818 560 3865 Vll
581 3816 621 3870 45.
642 3816 684 3868 26.
705 3817 747 3868 24.

306 3914 365 3977 340)
387 3914 448 3977 244),
468 3913 484 3962 6
502 3912 582 3961 denuc
599 3928 638 3961 rne
653 3913 747 3975 pedum
763 3915 843 3962 4444444
861 3913 941 3976 datar,
961 3913 1022 3962 dura
1039 3917 1113 3976 quisti
1131 3918 1196 3964 ruris
1214 3915 1339 3976 induisse.
1377 3913 1438 3975 240,
1460 3912 1490 3962 42
1509 3916 1599 3963 otianti
1616 3914 1676 3962 mibi
1694 3917 1721 3962 in
1738 3930 1799 3976 aare
1815 3930 1855 3965 sc-

221 4004 280 4051 titus
297 4004 375 4050 unius
390 3999 461 4062 psdts
478 3999 576 4049 morbus
593 3999 706 4061 obrepsit.
747 3998 805 4060 488,
826 3998 859 4049 28
878 3999 939 4048 dum
955 4003 1010 4049 ruri
1028 4015 1126 4061 44444444
1144 4001 1254 4050 libertate
1272 4001 1334 4049 sacti
1350 4014 1463 4061 ameum
1480 3999 1628 4060 reformans,
1649 4002 1720 4048 cuius
1736 4015 1775 4049 ms
1793 4015 1854 4051 usus

219 4092 274 4151 past
291 4087 399 4136 44444444
415 4092 528 4136 moratur
545 4092 593 4137 etc.
630 4087 664 4135 ci.
683 4102 711 4150 p.
731 4084 792 4148 249,
815 4083 859 4148 44,
883 4084 940 4147 464,
963 4085 1007 4150 l33
1030 4086 1087 4149 466,
1108 4085 1157 4148 26,
1180 4084 1237 4142 168,
1261 4085 1306 4150 18,
1330 4085 1387 4147 494,
1408 4085 1439 4149 53
1462 4084 1521 4149 498,
1543 4084 1584 4134 46.
1606 4084 1648 4135 26.

309 4182 369 4245 341)
388 4180 431 4245 99,
452 4181 485 4231 29
504 4182 535 4230 sd
555 4181 733 4231 Stilichonem:
755 4183 823 4230 tectis
841 4181 935 4229 domini
952 4184 1030 4230 nostri
1049 4181 1153 4231 Honorii
1171 4183 1279 4243 Auousti
1297 4182 1383 4230 litteris
1401 4186 1472 4244 atque
1489 4183 1615 4230 4444444444
1633 4181 1785 4245 decursisque
1802 4196 1855 4232 crn-

220 4271 293 4319 nibus
316 4271 429 4331 popinis,
457 4282 519 4332 quae
541 4267 653 4317 Gildonis
676 4270 782 4316 4444444444
800 4267 969 4327 continebunt,
994 4281 1042 4327 par
1060 4267 1178 4315 bonorum
1196 4272 1276 4316 motus
1294 4269 1383 4328 resipit.
1421 4268 1526 4315 4444444444
1544 4268 1621 4328 ipitur
1639 4269 1667 4315 in
1684 4274 1772 4316 senatu
1789 4283 1855 4317 mors

220 4358 344 4405 maiorum
360 4382 396 4390 —
412 4369 490 4417 nequis
507 4357 573 4403 4444444
591 4356 642 4402 sins
660 4355 769 4415 iepttimo
788 4353 875 4403 ordine
892 4353 979 4402 iudicii
997 4356 1131 4402 auctoritas
1149 4358 1214 4402 stare
1229 4356 1350 4413 potuisset
1367 4380 1409 4417 —,
1432 4355 1527 4415 inpendi
1544 4367 1634 4401 4444444
1651 4352 1745 4402 deuotis
1756 4358 1855 4403 44444444·

221 4446 262 4491 4444
279 4441 445 4502 satisfecimus
466 4442 525 4503 (uon
543 4442 620 4501 igitur
637 4441 813 4488 acclamatione
831 4441 987 4502 promiscua,
1009 4444 1039 4487 nt
1056 4444 1111 4488 tum
1129 4440 1183 4487 lieri
1201 4440 1306 4501 roiensi,
1329 4439 1373 4488 sed
1392 4440 1530 4489 sententiis
1548 4454 1615 4489 more
1632 4441 1669 4490 rel
1687 4441 1803 4502 publicae
1821 4441 1854 4489 li·

221 4531 294 4577 64444
313 4529 450 4591 perrogstls
468 4526 543 4575 Gildo
561 4526 693 4575 damnatus
711 4528 773 4589 444).
792 4553 827 4563 -
850 4528 931 4575 ueniet
956 4529 983 4574 in
1000 4539 1091 4575 martin
1109 4530 1177 4588 tuas,
1205 4527 1266 4588 quid
1281 4529 1504 4587 pronuntiaverim.
1541 4529 1645 4588 reperies
1662 4532 1685 4576 44
1702 4527 1765 4588 facti
1782 4527 1855 4576 buius

220 4631 259 4664 ms
280 4614 417 4664 adserebas
441 4615 564 4662 iustitiam
586 4617 609 4661 44
632 4612 702 4674 apud
724 4612 851 4661 dominum
875 4617 988 4661 nostrum
1006 4611 1144 4661 Arcadium
1165 4627 1269 4661 eausam
1290 4612 1405 4674 publicas
1429 4613 1506 4672 444444
1524 4611 1677 4661 concordiae.
1715 4612 1802 4661 Claud.
1823 4613 1854 4662 de
1934 4680 1936 4684 Α

220 4716 289 4751 cons.
310 4701 408 4752 Stilich.
429 4702 441 4749 1
460 4700 510 4749 326
528 4714 579 4748 non
596 4704 653 4747 ants
670 4699 741 4759 fretis
759 4703 878 4747 exercitus
896 4699 991 4748 adstitit
1010 4700 1092 4762 uitur,
1116 4700 1202 4748 ordine
1221 4713 1296 4761 quarn
1311 4701 1393 4761 prisca
1410 4703 1517 4747 censeret
1535 4697 1598 4746 betto
1615 4703 1724 4749 44444444.
1760 4700 1854 4759 4444444-

221 4794 276 4838 tum
293 4787 396 4836 Stilicho
412 4802 455 4849 per
473 4792 510 4835 tat
529 4789 579 4834 iarn
596 4788 694 4835 saecuta
711 4800 803 4835 rnorem
820 4787 923 4849 rettulit,
942 4791 972 4835 ut
991 4785 1092 4835 ducibus
1109 4785 1256 4835 mandarent
1273 4786 1368 4847 proelia
1384 4790 1478 4845 patres.

310 4880 370 4944 342)
394 4881 477 4939 [leber¹
485 4881 525 4930 die
539 4881 594 4929 Zeit
606 4880 649 4930 der
660 4880 805 4929 8444444444
817 4881 853 4929 444
867 4881 992 4931 Patientia
1003 4880 1057 4929 und
1072 4881 1173 4930 Verona.
1196 4880 1312 4940 44444444.
1333 4879 1505 4941 Forsstunaen
1516 4893 1561 4928 sur
1573 4878 1703 4928 deutschen
1718 4879 1855 4929 tissctieits

224 4969 310 5017 xm
325 4970 387 5032 Hesi
406 4969 427 5017 1.

309 5062 368 5126 343)
389 5062 476 5112 Claud.
496 5064 528 5112 de
547 5077 615 5112 cous.
636 5063 695 5112 Stil.
711 5061 788 5112 1306
806 5066 897 5112 ueteres
913 5062 1011 5125 44444444
1029 5062 1143 5124 44444444,
1162 5064 1291 5123 explorare
1308 5074 1418 5110 nouas.
1450 5059 1500 5111 315
1518 5060 1584 5109 unde
1601 5060 1671 5108 rudis
1689 5063 1757 5107 tunic
1775 5061 1854 5108 4444444

222 5153 338 5200 4444444444
359 5153 449 5200 enituit
471 5151 585 5213 senioque
608 5151 698 5197 44444444
720 5154 837 5197 semeriis
861 5150 992 5210 resumpsit
1011 5148 1095 5197 Gallia
1119 5149 1155 5197 bis
1173 5148 1268 5210 fructas
1286 5149 1378 5210 Alpino
1395 5148 1497 5196 uulnere
1515 5149 1596 5196 444444
1621 5160 1674 5195 nan
1689 5159 1733 5206 epo
1750 5144 1851 5205 ditestu,

227 5237 292 5299 Tprii
310 5235 352 5283 ssd
368 5249 464 5284 comere
485 5236 573 5284 Cadmi
591 5240 643 5284 turn
660 5234 754 5283 subitas
771 5237 836 5283 uciss
853 5238 983 5295 conceptas
1001 5234 1071 5283 dente
1089 5235 1202 5283 draconis
1220 5236 1334 5284 enituisse
1352 5248 1413 5282 rear.
1451 5234 1532 5295 prima
1555 5233 1613 5293 lex,
1639 5231 1742 5292 quade
1760 5231 1853 5279 dilectu

224 5324 266 5371 illc
284 5325 378 5385 agitur,
400 5323 457 5371 dats
475 5328 515 5372 est
532 5322 558 5371 d.
581 5322 611 5371 l't
630 5323 688 5373 lun.
708 5335 731 5370 ι.
753 5319 801 5369 394
821 5321 882 5370 (iod.
902 5320 997 5370 Theoti.
1018 5321 1067 5369 vu
1088 5320 1130 5384 43,
1151 5320 1191 5372 42.

309 5416 370 5479 ιιι)
390 5417 449 5467 cos.
471 5417 566 5470 rnen.
586 5418 636 5465 vn
657 5415 699 5479 ra,
720 5416 760 5467 44.

309 5511 369 5574 345)
390 5514 450 5563 (iod.
471 5513 566 5564 Theoti.
586 5515 634 5562 Vll
655 5513 697 5576 43,
718 5512 749 5562 43
773 5513 919 5574 arnptissims'
942 5509 1036 5560 44444444
1056 5512 1216 5572 petitionibus
1238 5513 1330 5559 44444444
1351 5513 1436 5558 metra
1453 5507 1598 5565 4444444444,
1624 5510 1654 5554 ut
1669 5518 1715 5566 pra
1733 5505 1853 5554 tironibus

222 5602 301 5660 pretia
317 5600 468 5660 insereretur.
507 5600 595 5649 damus
613 5604 695 5662 itaque
712 5602 850 5661 cptiones,
871 5602 915 5660 444,
934 5597 1000 5661 quad
1016 5597 1169 5647 conducibile
1185 5601 1285 5647 senatui
1302 5596 1409 5657 44444444,
1428 5591 1535 5653 stipendi
1552 5591 1639 5640 444444
1653 5595 1806 5653 potestatem,
1827 5591 1854 5640 id

222 5692 256 5735 est
278 5691 325 5737 aui
348 5688 438 5735 tirones
461 5690 532 5747 aptas
555 5685 644 5749 officiis
661 5685 808 5735 militaribus
824 5688 948 5746 praatent
966 5688 1010 5731 4444
1025 5696 1072 5744 pec
1089 5686 1196 5745 4444444444
1212 5685 1301 5745 vianti
1319 5685 1428 5745 quinque
1445 5679 1536 5728 sciidos
1553 5681 1690 5728 numerent.
1726 5677 1794 5726 idem
1812 5678 1853 5726 die

225 5770 256 5823 42
274 5773 335 5823 Nor.
357 5773 388 5821 de
407 5772 495 5821 lundis
513 5785 613 5834 quoque
631 5772 849 5835 patrimonialibus
868 5769 1034 5820 coustitutum
1054 5774 1102 5819 est.
1140 5769 1200 5819 cod.
1221 5769 1316 5817 Thscd.
1338 5769 1387 5815 Vll
1408 5766 1449 5828 43,
1473 5764 1512 5815 44.
