4736 6478
501 499 542 562 86
910 511 924 546 ⁶
1100 496 1299 553 sunnncfll
1314 495 1528 553 EPISTVLAE

450 685 483 747 P
501 684 655 752 videorne
686 685 744 752 tibi
773 684 1055 773 πανηγυρικώτερον
1084 687 1225 769 loeutus,
1255 707 1351 771 quam
1374 706 1443 752 mos
1465 685 1625 771 epistulae
1648 685 1746 752 siniti
1788 685 1835 751 sie
1857 704 1893 751 se
1916 683 2014 749 habet
2034 680 2127 764 ratio,

502 794 539 855 nt
567 808 619 855 res
647 788 809 856 maximae
839 810 973 874 magnos
1002 789 1109 856 hiatus
1138 790 1202 857 oris
1231 791 1407 874 requirant.
1454 789 1513 856 sed
1541 788 1622 855 haee
1651 788 1725 855 stilo
1753 786 1944 872 exequenda
1972 784 2031 850 tibi
2053 790 2132 850 ante

502 891 596 975 alios,
623 893 674 959 oui
696 894 798 978 pollet
819 894 978 975 Minerva,
1004 893 1224 970 eoneedinrus3
1252 914 1311 960 nos
1333 894 1377 959 ad
1400 892 1574 958 familiaria
1595 898 1804 958 revertamur.
1852 889 1908 956 diu
1930 911 1951 955 a
1973 908 2023 954 me
2046 889 2133 953 bona

501 995 654 1062 valetudo
682 996 847 1064 dissensit.
893 997 1079 1063 inhorruisti
1109 998 1294 1082 paululum,
1326 996 1405 1063 seio.
1452 1016 1535 1082 pone
1567 995 1833 1062 sollicitudinem!
1879 993 1944 1059 iam
1971 993 2129 1058 valemus.

501 1119 587 1165 nune
608 1100 782 1166 refectione
806 1119 887 1185 opus
909 1106 969 1182 est,
996 1100 1087 1166 ouius
1110 1100 1190 1165 mibi
1212 1100 1307 1186 eopia
1328 1099 1486 1167 sermonis
1507 1099 1554 1166 tui
1577 1099 1707 1184 pabulo,
1734 1097 1762 1164 si
1782 1096 1934 1164 annueris
1948 1093 2133 1162 istiusmodi
2154 1111 2169 1149 τ»

502 1222 644 1287 operam,
670 1202 788 1289 poterit
810 1202 991 1289 provenire.

1107 1576 1111 1583 ·
1203 1547 1423 1614 XXXXVIII.

421 1685 487 1748 PF
1146 1686 1204 1750 AD
1226 1686 1487 1753 EVTROPIVM.

591 1858 820 1942 Superioranei
843 1859 961 1924 laboris
985 1865 1035 1925 est
1056 1857 1281 1924 commendare
1303 1856 1504 1942 conspicuos,
1530 1864 1566 1923 ιιι
1587 1857 1616 1922 si
1637 1856 1671 1922 in
1693 1856 1762 1923 sole
1783 1854 1896 1941 positis
1918 1855 2022 1921 ieeem
2038 1873 2133 1937 prae·

504 1959 591 2025 feras
613 1967 646 2026 et
667 1980 807 2027 accensu
830 1960 985 2026 luminum
1009 1960 1232 2026 claritudinem
1255 1959 1321 2027 diei
1343 1960 1467 2044 gestias
1489 1960 1658 2026 adiuvare.
1704 1959 1822 2026 ideireo
1844 1956 2133 2044 inpraesentiarum
2158 1973 2188 2013 ιο

503 2062 585 2127 nibil
610 2070 751 2129 moratus
773 2065 866 2130 testis
889 2064 1031 2130 nitieinm
1054 2063 1241 2130 salutationi
1263 2072 1338 2130 tuae
1355 2063 1421 2129 stili
1436 2083 1566 2149 operam
1582 2062 1742 2130 dedicavi.
1781 2068 1815 2127 tu
1830 2068 1938 2128 temen
1953 2060 2136 2126 Postumia

503 2185 581 2230 num
606 2165 737 2231 fratrem
760 2176 901 2232 nostrum
923 2164 1072 2233 invenem
1095 2167 1136 2233 de
1159 2167 1370 2233 summatibus
1397 2187 1469 2233 meo
1497 2187 1624 2250 quoque
1652 2166 1781 2232 nomine
1808 2164 1904 2232 velim
1933 2164 2067 2248 diligas,
2099 2170 2137 2232 ut

508 2268 689 2353 intellegat,
717 2271 811 2336 istam
835 2271 933 2337 veluti
957 2271 1161 2337 omissionem
1185 2270 1293 2336 landis
1315 2290 1394 2336 suae
1416 2272 1489 2356 plns
1512 2269 1640 2336 honoris
1662 2269 1825 2336 habuisse.

1140 2564 1146 2575 ’
1197 2613 1434 2679 xxxxvrm.

1146 2751 1204 2815 un
1227 2751 1486 2817 nunnonvn.
2155 2764 2186 2805 ιε»

588 2922 626 2987 In
648 2922 741 3006 gravi
763 2922 844 2987 dono
866 2921 987 3005 habeo,
1013 2923 1100 3007 quod
1122 2922 1284 2989 amicitiae
1307 2942 1399 2989 meae
1426 2923 1513 2989 viros
1535 2923 1746 2990 edeeumutae
1768 2925 1947 2991 honestatis
1969 2923 2131 3008 adiungis.

468 3026 473 3039 ’
502 3024 583 3090 fanis
606 3025 666 3092 boe
688 3046 746 3110 pro
768 3033 877 3093 eetera
899 3046 978 3110 erga
999 3047 1052 3093 me
1075 3026 1245 3110 diligentia
1267 3033 1344 3109 tua,
1370 3046 1430 3092 nee
1452 3048 1604 3110 umquem
1628 3027 1759 3094 desistis
1780 3048 1923 3113 operam,
1948 3026 2035 3111 qnod
2057 3026 2135 3092 mibi

502 3148 544 3193 ex
566 3147 627 3193 usn
648 3129 785 3209 aecidat,
813 3128 1013 3195 oonsulendi.
1052 3128 1132 3214 quid
1154 3130 1181 3194 si
1205 3129 1263 3195 tibi
1287 3130 1384 3195 etiam
1408 3130 1516 3195 fratris
1531 3130 1596 3196 mei
1611 3130 1724 3196 Sabini
1739 3130 1868 3197 nomine
1882 3130 2004 3215 gratias
2019 3136 2139 3213 agauni

502 3228 558 3312 qui
582 3250 604 3295 a
625 3237 657 3295 te
678 3230 713 3295 in
734 3231 851 3296 bonam
874 3239 998 3317 partem
1022 3230 1163 3297 creditus
1185 3238 1309 3298 tuntum
1332 3233 1579 3318 praerogativae
1606 3233 1730 3313 attulit,
1762 3241 1797 3300 ιιι
1824 3233 1850 3299 si
1881 3233 1963 3299 foret
1990 3233 2140 3299 omnibus

506 3331 572 3397 iarn
596 3333 761 3417 probatus.
808 3333 926 3417 dignus
948 3335 1045 3420 plene
1067 3335 1143 3401 talis
1165 3336 1225 3400 viri
1244 3335 1448 3418 testimonio,
1481 3336 1567 3420 quod
1597 3356 1667 3402 eum
1696 3337 1744 3402 illi
1766 3335 1810 3402 ad
1831 3336 2141 3403 sommendationem
2160 3348 2192 3390 ²⁰

504 3434 556 3499 sui
584 3434 744 3519 tribueris,
771 3436 966 3503 existimaris
989 3438 1050 3504 hoe
1071 3438 1158 3521 aliis,
1184 3439 1302 3523 quibus
1324 3439 1567 3506 commendatus
1588 3445 1649 3521 est,
1675 3437 1886 3522 praestitisse.
1932 3439 2018 3506 vale.

1222 3782 1248 3846 L
1278 3803 1310 3847 a.
1329 3785 1414 3848 379?

1143 3920 1203 3984 AD
1230 3919 1488 3986 EVTROPIVM.

588 4089 669 4157 Cum
693 4097 726 4156 tu
743 4091 876 4155 Romam
900 4090 1099 4157 commodum
1122 4091 1252 4176 repetis,
1279 4112 1338 4177 ego
1361 4112 1413 4157 me
1427 4090 1461 4157 in
1476 4111 1608 4159 secessu
1627 4093 1826 4159 enteurbano
1845 4093 1976 4160 adserui
1991 4093 2136 4161 lectioni.

371 4267 376 4282 ⁵
503 4192 558 4258 diu
581 4194 701 4279 quippe
724 4193 766 4258 ab
788 4193 849 4260 hoe
870 4194 999 4278 negotio
1022 4214 1099 4260 eura
1120 4195 1326 4279 obstrepente
1348 4194 1545 4261 desedimus.
1595 4217 1681 4263 nune
1704 4196 1759 4261 ubi
1781 4201 1816 4261 tu
1845 4196 1925 4262 abes
1951 4217 2028 4281 pars
2050 4197 2140 4264 anti-
2160 4209 2193 4251 ²⁵

502 4295 593 4380 quior
614 4297 787 4362 amicorum
810 4318 970 4378 meorum,
1002 4297 1104 4363 vieern
1137 4298 1293 4363 sermonis
1315 4297 1361 4362 tui
1393 4304 1538 4363 veterum
1567 4299 1688 4384 seripta
1717 4298 1905 4383 funguntur.
1952 4299 2032 4366 haut
2059 4301 2139 4366 olim

503 4406 610 4464 tamen
633 4400 744 4467 urbem
767 4421 841 4466 rure
864 4408 1074 4483 mutaveram,
1101 4407 1136 4465 nt
1158 4408 1265 4466 aestas
1288 4400 1367 4465 mibi
1383 4401 1593 4467 Praenestino
1608 4402 1726 4486 Algido
1746 4401 1959 4487 frangeretur,
1984 4409 2014 4467 et
2035 4403 2140 4470 inter-

502 4508 617 4568 ventus
639 4502 809 4570 familiaris
834 4503 957 4587 negotii
979 4504 1065 4588 rupit
1086 4503 1185 4569 otium
1207 4524 1325 4570 meum.
1375 4524 1452 4587 ergo
1474 4504 1538 4570 iam
1555 4505 1641 4570 viam
1665 4506 1739 4589 lego
1755 4504 1921 4591 depositis,
1947 4525 2032 4589 qnae
2046 4506 2140 4591 lege-

508 4605 592 4671 bam.
633 4604 661 4671 si
684 4605 761 4689 quid
779 4612 952 4692 praeterea
975 4607 1059 4673 seito
1082 4626 1164 4691 opus
1186 4614 1246 4689 est,
1273 4626 1365 4673 meus
1380 4607 1547 4674 Palladius
1570 4608 1735 4691 indicabit,
1760 4627 1854 4692 quern
1877 4628 1939 4692 ego
1953 4628 2017 4674 non
2031 4608 2141 4675 minus

505 4707 603 4775 doleo
625 4707 799 4776 abduetnm
820 4730 842 4775 a
866 4709 1032 4776 iuventute
1054 4711 1209 4793 Romana,
1235 4730 1331 4793 quam
1354 4711 1498 4795 gratulor
1520 4711 1552 4777 in
1577 4731 1668 4800 spem
1691 4710 1742 4778 sni
1764 4711 1895 4779 honoris
1916 4711 2064 4779 aoeitunr.
2161 4729 2194 4772 ao

590 5091 601 5141 l
622 5107 854 5160 πανετυρικσπερον
873 5090 897 5138 Ρ
998 5092 1057 5139 tintt
1075 5091 1106 5153 P,
1125 5092 1160 5140 stt
1181 5089 1225 5155 (Γ)

588 5178 671 5229 Sam.
687 5180 711 5227 F
812 5178 828 5228 9
847 5178 1028 5240 supernotanet
1048 5175 1115 5240 (ΓΦ)
1222 5191 1315 5240 paoem
1333 5177 1428 5229 le.
1547 5176 1579 5228 10
1597 5181 1794 5242 praesentiarum
1813 5179 1921 5241 Pure,
1940 5181 1968 5229 in
1986 5182 2099 5243 presenti
2119 5183 2142 5229 F

504 5263 530 5313 li
553 5265 636 5313 otttcto
653 5265 678 5312 F
781 5263 811 5314 ¹2
830 5270 860 5313 nt
876 5265 1012 5327 intelllgrt,
1033 5263 1074 5312 hle
1092 5263 1180 5312 honori
1199 5277 1244 5313 suo
1262 5264 1360 5326 aliquid
1376 5265 1520 5315 assensisse.
1541 5266 1599 5315 nsle
1617 5266 1641 5313 F

589 5349 620 5399 16
639 5353 667 5399 tn
685 5352 756 5413 gueni
775 5346 852 5417 dono]
870 5350 977 5414 hetta,
998 5350 1027 5397 tn
1044 5350 1148 5411 mauide
1166 5362 1216 5399 non
1234 5349 1258 5397 Ρ

587 5435 621 5485 24
638 5452 695 5486 eum
710 5443 738 5485 tu
750 5439 828 5487 Βοωα
840 5437 985 5484 comitatum
998 5441 1127 5500 repeteres
1139 5437 1202 5486 dare
1307 5434 1340 5486 25
1357 5436 1472 5498 babesP
1568 5420 1750 5504 antiquiorJI',
1771 5438 1910 5500 entiqusP
2012 5436 2047 5488 26
2064 5436 2141 5506 brut]

502 5524 607 5584 leretur,
628 5528 673 5573 aut
691 5524 714 5571 P
833 5521 865 5572 27
887 5528 916 5571 ut
934 5523 957 5570 P
968 5522 984 5570 i>
995 5538 1030 5571 m.
1052 5524 1079 5570 trs
1095 5524 1176 5584 spatio
1192 5537 1272 5572 naono
1427 5520 1522 5591 aestas]
1541 5524 1649 5587 leretur,
1668 5530 1737 5574 aetus
1750 5523 1774 5571 P
1923 5519 1962 5592 et]
1979 5537 2033 5586 epo,
2053 5524 2098 5573 sed
2117 5525 2141 5573 P

502 5608 536 5659 te
554 5605 631 5677 seitn]
649 5611 759 5672 leretur,
780 5611 842 5658 seito
862 5607 930 5670 Ptl')
