4744 6476
515 472 576 534 304
1098 465 1294 525 sxnxaoflr
1312 462 1550 522 accamanus

357 663 453 724 ΤΜΓ
473 663 493 722 2
516 659 644 724 duntur.
691 667 804 744 petunt
835 659 935 743 igitur
968 659 1009 724 de
1042 659 1231 724 aeternitate
1265 664 1372 723 vestra
1402 679 1459 741 pro
1487 660 1610 724 ratione
1638 662 1801 743 praesenti
1828 658 1914 726 iusto
1946 660 2139 727 definitionis

515 771 704 846 augmenta,
737 764 792 845 qui
821 764 886 828 iarn
915 770 1004 829 tanto
1033 763 1122 827 oneri
1151 760 1337 827 sustinendo
1368 781 1462 846 pares
1492 781 1565 827 esse
1593 783 1655 826 non
1678 771 1821 847 possunt.
1870 764 1950 830 haec
1972 773 2023 831 est
2044 784 2139 831 causa

515 866 752 947 querimoniae,
785 886 879 948 quam
910 866 1028 931 divinis
1052 865 1200 931 sensibus
1223 865 1337 931 vestris
1359 865 1440 930 fides
1463 873 1624 948 gestorum
1647 866 1774 951 plenius
1796 867 1973 947 intimabit3
2008 869 2037 934 si
2058 869 2140 954 peti-

515 970 611 1034 tionis
634 990 737 1051 genus
760 970 926 1053 probabile
948 969 1114 1051 iudicatis,
1141 987 1261 1052 quaeso
1284 976 1319 1032 ut
1340 969 1416 1033 lruic
1437 989 1562 1052 quoque
1586 971 1668 1054 parti
1690 977 1862 1056 praecepto
1884 972 2139 1037 mansuetudinis

515 1081 642 1138 vestrae
665 1073 792 1138 salubre
814 1073 992 1138 remedium
1016 1072 1189 1138 deferatur.
2158 1102 2170 1140 a

1006 1400 1103 1463 xxx
1124 1398 1322 1483 (xxxxix.
1343 1401 1377 1481 n)
1412 1420 1442 1463 a.
1463 1401 1643 1464 asa-aes.

600 1572 739 1637 Palatini
769 1573 1024 1637 munerationum
1055 1592 1216 1636 sacrarum
1240 1573 1354 1636 Avitus
1384 1580 1417 1638 et
1438 1573 1551 1638 Castor
1576 1580 1730 1655 quaestus
1753 1574 1898 1658 publicos
1921 1584 2070 1642 ementes
2091 1577 2140 1641 in·

515 1683 564 1740 ter
586 1683 693 1740 cetera
715 1677 855 1757 nomina,
881 1696 964 1758 quae
986 1675 1106 1740 iudicio
1127 1683 1372 1758 persequuntur,
1400 1676 1536 1741 heredes
1551 1676 1748 1741 Postumiani
1771 1697 1800 1741 c.
1826 1699 1866 1741 m.
1893 1699 1924 1742 r.
1949 1679 1982 1743 in
2006 1699 2138 1744 examen

516 1799 621 1844 meum
645 1781 909 1846 conventionibus
931 1786 1114 1859 evocarunt,
1142 1778 1219 1843 ddd.
1237 1777 1373 1863 imppp,
1401 1779 1542 1844 Luciano
1564 1787 1723 1857 monente,
1749 1780 1804 1863 qui
1826 1801 1942 1847 census
1964 1784 2139 1848 senatorios

513 1890 588 1948 ante
619 1884 784 1963 tractavit,
817 1883 904 1967 quod
933 1882 1084 1948 oblativis
1114 1881 1329 1946 functionibus
1360 1881 1474 1946 eadem
1504 1883 1617 1947 domus
1640 1889 1725 1948 esset
1746 1884 1894 1949 obnoxia.
1942 1905 2018 1971 pars
2041 1887 2138 1952 debiti
2158 1908 2186 1949 ro

473 1985 710 2067 2Lollianam‚
750 2008 826 2072 pars
859 1986 1076 2052 (lattianillam
1112 1985 1233 2069 pariter
1268 2005 1307 2049 ac
1343 1985 1532 2050 Severillam
1570 1987 1803 2069 suggerebatur
1839 2008 1966 2071 urgere.
2018 1990 2139 2056 interea

515 2097 714 2171 sequestrato
738 2090 905 2155 Lollianae
927 2110 954 2154 c.
981 2089 1004 2153 f.
1029 2089 1175 2170 nourine,
1208 2109 1303 2170 quam
1328 2110 1384 2173 pro
1408 2109 1465 2154 sex
1487 2090 1590 2155 unciis
1613 2090 1742 2172 stringit
1764 2091 1905 2172 exactio,
1937 2092 2050 2157 harum
2073 2102 2139 2159 orta

514 2192 689 2277 refragatio
712 2201 772 2275 est,
798 2213 878 2277 quas
901 2213 958 2276 pro
982 2192 1119 2274 singulis
1143 2192 1297 2256 bonorum
1318 2193 1551 2274 quadrantibus
1573 2193 1741 2258 solutionis
1756 2213 1833 2258 cura
1847 2193 2023 2261 mordebat.
2063 2217 2139 2262 con-

513 2296 723 2380 perendinato
752 2297 940 2379 plerumque
970 2294 1089 2359 iudicio
1117 2314 1169 2359 res
1198 2314 1235 2359 eo
1266 2294 1404 2360 deducta
1431 2302 1496 2377 est,
1530 2303 1564 2359 ut
1589 2295 1658 2361 fisci
1680 2295 1892 2381 patrocinium
1916 2299 2139 2365 securitatesa

515 2400 703 2465 clarissimis
725 2400 872 2483 personis
893 2398 1008 2484 inpleti
1031 2398 1197 2483 pervices
1220 2399 1361 2463 muneris
1385 2397 1553 2482 flagitaret,
1581 2399 1787 2465 Cattianillae
1810 2421 1886 2465 vero
1909 2422 1947 2467 ac
1964 2402 2138 2468 Severillae
2158 2424 2185 2463 rc

473 2510 491 2569 3
515 2503 662 2568 defensio
691 2504 843 2587 rescripto
865 2502 908 2566 ad
931 2501 1117 2567 relationem
1141 2501 1209 2565 divi
1231 2501 1385 2586 principis
1408 2503 1572 2568 niteretur.
1619 2510 1712 2569 vetus
1734 2503 1819 2567 enim
1842 2504 1988 2587 quaestio
2011 2512 2044 2571 et
2064 2526 2139 2589 cog-

513 2605 688 2672 nitionibus
717 2605 939 2690 praefecturae
969 2606 1151 2687 frequenter
1181 2605 1305 2686 agitata
1334 2625 1434 2687 usquc
1464 2604 1507 2670 ad
1535 2605 1649 2691 inclyti
1677 2626 1867 2690 semperque
1892 2608 2026 2673 verendi
2048 2610 2140 2693 geni-

513 2710 590 2776 toris
613 2710 710 2775 vestri
733 2709 870 2774 cucurrit
893 2709 1076 2789 arbitrium,
1110 2708 1163 2791 qui
1186 2708 1326 2773 Viventii
1349 2709 1547 2774 clarissimae
1571 2717 1603 2774 et
1623 2710 1768 2774 inlustris
1790 2711 1962 2775 memoriae
1984 2712 2044 2776 viri
2067 2720 2140 2777 tunc

512 2813 666 2896 praefecti
695 2813 783 2877 urbis
805 2812 1021 2877 insinuatione
1044 2812 1208 2875 consultus
1230 2810 1369 2893 quadam
1393 2813 1538 2895 rescripti
1565 2813 1836 2901 partesignarim
1869 2814 1937 2878 suis
1959 2815 2138 2897 quibusque

512 2917 710 3001 temporibus
739 2937 760 2980 a
782 2915 969 2981 Cattianilla
997 2934 1036 2979 ac
1059 2915 1217 2979 Severilla
1247 2915 1434 2979 clarissimis
1464 2916 1592 2980 feminis
1615 2916 1758 2980 oblativa
1782 2937 1914 2982 munera
1936 2918 2042 2982 soluta
2064 2938 2140 2983 eon·
2158 2940 2187 2981 ac

470 3027 488 3083 4
513 3026 609 3085 stare.
656 3020 709 3084 hic
738 3040 790 3084 me
817 3018 920 3084 nodus
942 3019 1007 3083 iam
1030 3024 1209 3102 promptum
1233 3026 1328 3100 atquc
1352 3017 1508 3082 declivem
1532 3018 1574 3083 ad
1596 3017 1808 3101 efflagitanda
1828 3019 2018 3085 inlatiouum
2042 3022 2141 3087 docu-

513 3129 620 3188 menta
649 3123 776 3204 defixit,
810 3142 882 3187 cum
911 3120 1074 3186 videretur
1103 3121 1250 3185 omnibus
1273 3121 1498 3186 securitatibus
1521 3142 1594 3187 esse
1616 3122 1836 3187 vehementior
1856 3123 2060 3207 imperatoris
2081 3125 2141 3189 ad-

512 3226 619 3290 sertio.
667 3224 707 3290 de
731 3226 821 3290 cuius
843 3224 1007 3309 responsis
1029 3224 1099 3305 iugi
1120 3224 1241 3288 honore
1264 3224 1424 3288 mansuris
1447 3232 1574 3289 vestrae
1597 3225 1789 3291 clementiae
1812 3226 1862 3291 fas
1884 3234 2029 3293 estesse
2054 3228 2140 3293 iudi-

512 3331 611 3397 cium:
638 3350 698 3394 nos
720 3330 866 3395 venerari
889 3329 993 3413 potius
1016 3348 1112 3410 quam
1135 3327 1338 3412 interpretari
1360 3327 1491 3392 oracula
1513 3326 1622 3392 divina
1645 3328 1879 3395 consuevimus.
1922 3338 2052 3413 praesto
2067 3339 2141 3395 sunt

512 3440 717 3497 monumenta
738 3439 915 3514 gestorum,
942 3431 1078 3517 partium
1103 3451 1228 3513 quoque
1251 3430 1477 3514 supplementa
1499 3451 1561 3495 non
1585 3430 1712 3496 desunt.
1759 3452 1897 3514 aequum
1921 3442 1987 3517 est,
2015 3442 2051 3498 ut
2072 3455 2139 3498 ma·
2158 3455 2188 3496 aa

511 3537 635 3601 iestatis
657 3544 784 3602 vestrae
806 3535 994 3601 informetur
1016 3535 1147 3600 arbitrio
1169 3534 1310 3600 bumana
1332 3534 1501 3599 cunctatio.

975 3862 1088 3927 xxxr
1114 3861 1333 3945 (xxxxun.
1350 3861 1403 3944 m)
1437 3883 1468 3927 a.
1488 3864 1670 3928 esc-ass.

595 4035 736 4099 Moribus
759 4034 885 4099 scaevis
908 4034 1066 4099 familiare
1090 4041 1186 4117 atque
1208 4041 1379 4116 cognatum
1405 4040 1454 4099 est
1476 4055 1601 4101 armare
1624 4035 1755 4119 spiritus
1770 4035 1960 4120 inpunitatis
1976 4036 2134 4120 exemplo,

510 4138 588 4203 ddd.
612 4139 736 4224 imppp,
761 4158 818 4203 eur
840 4139 924 4203 enim
948 4138 1125 4203 secundum
1148 4138 1298 4222 desperet
1320 4137 1486 4221 effugium,
1512 4139 1567 4222 qui
1582 4139 1714 4221 laqueos
1730 4138 1871 4204 criminis
1885 4140 2001 4223 prioris
2017 4140 2139 4205 evasit?

511 4243 672 4327 praesenti
702 4262 819 4307 causae
847 4241 993 4326 congruit
1021 4241 1200 4325 praemissa
1229 4240 1400 4306 sententia.
1447 4241 1607 4322 siquidem
1630 4242 1823 4307 Valerianus
1851 4240 1901 4306 vir
1926 4242 2133 4322 clarissimus,
2157 4266 2185 4307 aa

510 4345 561 4411 cui
583 4346 634 4410 lar
655 4345 689 4410 in
711 4344 808 4429 Epiro
831 4365 905 4410 esse
928 4345 1130 4428 suggeritur,
1156 4364 1261 4427 neque
1283 4344 1507 4429 rescriptorum
1531 4345 1736 4410 veneratione
1759 4364 1863 4427 neque
1886 4345 1995 4429 legum
2018 4346 2138 4410 severi-

467 4456 575 4515 itate
604 4449 655 4513 vel
686 4448 867 4533 pactionum
900 4448 964 4513 fide
994 4457 1050 4512 aut
1071 4447 1260 4513 iudiciorum
1283 4448 1464 4513 reverentia
1485 4456 1697 4532 permovetur.
1744 4449 1799 4530 qui
1822 4448 1924 4532 primo
1947 4450 1980 4513 in
2002 4468 2137 4514 examen

596 4745 607 4793 1
628 4741 708 4811 iusta]
727 4758 779 4807 cco,
800 4746 881 4794 tantm
903 4746 930 4807 T,
952 4747 1020 4794 iusta
1040 4744 1073 4807 M,
1095 4747 1209 4794 iustitiae
1230 4745 1255 4794 Γ
1356 4746 1517 4794 3111ῑί111αυί1
1539 4746 1559 4792 Τ
1663 4746 1841 4796 incuteretur
1861 4743 1888 4791 Μ

593 4832 609 4881 6
629 4833 660 4881 Ι).
682 4832 819 4880 Theodosio
838 4846 935 4894 semper
954 4834 1018 4892 Aug.
1040 4832 1204 4890 Symmachus
1222 4834 1300 4895 prael.
1321 4835 1376 4882 urb.
1400 4832 1425 4880 F
1542 4831 1555 4878 7
1577 4829 1681 4898 Auitus]
1699 4833 1801 4880 Amicus
1821 4829 1847 4878 Γ
1959 4826 2057 4897 Castor]
2075 4846 2137 4893 que-

507 4918 599 4966 storM
703 4926 805 4980 questos
818 4920 932 4981 puplicoa
946 4916 974 4963 M
1077 4918 1291 4981 Sparseqnantur
1306 4919 1356 4966 ΤΜ
1459 4920 1645 4979 depostumiani
1661 4917 1719 4977 TM,
1739 4918 1799 4978 sort.
1820 4916 1935 4979 (iliaudti)
1949 4917 2103 4964 Postnrnianl

507 5020 529 5052 c.
549 5020 583 5054 m.
604 5001 647 5070 u.]
665 5019 717 5065 eqo,
737 5006 785 5053 irc
807 5002 882 5052 ΤΜΓ
1000 5006 1016 5053 9
1035 5000 1094 5054 111111
1111 5006 1177 5067 lmp‘r
1197 5005 1232 5065 M,
1254 5006 1285 5054 D.
1307 5007 1443 5067 Imperator
1462 5004 1492 5065 Γ,
1513 5007 1546 5068 cf.
1567 5021 1591 5066 p.
1612 5003 1670 5067 219,
1692 5004 1706 5051 'l
1838 5003 1870 5053 10
1888 5004 1965 5051 debiti
1984 5006 2011 5051 in
2028 5006 2137 5063 murciae

507 5091 566 5139 odd.
589 5090 617 5137 M
757 5091 783 5139 ll
805 5092 968 5139 catcianillam
990 5091 1018 5151 Τ,
1045 5093 1195 5139 catianillanr
1216 5091 1244 5138 Μ
1381 5092 1527 5141 seuerellam
1546 5106 1609 5140 corr.
1629 5107 1658 5139 ea
1677 5092 1822 5139 senerallam
1843 5088 1871 5136 M
1878 5126 1884 5149 ,
1910 5090 2062 5138 Seuerollam
2082 5088 2108 5136 Γ

507 5192 594 5239 urgere
613 5193 662 5227 om.
687 5179 707 5224 Τ
864 5177 895 5226 12
913 5180 1032 5239 astringit
1050 5178 1076 5224 Γ
1227 5175 1327 5244 harum]
1348 5178 1437 5240 Meyer,
1464 5179 1550 5227 horum
1572 5177 1649 5226 ΤΜΓ
1803 5177 1833 5226 13
1853 5173 1928 5243 quas]
1949 5175 2009 5237 TM,
2036 5190 2097 5237 qnos
2117 5174 2141 5222 Γ

510 5262 540 5313 ld
558 5267 700 5313 securitatis
722 5263 798 5311 ΤΜΓ
909 5264 940 5313 15
959 5266 1071 5326 impletis
1091 5265 1120 5311 M
1230 5267 1384 5314 catalanillae
1406 5266 1434 5326 Γ,
1455 5267 1596 5314 catianillae
1617 5264 1644 5311 M
1747 5265 1889 5313 Seuerellae
1909 5261 1934 5309 Γ
2049 5262 2080 5311 16
2098 5276 2137 5309 re·

507 5346 611 5415 scripto]
629 5352 699 5413 Sace,
720 5352 813 5412 scripto
834 5348 884 5410 ΤΓ,
905 5353 1001 5414 spripto
1020 5351 1049 5397 M
1176 5353 1320 5400 mitteretur
1340 5350 1393 5398 ΜΓ
1521 5347 1601 5416 enlm]
1620 5366 1679 5398 nero
1700 5350 1726 5396 M
1860 5349 1890 5399 11
1910 5347 2027 5415 uerendi]
2046 5347 2076 5411 Γ,
2096 5364 2137 5408 ge·

507 5436 578 5484 rendi
599 5438 625 5499 Γ,
646 5440 776 5486 reuerendi
796 5437 825 5484 M
936 5436 966 5486 18
984 5438 1094 5486 uiuentii
1111 5438 1150 5484 val
1169 5439 1277 5486 lucentii
1299 5437 1356 5499 ΤΜ,
1377 5439 1490 5485 lnueutil
1510 5436 1536 5485 Γ
1645 5437 1676 5488 19
1696 5439 1753 5485 urbi
1772 5435 1798 5485 Γ
1896 5435 1929 5485 20
1948 5435 2087 5484 cattianilla
2106 5435 2135 5495 T,

507 5522 633 5570 catianilla
653 5523 680 5570 M
801 5524 930 5572 Seuerella
949 5522 975 5571 Γ
1093 5525 1236 5573 clarissimis
1254 5526 1272 5572 f.
1297 5523 1341 5570 ΤΜ
1463 5524 1535 5572 solita
1555 5523 1581 5571 Γ
1698 5522 1728 5571 21
1749 5523 1791 5571 lric
1809 5537 1848 5570 me
1866 5522 1945 5570 nodus
1962 5518 2025 5590 iarn]
2046 5521 2134 5584 Meper,

507 5610 548 5656 hle
566 5624 606 5656 me
625 5610 754 5659 dodusiam
776 5608 830 5670 ΤΜ,
853 5610 898 5659 hcc
916 5622 956 5657 me
975 5610 1069 5658 dudum
1089 5608 1115 5658 Γ
1216 5609 1248 5658 24
1267 5612 1351 5672 potius
1369 5624 1418 5658 om.
1440 5608 1469 5656 M

592 5695 624 5744 27
645 5696 674 5745 D.
696 5696 835 5745 Theodosio
853 5711 952 5758 semper
970 5699 1036 5756 Aug.
1059 5696 1222 5756 Symmachus
1240 5697 1318 5759 praei.
1339 5699 1393 5744 urb.
1415 5694 1442 5743 Γ
1593 5695 1626 5744 28
1651 5698 1735 5742 saeuis
1754 5693 1781 5742 Γ
1932 5697 2099 5744 immunitatis
2118 5692 2143 5741 Γ

509 5780 541 5829 211
560 5777 616 5830 111111
637 5784 705 5844 ἰωῇ
724 5781 759 5845 Μ,
780 5783 812 5831 D.
827 5784 969 5845 imperator
989 5782 1018 5844 Γ,
1039 5782 1074 5842 es.
1093 5799 1120 5843 p.
1141 5784 1199 5845 ata,
1222 5785 1236 5833 ’1
1342 5785 1433 5844 prioris
1451 5783 1562 5831 criminis
1582 5780 1609 5827 M
1714 5781 1742 5831 31
1765 5782 1859 5829 larinae
1877 5796 1937 5844 pyro
1957 5781 1985 5829 M

2351 1796 2357 1903 1
