4722 6470
511 393 684 461 cxxvlll
993 462 998 471 ,
1038 395 1304 453 emonensem
1322 396 1610 454 sunncumus.

511 638 533 685 a
555 617 750 705 Symmacho
778 618 971 687 vestimenta
999 628 1172 687 mutuatur.
1218 620 1282 688 iter
1309 621 1448 708 primum
1477 620 1614 689 sortasse
1641 621 1677 689 in
1705 621 1890 689 comitatum
1917 622 2048 689 accitus
2072 620 2153 689 iecit

511 738 620 824 ibique
642 737 708 804 illis
730 738 883 805 bonorum
906 739 1058 807 amicitiis
1080 761 1158 808 usus
1180 741 1332 808 vicariam
1354 742 1588 827 praefecturam
1611 741 1753 828 aceepit,
1786 762 1884 827 quarn
1906 750 1942 809 ut
1962 742 2084 825 iniret,
2115 744 2152 810 in

509 858 701 945 Hispaniam
724 857 755 925 ei
776 858 1043 945 proficiscendum
1064 867 1145 931 erat.
1184 862 1219 928 in
1240 862 1356 928 litteris
1378 861 1463 928 enim
1485 861 1529 929 ad
1548 861 1777 948 Symmachum
1799 861 1929 948 scriptis
1950 864 2153 949 promiserat

508 978 549 1047 de
573 979 742 1047 Gallaecia
767 988 933 1047 serastes
955 982 1160 1049 remissurum
1183 1003 1273 1063 csse,
1308 982 1466 1067 siquidem
1489 1004 1524 1050 re
1546 1003 1625 1050 vera
1645 1003 1703 1069 pro
1725 982 1858 1049 Galatia
1878 982 1960 1049 haec
1982 985 2151 1070 scriptura

507 1100 695 1186 recipienda
716 1108 777 1168 est.
823 1101 932 1183 itaque
955 1102 1016 1167 has
1038 1102 1214 1187 epistulas,
1240 1103 1387 1185 quamvis
1410 1103 1572 1187 dubitans,
1598 1103 1704 1170 hieme
1725 1124 1758 1168 a.
1784 1104 1882 1186 tarsa
1906 1103 2048 1191 scriptas
2071 1125 2150 1172 csse

507 1219 698 1305 putaverim.

595 1344 635 1405 27
659 1352 748 1424 atque
769 1345 889 1407 utinam
908 1343 1046 1425 facilitas
1068 1353 1249 1407 commeatus
1272 1348 1388 1427 copiam
1411 1346 1500 1408 duret
1510 1345 1729 1429 frequentioris
1744 1346 1844 1428 officii.
1885 1366 1968 1431 quae
1983 1346 2018 1411 in
2033 1353 2148 1413 1111111-

507 1461 641 1527 marinis
663 1460 836 1547 provinciis
858 1461 1072 1529 Mariniannm
1094 1470 1162 1531 tum
1184 1470 1347 1530 versatum
1370 1484 1443 1531 esse
1464 1464 1613 1550 produnt.

596 1585 637 1647 28
660 1580 873 1668 Symmachus
895 1585 1123 1669 occupationes
1146 1604 1222 1649 suas
1245 1593 1479 1666 commemorat,
1507 1604 1569 1669 quo
1592 1585 1690 1651 verbo
1711 1583 1801 1649 haud
1823 1583 1919 1651 facile
1937 1586 2048 1667 utitur,
2077 1586 2146 1653 nisi

507 1721 579 1768 curn
608 1702 649 1768 de
678 1701 817 1786 negotiis
846 1703 985 1788 publicis
1012 1725 1084 1770 cum
1105 1704 1294 1789 magistratu
1317 1704 1426 1789 aliquo
1448 1704 1625 1771 coniunctis
1646 1706 1807 1787 loquatur.
1854 1705 2006 1787 qnoniam
2028 1714 2143 1773 autem

506 1822 710 1908 praefectura
731 1822 803 1889 eius
826 1823 951 1890 urbana
972 1832 1005 1890 et
1026 1825 1196 1891 Mariniani
1219 1825 1408 1905 vicariatus,
1434 1825 1488 1909 qui
1511 1846 1584 1891 eum
1607 1825 1648 1891 ab
1670 1825 1750 1891 urbe
1772 1824 1968 1909 abduxerat,
1995 1825 2028 1890 in
2051 1825 2142 1892 idem

507 1942 576 2009 fere
597 1949 724 2029 tempus
747 1942 876 2025 cadunt,
903 1940 963 2009 has
984 1944 1141 2030 epistulas
1163 1965 1248 2011 anno
1271 1948 1331 2010 384
1355 1945 1606 2028 adsignaverim.

593 2066 633 2128 29
657 2084 689 2129 v.
714 2063 832 2149 adep.
857 2065 911 2128 25.

1169 2312 1238 2316 .-..-
1247 2311 1337 2317 .-.-.
1343 2310 1470 2317 -——..

1009 2562 1062 2649 Π1
1087 2563 1228 2647 30-37
1257 2563 1320 2649 AD
1347 2562 1631 2649 AMBROSIVM.

591 2750 746 2831 Quamvis
775 2770 890 2818 nomen
912 2753 1073 2819 Ambrosii
1096 2748 1233 2819 'saeculo
1262 2760 1376 2836 quarto
1404 2752 1537 2838 saepius
1558 2751 1768 2840 reperiretur,
1801 2752 1887 2819 hunc
1909 2760 2017 2820 mmcn
2040 2755 2139 2840 Sym·
2192 2814 2197 2819 .

505 2870 611 2939 machi
637 2872 775 2938 amicum
798 2871 935 2939 eundern
958 2892 1031 2939 esse
1054 2894 1126 2940 cum
1147 2873 1333 2940 adversario
1355 2872 1389 2937 in
1411 2891 1510 2939 cansa
1531 2893 1607 2939 arae
1630 2872 1805 2949 Victoriae,
1839 2873 1990 2959 episcopo
2012 2874 2138 2941 Medio-

504 2993 649 3075 lanensi,
679 2992 745 3059 iam
768 2992 957 3075 Sievcrsffl)
992 3001 1024 3058 et
1052 2993 1093 3059 de
1116 2994 1267 3074 Rossi⁶²⁶J
1302 2993 1541 3059 intellexerunt.
1588 3014 1661 3059 nam
1691 3000 1946 3079 propugnatores
1968 2995 2136 3078 utriusque

502 3112 669 3197 religionis
699 3118 850 3197 cognatos
879 3112 998 3197 fuisse,
1031 3112 1148 3180 docent
1175 3121 1207 3181 et
1228 3114 1432 3196 Ambrosius,
1466 3132 1539 3178 cnm
1562 3113 1789 3198 Symmachum
1820 3113 1929 3179 fratris
1952 3115 2002 3180 sui
2026 3116 2136 3200 Satyri

501 3238 667 3320 parentem
690 3231 777 3298 dicat
797 3232 883 3316 (adn.
903 3235 988 3318 154),
1016 3240 1049 3300 et
1063 3234 1286 3318 Symmachus,
1313 3255 1384 3300 cum
1408 3233 1512 3300 eidem
1529 3233 1645 3318 Satyro
1668 3233 1776 3299 fratris
1798 3254 1914 3300 nomen
1936 3236 2133 3320 tribuat⁰²⁷).

501 3362 534 3420 et
563 3352 749 3439 episcopum
772 3352 932 3419 Victoriae
963 3353 1124 3421 defensori
1151 3374 1215 3420 non
1243 3354 1406 3420 inimicum
1438 3352 1539 3421 fuisse
1569 3353 1710 3439 produnt
1731 3355 1846 3436 verba,
1881 3354 1997 3438 quibus
2020 3355 2061 3420 de
2083 3355 2136 3420 in-

501 3474 593 3540 lustri
616 3473 676 3541 illa
697 3473 852 3540 relatione
875 3493 954 3540 usus
977 3480 1041 3541 est:
1069 3475 1163 3560 epist.
1190 3475 1206 3541 I
1229 3478 1279 3556 57,
1300 3478 1319 3539 2
1342 3477 1504 3539 rettulerat
1524 3477 1576 3537 vir
1598 3477 1806 3557 amplissimus
1829 3476 2039 3557 Symmachus,
2066 3497 2137 3539 cum

501 3602 579 3659 esset
602 3595 776 3678 praefectus
806 3596 910 3677 arbit,
943 3597 985 3659 ad
1018 3598 1262 3661 Valentinianum
1289 3604 1438 3680 augustae
1466 3599 1629 3659 memoriae
1658 3597 1870 3677 imperatorem
1900 3600 2068 3677 iuniorem,
2099 3605 2134 3660 ut

503 3717 632 3799 templis,
658 3736 736 3799 qaue
758 3716 879 3780 sublata
899 3718 1038 3801 fucrant,
1064 3717 1156 3780 reddi
1176 3717 1301 3781 iuberet.
1340 3717 1492 3799 sanctus
1515 3724 1568 3780 est
1589 3718 1652 3780 ille
1671 3686 1844 3798 partibas
1867 3719 1945 3780 sais
1966 3737 2031 3798 pro
2054 3724 2133 3780 sta-

502 3838 559 3901 dio
583 3844 616 3900 et
636 3837 737 3900 cuttu
759 3856 834 3900 sao.
859 3826 965 3918 'quae
988 3836 1176 3903 caecitatem
1199 3835 1258 3902 viri
1282 3836 1400 3922 pagani
1422 3835 1656 3920 quodammodo
1672 3833 1858 3917 defendunt,
1884 3855 1948 3902 non
1963 3842 2128 3902 accusant.

502 3956 587 4041 quod
609 3962 716 4023 autem
740 3955 953 4041 Symmachus
976 3960 1028 4039 82,
1056 3961 1074 4021 5
1098 3963 1209 4041 negat,
1241 3956 1445 4023 Ambrosium
1469 3959 1565 4021 sotere
1587 3959 1722 4039 recipere
1744 3959 1776 4018 ia
1799 3975 1887 4019 suam
1910 3978 2019 4019 earam
2038 3978 2133 4040 pecn-

501 4079 627 4142 niarias
648 4079 795 4157 actiones,
821 4075 855 4142 in
877 4075 1006 4142 homine
1028 4075 1118 4143 illins
1140 4075 1293 4163 temporis
1316 4077 1401 4144 vitae
1425 4076 1584 4144 saeculari
1606 4073 1715 4141 dedito
1736 4095 1801 4142 non
1823 4095 1930 4141 rarum
1952 4076 2012 4143 sed
2033 4077 2130 4163 plane

500 4196 679 4263 inauditum
702 4204 805 4280 esset,
841 4204 983 4281 etcum,
1017 4196 1177 4281 adquam
1201 4198 1344 4284 scripsit,
1376 4197 1553 4264 Mediolani
1574 4196 1757 4277 habitasse,
1792 4216 1832 4262 ex
1855 4217 1893 4262 eo
1916 4196 2125 4276 concluditur,

379 4312 383 4319 ’
501 4317 585 4401 quod
608 4317 815 4403 Magnillurn,
842 4340 909 4384 com
932 4321 1091 4404 Ligarium
1112 4319 1313 4404 praecarer,
1340 4338 1480 4386 amorem
1503 4316 1666 4384 Ambrosii
1689 4315 1872 4384 adtraxisse
1895 4317 1974 4384 dicit
1995 4320 2047 4399 81,
2078 4321 2127 4382 19.

501 4457 573 4505 cnm
595 4436 695 4523 igitur
717 4437 758 4506 de
781 4459 830 4524 eo,
856 4437 948 4506 curius
969 4458 1087 4507 nornen
1107 4439 1190 4506 haec
1212 4438 1424 4524 epistularum
1440 4438 1540 4505 series
1556 4439 1706 4524 praefert,
1732 4439 1856 4504 nullum
1871 4437 2001 4505 dubium
2018 4458 2131 4524 super-

501 4578 574 4626 esse
597 4559 710 4645 possit,
736 4559 905 4626 terminum
929 4580 1071 4644 quoque,
1098 4565 1173 4626 ante
1196 4579 1290 4643 quem
1312 4579 1424 4626 omnes
1447 4558 1585 4647 scriptae
1609 4578 1680 4625 esse
1703 4559 1839 4640 debent,
1865 4557 2022 4629 hahemus
2045 4558 2130 4625 diem

502 4678 800 4769 capritanum,
826 4701 888 4764 qua
912 4679 1083 4766 episcopus
1105 4687 1249 4747 mortuus
1272 4686 1331 4747 est.
1373 4687 1405 4746 et
1427 4680 1576 4764 quoniam
1599 4699 1710 4749 omnes
1732 4678 2019 4747 commendaticiae
2041 4686 2126 4760 sunt,

502 4799 533 4866 ei
555 4798 755 4885 potissimum
777 4800 914 4886 tempori
936 4800 1102 4885 adsignari
1125 4800 1259 4883 debent,
1290 4821 1352 4884 quo
1376 4800 1531 4885 Augustis
1553 4799 1729 4867 Mediolani
1750 4800 1947 4866 morantibus
1968 4798 2130 4866 Ambrosii

502 4919 595 4988 favor
617 4920 649 4986 ln
672 4921 748 4989 aula
771 4920 910 5005 ualebat,
935 4921 970 4988 id
993 4929 1043 4989 est
1064 4928 1121 4989 aut
1143 4922 1236 4988 annis
1260 4924 1430 4988 376-392
1453 4928 1509 4989 aut
1532 4924 1712 4986 ess-397.

1164 5150 1468 5161 ---·—————--—

504 5322 914 5332 ψ-

588 5443 646 5505 625)
669 5444 790 5493 leanlus
808 5459 833 5507 p.
854 5441 914 5494 291.

588 5530 647 5592 628)
667 5529 802 5579 umatum
821 5528 847 5578 di
864 5529 1016 5590 orebeclopla
1033 5529 1151 5577 cristiana
1169 5528 1200 5575 11
1214 5544 1242 5590 p.
1261 5529 1311 5585 76,·
1332 5529 1378 5575 111
1394 5543 1421 5590 p.
1442 5531 1483 5578 15.

589 5616 647 5677 ott)
670 5615 711 5678 29,
734 5615 765 5665 lb
787 5617 818 5665 ad
842 5616 973 5664 Titianum
995 5616 1110 5664 hanam:
1138 5614 1239 5675 tongam
1262 5615 1397 5675 manantur
1418 5627 1463 5676 pro
1487 5615 1617 5674 incognitis
1638 5620 1683 5663 ant
1705 5614 1818 5663 alienis
1839 5612 1912 5662 caba
1933 5613 2043 5675 famarm
2071 5615 2133 5664 mihi

503 5702 561 5751 buce
578 5715 651 5764 opera
670 5700 806 5751 desinenda
823 5705 866 5761 est,
887 5714 942 5750 cum
960 5702 1052 5750 litteras
1069 5704 1166 5750 noaret
1184 5699 1291 5750 Saturus
1308 5699 1413 5761 frater
1429 5703 1606 5748 eommunis
1623 5702 1735 5760 accipiat.
