4722 6470
365 464 375 481 ·
505 462 611 530 xoyr
1033 462 1301 520 cnaononoom
1320 437 1614 521 sunnnofflana

505 685 645 752 traditus
672 686 772 770 igitur
793 695 844 753 est
864 688 946 755 liber
966 688 1130 774 Angusto,
1164 690 1219 772 qni
1242 689 1338 754 simul
1360 708 1432 754 cum
1455 687 1554 754 fratre
1577 690 1686 755 orbem
1708 690 1887 754 Romanum
1909 709 2027 773 regens
2054 690 2141 773 (sra-

506 811 622 891 trisque
644 808 743 891 decus)
770 806 893 874 Orienti
916 815 1066 894 praeerat
1092 810 1165 892 (an
1187 814 1240 893 qui
1259 831 1357 894 rayno
1379 811 1470 893 tenes)
1504 817 1537 875 et
1562 809 1712 876 heredem
1735 809 1862 894 imperii
1884 810 2052 894 sperabat,
2086 812 2139 874 cui

504 947 621 994 nomen
634 926 774 994 Aroadm
796 928 937 995 iutnmm
959 950 1032 996 esse
1052 936 1150 1015 poeta
1170 930 1398 1016 praesumpsit.
1437 929 1547 1012 itaque
1569 929 1605 995 hi
1626 949 1739 996 versus
1762 929 1806 995 ad
1827 929 2001 996 Arcadium
2024 929 2138 1016 scripti

505 1054 580 1114 sunt
611 1055 645 1115 et
672 1069 712 1115 eo
741 1049 871 1132 quidem
899 1057 1059 1138 tempore,
1096 1071 1159 1135 quo
1187 1050 1276 1117 filius
1304 1050 1375 1117 eius
1404 1049 1608 1116 Theodosius
1638 1050 1744 1116 minor
1770 1051 1911 1117 nondum
1940 1058 2037 1117 natus
2067 1058 2139 1117 erat

509 1168 550 1249 (a.
577 1170 774 1252 sas-401).
821 1169 881 1237 sed
902 1171 948 1252 is,
978 1172 1034 1254 qui
1056 1190 1112 1238 eos
1134 1171 1262 1238 cantoni
1284 1170 1467 1256 praemisit,
1494 1191 1558 1237 non
1580 1170 1685 1236 Proba
1706 1176 1794 1253 erat,
1821 1171 1880 1237 sed
1902 1171 2054 1238 librarius
2075 1173 2140 1237 ali-

502 1287 593 1371 quis,
626 1290 678 1354 cui
705 1290 879 1375 imperator
908 1310 1036 1358 carmen
1063 1290 1309 1357 describendum
1338 1290 1534 1372 tradiderat,
1565 1290 1676 1356 nivel
1698 1291 1904 1358 solaverba:
1940 1294 2136 1356 ebibendum

499 1408 618 1490 famulo
641 1430 728 1493 quom
751 1415 890 1476 iusseras
913 1411 1044 1492 docent;
1078 1412 1129 1478 cni
1157 1416 1346 1496 argumento
1372 1409 1511 1491 accedit,
1546 1410 1632 1494 qnod
1653 1410 1812 1496 praefatio
1833 1412 1893 1477 illa
1913 1413 1948 1478 in
1970 1412 2137 1478 nonnullis

502 1528 667 1596 codicibus
696 1531 836 1617 optimae
864 1539 960 1600 notae
989 1532 1219 1615 ominatum).
1267 1552 1309 1598 ex
1337 1531 1389 1596 his
1417 1531 1516 1615 igitur
1541 1530 1689 1597 versibus
1712 1532 1753 1598 de
1774 1533 1898 1598 Pmbae
1923 1540 2031 1600 aetate
2053 1534 2137 1599 nihil

502 1650 649 1716 concludi
671 1658 787 1738 potest.

589 1789 726 1856 Probam
754 1791 884 1857 Probini
914 1812 1053 1858 sororem
1083 1791 1202 1873 fulsse,
1237 1797 1366 1875 propter
1394 1788 1531 1855 nominis
1560 1787 1804 1854 similitudinem
1835 1791 2018 1876 suspicatus
2049 1810 2133 1858 sum.

503 1908 636 1974 maritus
659 1910 728 1976 cius
752 1919 908 1979 corrector
931 1912 992 1979 fuit
1013 1910 1152 1997 Apuliae
1176 1916 1209 1976 et
1230 1909 1418 1987 Calabriam
1446 1909 1481 1974 O.
1508 1908 1533 1972 l.
1560 1908 1597 1973 L.
1624 1909 1647 1973 l.
1674 1909 1695 1973 Ι.
1721 1911 1910 1994 proconsul;
1937 1911 2019 1977 laid.
2036 1912 2131 1998 Hisp.

501 2028 542 2094 de
565 2029 643 2094 viris
664 2029 713 2095 ill.
734 2034 775 2094 22
795 2036 859 2113 (18)
879 2035 995 2114 ‘Proba
1020 2054 1106 2095 uuor
1122 2031 1264 2114 Adelphii
1281 2032 1486 2114 proconsulis.
1532 2027 1715 2114 praefectus
1737 2031 1809 2095 urbi
1830 2030 1906 2097 inde
1928 2052 1949 2097 a
1971 2032 2004 2098 d.
2024 2036 2042 2096 7
2059 2032 2131 2097 Inn.

502 2167 604 2232 usque
625 2149 669 2215 ad
691 2150 723 2216 d.
753 2152 792 2216 18
814 2153 893 2220 Dec.
919 2175 951 2218 a.
977 2157 1059 2233 35¹3
1086 2151 1259 2234 chronogr.
1286 2171 1316 2216 a.
1343 2152 1418 2216 354.

587 2288 653 2353 XII
676 2288 716 2368 Q.
739 2289 873 2356 Clodius
887 2290 1165 2374 Hermogenianns
1180 2287 1342 2373 Olybrius.
1392 2289 1419 2370 1)
1446 2287 1484 2353 O.
1501 2287 1528 2351 I.
1547 2286 1584 2352 L.
1604 2287 1649 2352 VI
1667 2290 1749 2352 1713
1765 2289 1887 2355 Rornae
1908 2290 1943 2354 in
1958 2290 2130 2375 Capitolio.

503 2410 539 2483 Q.
568 2409 669 2472 Clodio
693 2381 935 2495 Hemnoyeniuno
960 2413 1081 2494 Olybrio
1110 2412 1202 2493 cliro)
1235 2408 1433 2491 ollarissimo)
1463 2409 1564 2490 fratri
1592 2409 1799 2471 admirandae
1825 2413 1949 2493 pietalis
1973 2414 2133 2476 Faltonius

503 2528 618 2593 Probus
640 2528 768 2614 Alypius
790 2532 865 2615 νῦν)
892 2530 1126 2614 cllortrsimus).

587 2659 617 2742 2)
644 2658 681 2725 O.
707 2660 734 2725 I.
765 2660 803 2724 L.
835 2659 868 2724 X
898 2662 982 2725 6083
1011 2658 1160 2724 Formiis.
1209 2662 1318 2735 Quinto
1349 2657 1450 2719 Clodio
1480 2657 1748 2740 Hermoycnilono]
1784 2657 1876 2739 cliro)
1914 2656 2129 2744 c(larissimo],
2200 2716 2203 2723 .

499 2779 683 2864 eonslnlarr]
712 2781 954 2865 Gumlplaniael]
978 2782 1052 2843 ordo
1075 2790 1103 2844 el
1123 2778 1279 2862 popellus]
1305 2780 1488 2840 Formianos
1508 2787 1639 2859 patrono
1659 2777 1968 2859 praesllonbissimo.

586 2909 614 2991 3)
643 2907 680 2975 (l.
707 2910 734 2975 I.
767 2910 804 2974 L.
837 2910 914 2976 VIII
947 2912 1028 2975 1860
1057 2907 1218 2974 Theveste
1247 2906 1281 2971 in
1311 2925 1386 2971 arou
1416 2903 1614 2990 triumphali.
1666 2906 1736 2988 [Pro
1766 2907 1879 2986 solado
1910 2907 2126 2991 dlominorum)

499 3027 697 3113 olorinorum]
734 3031 921 3114 Conlsltanti
947 3031 1112 3113 molendini
1139 3029 1292 3111 oilolloris
1324 3028 1453 3108 [semper
1482 3025 1636 3110 Anytusli)
1670 3035 1698 3089 el
1726 3026 1853 3107 lulium]
1885 3027 2070 3092 nobilissimi
2096 3052 2134 3093 ne

496 3150 722 3232 florenllissimi
755 3152 909 3233 Caesaris]
947 3153 1077 3228 Quintum
1117 3150 1238 3213 Clodius
1271 3146 1576 3230 Hermloylenlionus
1612 3145 1755 3227 Olybrius
1793 3146 1866 3228 utin)
1909 3148 2126 3229 ollnrissrinus)

497 3270 692 3350 proclonsule
710 3272 914 3357 pirouinciae)
941 3269 1096 3354 myram)
1123 3270 1210 3353 elice)
1237 3268 1354 3350 slacru)
1381 3267 1583 3351 cloynoseeos)
1608 3268 1775 3348 patronnls
1798 3267 2014 3350 reipublicae]
2038 3271 2131 3352 [νοη-

500 3398 543 3451 tes
566 3391 645 3455 duas
667 3415 688 3456 o
710 3395 771 3457 solo
794 3393 1031 3476 oonsllruendas
1054 3393 1185 3472 curavit,
1212 3389 1301 3474 quae]
1328 3390 1452 3470 infinitis
1475 3388 1642 3451 ruderibus
1665 3386 1809 3471 obplct[ae
1831 3387 1945 3470 erantl.

584 3521 615 3602 4)
642 3519 679 3587 O.
704 3521 731 3585 l.
757 3521 794 3585 L.
820 3521 898 3586 VIII
921 3521 1005 3586 5334
1028 3518 1193 3585 Galamae.
1244 3516 1472 3599 [Invliotissimo
1492 3514 1660 3598 princilp]i
1680 3514 1807 3598 mostrol
1835 3516 1962 3577 Claudio
1979 3523 2129 3604 lulilanJo

497 3648 554 3702 toto
577 3642 647 3705 orbe
669 3642 876 3725 trilnlmfanli
890 3639 1090 3725 amplilatorr)
1113 3637 1269 3722 [p(opuli)]
1289 3636 1441 3719 dalmaci)
1457 3634 1701 3718 proconsu[lotu]
1723 3636 1809 3697 Clodi
1823 3639 2133 3724 Hermowenldainp

499 3761 650 3844 OEmfflm
662 3811 819 3826 .......

582 3890 613 3975 5)
640 3890 676 3957 Ο.
702 3891 729 3956 Ι.
755 3891 792 3956 L.
819 3889 864 3956 VI
891 3892 971 3954 1714
995 3888 1116 3953 Romae
1138 3885 1172 3950 in
1193 3883 1359 3967 Esquiliis
1412 3887 1582 3966 Tyrrenius
1604 3881 1731 3946 Anicius
1746 3885 1888 3946 lullanae
1910 3882 2129 3966 dle-rinaldus)

495 4011 651 4097 fluminea)
680 4014 801 4097 coniuyi
822 4016 859 4089 Q.
887 4012 971 4074 Clodi
993 4011 1230 4092 Hermoyeniani
1252 4007 1359 4088 Olybri
1379 4005 1465 4089 obri]
1492 4004 1696 4088 cllurissimr),
1730 4006 1903 4068 consularis
1929 4006 2125 4088 Campaniae,

493 4135 688 4216 proconsulis
711 4131 852 4215 Africae,
875 4131 1027 4215 praefecti
1046 4130 1149 4210 urbis,
1173 4126 1346 4210 praeficem]
1371 4125 1550 4209 praellorio)
1579 4127 1712 4207 lllyrici,
1743 4125 1917 4208 praedesti)
1942 4124 2125 4208 praellorio)

497 4256 650 4331 Orientis,
679 4256 812 4317 consulis
835 4253 1007 4332 ordinarii,
1042 4252 1076 4313 Fi
1083 4250 1190 4334 (avius)
1220 4250 1342 4312 Clodius
1364 4247 1464 4329 Rufras
1486 4246 1560 4330 o(ir)
1584 4245 1849 4328 plerseclissimus)
1874 4255 2027 4327 patronae
2052 4265 2130 4327 per-

495 4384 614 4457 petuae.
663 4373 704 4440 cf.
731 4372 768 4439 O.
793 4373 820 4438 I.
845 4373 884 4438 L.
910 4372 955 4438 VI
981 4373 1072 4435 1657.

582 4512 632 4578 De
655 4510 781 4597 Olybrii
803 4530 922 4593 genere
944 4530 976 4575 v.
1002 4508 1061 4573 XI.
1108 4507 1252 4579 fratrem,
1269 4506 1339 4571 eius
1369 4504 1522 4590 Alypium
1554 4511 1682 4590 praeter
1712 4502 1977 4587 subscriptionem
2008 4503 2129 4570 codicis

494 4632 684 4699 Mutinensis
706 4631 850 4697 nominat
871 4629 985 4696 titulus
1011 4634 1046 4709 1,
1079 4647 1211 4694 uxorem
1234 4626 1422 4712 Tyrreniam
1445 4624 1592 4690 Anicium
1615 4623 1793 4703 lulianam,
1829 4622 1870 4689 de
1892 4644 1956 4707 qna
1977 4644 2009 4688 r.
2035 4625 2123 4707 VIII,

493 4752 606 4819 titulus
628 4759 660 4818 5.
710 4751 888 4836 Olybrium,
916 4748 1116 4816 consularem
1139 4747 1290 4831 Tusciae,
1315 4745 1359 4812 ad
1380 4767 1475 4830 quem
1498 4746 1531 4812 d.
1550 4749 1569 4807 5
1585 4744 1662 4809 Mai.
1681 4764 1711 4809 a.
1731 4747 1793 4808 370
1817 4744 1871 4810 lex
1893 4743 1973 4811 (lod.
1998 4745 2124 4811 Theod.

495 4874 559 4939 Xll
585 4879 612 4955 l,
640 4877 681 4938 72
704 4872 782 4938 data
804 4879 870 4952 est,
901 4869 1038 4935 nominis
1060 4869 1278 4953 temporisque
1300 4868 1422 4933 ratione
1446 4865 1604 4932 adductus
1626 4864 1727 4930 filium
1751 4864 1820 4930 eius
1843 4864 2040 4949 putaverim,
2068 4864 2127 4930 sed
2250 4928 2266 4943 ,

493 5017 534 5061 ex
564 5015 664 5060 uxore
686 4993 754 5059 alia
774 4993 885 5076 ignota
908 4997 1110 5076 susceptum;
1144 4988 1356 5073 nequeenim
1379 4994 1471 5053 actas
1493 4986 1588 5051 Bassi
1609 4984 1711 5071 patris
1734 4984 1880 5050 Iulianae
1902 4984 2058 5062 admittit,
2093 4992 2129 5050 nt

498 5137 572 5183 eum
605 5115 669 5180 iam
703 5136 734 5180 a.
761 5118 822 5179 370
856 5118 1004 5198 nepotem
1037 5111 1071 5175 in
1104 5109 1346 5194 magistratibus
1375 5114 1537 5172 versatum
1568 5105 1720 5171 habuisse
1750 5104 1929 5171 credamus.
1976 5126 2008 5170 v.
2035 5104 2122 5169 VIll.

495 5235 643 5302 Anicium
673 5234 964 5318 Hermogenianum
993 5230 1161 5316 Olybrium
1191 5235 1340 5313 nepotem
1370 5226 1476 5293 Olodii
1504 5226 1754 5308 Hermogeniani
1777 5226 1902 5310 Olybrii
1932 5225 2034 5291 fuisse
2063 5245 2127 5289 non

494 5359 596 5423 solum
618 5374 736 5421 nomen
758 5353 872 5441 prodit,
901 5353 959 5419 sed
982 5352 1079 5417 etiam
1096 5348 1294 5416 claudianus
1316 5368 1420 5433 paene
1442 5346 1604 5432 expressis
1626 5346 1735 5411 verbis
1758 5345 1845 5427 dioit,
1873 5346 1927 5411 nbi
1949 5365 2030 5411 avos
2048 5366 2125 5411 con-

493 5478 599 5544 sulum
621 5476 698 5542 anni
722 5477 785 5539 395
808 5481 976 5561 paternum
1000 5477 1032 5537 et
1054 5478 1232 5536 maternum
1255 5467 1316 5533 hoe
1338 5467 1432 5533 modo
1454 5466 1630 5551 componit:
1657 5463 1698 5530 de
1721 5486 1808 5530 cons.
1834 5464 1886 5529 Ol.
1912 5472 1944 5530 et
1966 5467 2062 5531 Proh.
2084 5468 2125 5528 29

580 5772 639 5833 429)
662 5771 753 5829 Baehr,
775 5768 857 5817 (rent.
878 5768 921 5815 der
939 5768 1075 5815 riimlsrben
1094 5767 1230 5814 Litteratur
1249 5761 1304 5809 1V‘1
1318 5777 1344 5823 p.
1368 5764 1408 5809 iz).
