4746 6472
972 494 1086 548 LIBER
1103 493 1140 547 11.
1828 486 1868 547 53

246 680 325 746 dicio
347 690 400 746 est
421 681 556 766 patriae,
583 689 619 747 ut
640 682 695 764 qui
717 680 846 747 excludi
868 701 926 767 per
947 681 1099 767 inprobos
1120 700 1301 767 possumus,
1326 679 1443 745 abesse
1461 677 1586 744 interim
1603 677 1693 742 velut
1705 696 1745 741 cx
1760 678 1867 739 nostro
1891 672 1992 736 PVF

245 783 374 849 arbitrio
396 783 586 850 debeamus.
631 785 717 850 vale.

851 1042 997 1109 XXXIII
1026 1065 1058 1108 a.
1077 1042 1259 1106 esu-383.

711 1180 971 1249 SYMMAOHVS
993 1177 1211 1246 FLAVIANO
1234 1178 1403 1243 FRATRI.
1893 1171 2004 1233 PVM

217 1371 228 1407 »ι
329 1354 455 1419 Relatio
484 1353 545 1418 viri
574 1352 762 1438 spectabilis
792 1352 900 1418 fratris
928 1350 1028 1418 nostri
1051 1351 1163 1417 vicarii
1185 1349 1411 1433 indignitatem
1434 1347 1626 1433 deprehensi
1648 1347 1780 1413 sceleris
1802 1347 1871 1411 elo-

246 1462 374 1538 quetur,
400 1463 497 1538 atque
519 1455 594 1521 ideo
616 1476 680 1520 non
703 1464 753 1522 est
774 1473 919 1536 necesse,
947 1460 982 1520 ut
1004 1454 1090 1519 dictu
1113 1460 1146 1518 et
1160 1453 1271 1518 auditu
1287 1450 1411 1517 nefaria
1426 1458 1533 1516 noster
1548 1472 1651 1517 serrno
1667 1456 1867 1536 percenseat.

247 1578 343 1622 unum
365 1567 432 1642 est,
465 1558 551 1642 quod
580 1567 613 1625 et
641 1580 713 1625 mea
740 1559 851 1645 petitio
880 1571 912 1624 et
934 1564 1109 1624 ceterorum
1131 1564 1207 1622 vota
1229 1555 1429 1638 desiderant,
1464 1562 1498 1620 nt
1519 1576 1577 1639 pro
1598 1554 1722 1620 iustitia
1743 1562 1799 1620 tna
1820 1553 1871 1618 in-

245 1662 346 1727 ultum
368 1681 441 1727 esse
464 1683 527 1727 non
550 1662 656 1746 sinas,
689 1663 774 1746 quod
797 1663 945 1748 exemplo
967 1659 1194 1744 gravissimum
1218 1659 1293 1740 erit,
1329 1658 1390 1724 nisi
1416 1678 1515 1724 ansus
1537 1658 1673 1723 aliorum
1695 1658 1869 1723 vehemens

245 1785 348 1849 poena
369 1764 592 1850 conpresserit.
1275 1774 1283 1781 ·

832 2022 1009 2086 ΧΧΧΠΙΑ
1046 2042 1076 2087 a.
1096 2023 1277 2086 ase—394.

656 2162 962 2226 SYMMAOHVS
986 2162 1240 2225 FLAVIANO
1261 2160 1453 2223 FRATRI.

331 2334 431 2397 Fama
452 2341 518 2411 est,
545 2333 630 2415 qnod
653 2333 835 2417 Ampelinm
859 2340 891 2398 et
912 2332 1067 2415 quosdam
1090 2331 1236 2398 aliosde
1261 2330 1428 2411 Sardinia,
1455 2337 1490 2394 nt
1510 2329 1679 2413 adseritur,
1706 2339 1870 2397 senatores

244 2435 276 2500 in
305 2437 424 2501 crimen
453 2436 607 2502 adductos
633 2436 735 2502 forum
758 2444 933 2521 conpetens
956 2437 1127 2502 observare
1148 2434 1362 2520 praeceperis.
1409 2433 1467 2497 bos
1490 2454 1574 2498 nunc
1596 2435 1692 2499 audio
1714 2435 1758 2499 ad
1780 2434 1870 2499 alind

245 2537 396 2603 iudicium
418 2560 491 2604 esse
515 2540 697 2605 translatos.
744 2560 843 2622 quare
866 2539 894 2605 si
916 2539 987 2624 ipse
1009 2538 1055 2605 ita
1077 2546 1151 2605 ate
1174 2536 1390 2604 reminisceris
1412 2536 1605 2619 indicatum,
1636 2558 1773 2622 aequum
1797 2557 1869 2604 esse

201 2656 228 2695 ¹⁵
245 2642 387 2724 arbitror,
413 2650 448 2708 ut
470 2642 599 2708 statutis
620 2643 684 2709 tuis
706 2643 824 2709 adesse
842 2643 999 2728 digneris.

850 2901 1015 2967 XXXIIII
1042 2906 1119 2967 ante
1133 2921 1164 2966 a.
1184 2903 1259 2965 390.

708 3040 968 3107 SYMMAGHVS
989 3036 1207 3105 FLAVIANO
1228 3037 1398 3103 FRATRI.

327 3210 493 3278 Adomare
514 3218 547 3278 te
569 3211 716 3294 reditum,
742 3211 826 3296 qnod
849 3232 942 3278 saera
964 3212 1066 3277 Deum
1087 3209 1200 3276 Matris
1221 3210 1420 3294 adpeterent,
1445 3210 1637 3279 arbitrabar:
1663 3219 1697 3275 tn
1721 3210 1753 3273 in
1778 3211 1867 3276 Dan-

245 3316 310 3379 nios
332 3315 394 3380 iter
415 3335 585 3400 promoves
606 3334 729 3397 nosque
751 3324 782 3380 et
803 3315 940 3400 patriam
962 3321 1034 3399 post
1055 3322 1182 3398 tergum
1204 3313 1369 3397 relinquis.
1410 3313 1531 3395 inlude,
1558 3321 1593 3379 ut
1607 3315 1666 3393 vis,
1693 3313 1865 3378 amicorum

199 3428 225 3469 2⁰
245 3418 408 3499 facilitati,
433 3438 514 3501 quos
537 3417 564 3482 si
587 3419 669 3484 bace
690 3418 852 3484 morderet
873 3419 1006 3501 iniuria,
1032 3418 1066 3483 in
1089 3417 1193 3483 vicem
1215 3418 1321 3484 malae
1343 3418 1468 3503 gratiae
1492 3419 1607 3484 saltem
1630 3417 1744 3484 litteris
1765 3419 1867 3485 absti-

242 3527 361 3585 nerent.
408 3540 494 3586 nunc
523 3541 598 3586 vero
620 3521 735 3588 officiis
758 3521 935 3588 mulcemus
957 3522 1128 3587 abeuntem
1152 3527 1184 3585 et
1204 3520 1326 3586 blanda
1347 3522 1454 3587 animo
1476 3528 1532 3587 tuo
1554 3520 1696 3587 fomenta
1718 3522 1867 3606 suggeri-

241 3643 326 3695 mus,
360 3642 432 3688 cum
462 3631 497 3687 tu
525 3623 674 3690 omnibns
699 3646 808 3690 curam
831 3625 879 3691 rei
900 3625 1068 3690 familiaris
1090 3624 1262 3691 anteferas.
1310 3646 1384 3691 nam
1407 3625 1599 3706 recordaris,
1634 3623 1694 3690 boc
1715 3632 1746 3690 te
1768 3636 1904 3710 prae-2

241 3726 358 3792 famine
381 3725 552 3810 epistulam
575 3727 730 3807 texmsse,
755 3728 837 3793 nihil
859 3729 920 3794 hae
944 3734 1051 3794 aetate
1073 3727 1273 3794 tractandum
1289 3728 1421 3812 pensius
1437 3727 1621 3794 domesticis
1636 3728 1742 3794 rebus.
1779 3730 1865 3811 qnod

240 3848 308 3911 ego,
334 3827 411 3893 dum
435 3831 632 3913 contemplor
652 3851 768 3895 venam
791 3853 914 3896 morum
937 3839 1072 3913 tuorum,
1099 3832 1164 3897 seio
1186 3830 1263 3896 ludo
1287 3852 1359 3897 esse
1382 3838 1580 3916 conceptum.
1628 3832 1756 3915 quando
1778 3832 1864 3898 enim

194 3930 418 3996 assumimini
440 3931 563 4015 ingenii
584 3934 632 3998 tni
654 3934 739 3998 euris
760 3934 927 4000 vilioribus
949 3935 1153 4000 flecteretur?
1185 3953 1301 4000 censeo
1322 3934 1420 4019 igitur
1442 3935 1517 3999 aliis
1540 3935 1618 4000 dare
1639 3935 1739 4001 verba
1762 3935 1864 4002 medi-

236 4035 320 4115 teris,
347 4034 403 4117 qni
426 4042 570 4101 sanctum
593 4037 739 4120 penetral
762 4038 861 4103 animi
883 4039 930 4103 tui
952 4038 1108 4103 nesciunt.
1150 4037 1230 4103 mibi
1252 4059 1316 4104 uno
1338 4058 1456 4122 genere
1472 4038 1663 4121 satisfacies,
1690 4039 1718 4105 si
1733 4040 1863 4106 remotis

236 4137 446 4222 epistularum
468 4138 709 4206 defensionibus
732 4140 802 4226 ipse
824 4141 1032 4208 remeaveris.
1454 4165 1456 4168 ⁴

862 4415 988 4481 XXXV
1017 4421 1092 4481 ante
1106 4436 1137 4480 a.
1157 4419 1230 4480 395.
1544 4484 1546 4489 ,
1845 4494 1856 4507 .

701 4552 961 4619 SYMMAOHVS
983 4554 1201 4619 FLAVIANO
1224 4554 1392 4618 FRATRI.
1882 4565 1983 4628 PVF

190 4738 218 4778 ιι
319 4724 390 4807 Ego
413 4745 540 4807 quoqne
563 4725 595 4789 in
619 4725 788 4790 scribendo
810 4724 944 4791 formam
968 4725 1138 4792 vetustatis
1159 4727 1335 4812 amplector
1357 4727 1515 4812 nimisque
1538 4730 1643 4811 miror,
1672 4732 1759 4813 quod
1782 4731 1858 4795 mihi

235 4826 355 4891 librarii
377 4846 464 4892 error
485 4828 673 4912 obrepserit,
699 4828 753 4909 qui
777 4829 890 4894 solitus
911 4828 1059 4914 epistulis
1081 4829 1161 4894 meis
1185 4831 1315 4895 nomina
1337 4831 1407 4895 sola
1428 4852 1636 4916 praeponere,
1665 4852 1758 4899 nsum
1782 4833 1859 4898 sim-

236 5001 377 5009 ——-—
551 5004 646 5010 ——..

255 5142 257 5146 ,
321 5102 331 5151 l
353 5104 435 5151 nelutf
452 5105 475 5151 l·

317 5190 400 5238 loru.
422 5188 469 5236 VM
572 5190 738 5238 bracensert
759 5190 801 5252 (F)
910 5191 922 5238 l
943 5198 969 5240 ot
987 5194 1078 5253 petitio
1096 5207 1151 5240 mos
1173 5194 1201 5253 V,
1221 5194 1314 5255 peticio
1332 5208 1388 5242 mcc
1406 5195 1434 5241 Μ

320 5274 347 5324 ll
369 5289 418 5324 om.
435 5275 512 5323 PVM
615 5275 646 5324 12
664 5277 727 5325 lunc
744 5279 877 5338 epulatum
894 5292 952 5325 enm
961 5278 1114 5340 mmccccl
1126 5282 1280 5341 coniunprtnt
1292 5280 1373 5341 PVM,
1393 5281 1466 5330 diuisi
1570 5285 1676 5344 quodam
1694 5286 1789 5345 pelium
1802 5285 1854 5345 PV,

232 5363 356 5423 quendam
374 5363 468 5424 pelium
487 5361 516 5409 Μ
622 5361 653 5410 15
671 5363 728 5411 nale
745 5363 803 5411 odd.
825 5362 874 5410 VM

318 5448 349 5496 l'l
367 5463 417 5497 om,
436 5448 485 5496 VM
606 5447 638 5497 18
656 5455 681 5497 ta
699 5446 819 5515 reditum]
837 5450 979 5499 creditum
997 5450 1043 5498 Pl
1057 5466 1103 5512 m.,
1124 5451 1253 5501 eruditum
1277 5454 1298 5499 V
1405 5451 1499 5519 Deum]
1519 5454 1649 5515 nerano,
1671 5455 1732 5501 dccc
1751 5454 1823 5501 PVM

231 5531 433 5601 tulnDcnnlos]
451 5549 505 5596 epo,
525 5535 715 5584 tnlndcnnlns
733 5533 808 5596 Vsu,
829 5536 922 5584 tuenda
937 5537 1015 5583 unlus
1028 5535 1057 5596 P,
1078 5553 1126 5585 cm.
1142 5536 1171 5584 Μ
1275 5537 1306 5587 19
1324 5547 1467 5601 postergum
1486 5542 1574 5588 larus.
1589 5540 1612 5586 P
1713 5539 1746 5588 20
1765 5542 1858 5589 uiccP

231 5617 261 5668 21
280 5633 444 5680 suggeremus
464 5620 509 5669 Pl
524 5638 561 5670 m.
676 5620 709 5670 22
727 5622 858 5670 familiaris
875 5624 911 5669 ref
934 5621 956 5668 V
1064 5621 1097 5673 23
1116 5626 1213 5673 texisse
1237 5624 1285 5671 VM
1385 5622 1443 5691 hcc]
1460 5641 1489 5673 ae
1508 5625 1553 5675 Pl
1568 5642 1602 5675 m.
1710 5623 1742 5673 27
1761 5641 1857 5675 remac-

231 5707 299 5754 uerls
319 5706 361 5768 (ue
380 5709 408 5755 tn
424 5706 486 5768 ras.)
507 5706 538 5769 P,
558 5710 709 5757 remouearis
735 5707 754 5752 V
855 5708 912 5756 nula
930 5708 989 5757 odd.
1010 5708 1059 5756 VM
1264 5749 1271 5763 ,

314 5790 348 5841 29
365 5806 415 5841 om.
435 5792 478 5840 VF
580 5792 614 5842 30
632 5795 699 5856 qnod
716 5821 750 5830 —
768 5793 798 5843 31
820 5808 885 5843 error
902 5809 950 5843 om.
966 5794 1011 5844 Pl
1025 5810 1058 5843 m.
1165 5796 1195 5845 31
1217 5810 1291 5845 usum
1309 5798 1448 5859 slmplicom
1466 5812 1513 5849 om.
1535 5798 1557 5845 V
