4746 6472
514 460 557 522 42
1114 461 1311 518 stutirem
1329 462 1541 520 EPISTVLAE

399 645 499 705 PVF
514 648 712 733 praeiudicio
734 657 934 716 antevertam
956 651 1140 736 gravissimi
1163 653 1322 718 examinis
1347 652 1395 719 tui
1423 653 1638 719 severitatem.
1683 673 1747 718 nou
1777 652 1844 719 stili
1873 653 1936 717 mei
1965 653 2141 737 praetendo

512 751 660 817 meritum
684 751 743 817 sed
765 751 886 818 ordinis
909 752 1097 820 iudicatum.
1138 756 1314 821 eommunis
1337 755 1416 821 mihi
1438 762 1470 821 et
1491 755 1693 821 auditoribus
1714 755 1796 822 meis
1817 776 1917 823 eausa
1938 762 1999 822 est.
2039 756 2142 823 scient

511 875 622 921 omnes
644 862 701 921 aut
722 875 912 921 consensum
933 863 1008 923 tuae
1030 858 1071 924 de
1093 859 1187 925 nobis
1210 858 1389 925 sententiae
1411 867 1467 925 aut
1489 859 1713 926 contumeliam
1735 879 1825 925 suae.
1872 860 1957 925 vale.

1246 1117 1318 1184 ovr
1342 1117 1402 1199 (o).

284 1213 288 1217 “
383 1246 498 1309 PVM
1080 1252 1340 1320 srmuncnvs
1370 1253 1568 1319 sinemo.
2159 1274 2172 1311 ε

595 1422 727 1487 Possem
750 1420 874 1504 aliquid
896 1420 936 1486 de
959 1422 1075 1487 vestris
1097 1423 1247 1489 amicitiis
1268 1424 1451 1490 aestimare.
1499 1423 1573 1488 hine
1588 1443 1663 1509 spes
1678 1423 1778 1488 oritur
1790 1422 1964 1489 amicorum
1980 1445 2134 1508 meorum,

508 1545 592 1610 quae
606 1525 789 1611 Theophilo
812 1525 990 1591 clarissimo
1013 1526 1080 1591 viro
1103 1536 1190 1592 tuam
1213 1548 1307 1612 opem
1330 1526 1371 1593 de
1393 1548 1465 1593 meo
1487 1547 1634 1593 sermone
1649 1526 1815 1613 promittit.
1862 1526 1940 1611 quid
1954 1526 2052 1611 igitur
2067 1527 2137 1593 eius

509 1629 674 1695 commodo
695 1629 843 1709 velimus,
869 1628 902 1693 iu
924 1636 1035 1714 aperto
1057 1635 1116 1695 est.
1164 1630 1266 1712 effice,
1294 1651 1347 1696 oro
1369 1637 1411 1713 te,
1438 1638 1474 1697 ut
1496 1650 1569 1696 eum
1591 1629 1710 1696 fiducia
1731 1630 1795 1696 mei
1809 1650 1873 1695 non
1894 1629 2044 1696 rideatur
2064 1649 2137 1696 esse

509 1732 673 1798 muscata.

1102 1957 1191 2024 svn
1210 1956 1272 2039 (01)
1306 1977 1336 2023 a.
1356 1958 1538 2021 aso-asa.

1079 2094 1339 2160 sYMuasflvs
1369 2092 1567 2160 SYAGRIO.

594 2266 780 2333 Alexander
808 2266 858 2331 vir
885 2267 1107 2333 ornatissimus
1134 2267 1265 2333 sortitus
1295 2265 1493 2350 provinciam
1523 2264 1738 2351 praesidalem
1762 2273 1853 2351 putat
1874 2266 1986 2331 honori
2008 2286 2066 2332 suo
2087 2266 2137 2331 in-

509 2377 672 2437 crementa
704 2370 876 2454 praestari,
913 2369 942 2434 si
973 2376 1028 2435 tuo
1061 2391 1169 2435 amore
1202 2371 1351 2454 potiatur.
1399 2390 1498 2454 qrrare
1529 2368 1684 2434 desiderii
1714 2369 1763 2434 sui
1793 2389 1844 2434 me
1873 2368 2012 2435 adscivit
2039 2368 2137 2435 inter-

507 2479 645 2557 pretem,
680 2473 786 2538 sciens
811 2471 900 2555 apud
928 2478 960 2538 te
989 2479 1113 2537 tantum
1137 2473 1198 2538 loci
1220 2492 1293 2538 esse
1316 2473 1430 2538 litteris
1452 2472 1551 2554 meis,
1586 2479 1621 2537 ut
1648 2472 1729 2537 haec
1751 2472 1984 2538 commendatio
2006 2471 2135 2536 maximi

506 2576 681 2642 testimonii
705 2576 806 2640 instar
830 2575 996 2641 habeatur.
1043 2577 1129 2642 vale.
2155 2594 2183 2634 rs

1169 2768 1474 2776 —————————

1064 3015 1229 3113 LIBER
1276 3012 1578 3113 SECVNDVS.

1112 3247 1183 3321 AD
1210 3245 1530 3321 FLAVIANVM.

1189 3417 1205 3481 Ι
1234 3424 1310 3483 ante
1325 3436 1356 3481 a.
1375 3419 1450 3481 395.

970 3555 1230 3622 sYutMAchs
1253 3553 1472 3620 FLAVIANO
1495 3553 1665 3619 FRATRI.

591 3730 653 3795 Hic
673 3730 731 3795 ille
760 3736 810 3796 est
831 3728 978 3794 Paralius
979 3779 995 3813 2
1030 3727 1082 3793 cui
1111 3732 1279 3792 aecusator
1307 3732 1416 3811 pater,
1449 3731 1603 3809 quantum
1633 3725 1828 3792 discriminis
1858 3727 1972 3809 movit,
2009 3735 2130 3794 tantum

504 3832 611 3899 laudis
640 3832 778 3919 paravit.
825 3831 935 3898 multis
965 3830 1050 3896 enim
1081 3829 1324 3912 quaestionibus
1354 3836 1402 3911 et,
1440 3828 1525 3912 quod
1554 3834 1605 3894 est
1636 3829 1855 3914 potissimum,
1891 3831 2046 3916 principis
2079 3852 2131 3897 ore
2149 3849 2180 3891 ro

504 3942 659 4022 purgatus
682 3942 811 4002 senator
831 3954 967 4019 arguere
989 3953 1053 3999 non
1074 3939 1181 4019 potest
1206 3933 1349 4017 parentis
1377 3932 1509 4016 impiam
1539 3933 1754 4015 voluntatem,
1786 3953 1868 4017 quae
1895 3934 1946 3998 illi
1973 3935 2132 4020 praestitit

503 4040 720 4115 innocentiam
742 4039 922 4105 clariorem.
968 4038 1053 4103 hune
1075 4037 1103 4103 si
1125 4056 1234 4103 amare
1256 4036 1418 4121 postulas,
1452 4034 1656 4119 imperatoris
1684 4036 1783 4101 nostri
1805 4036 2023 4103 testimonium
2044 4037 2128 4122 lege,

505 4151 540 4211 ut
561 4143 712 4209 advertas
734 4143 871 4210 feliciter
893 4143 1014 4208 factum
1036 4160 1137 4224 reum,
1163 4160 1258 4225 quem
1281 4139 1329 4206 sic
1349 4138 1463 4205 videas
1485 4138 1678 4206 absolutum.
1726 4140 1811 4206 vale.

1178 4397 1211 4463 II
1239 4403 1314 4463 ente
1329 4417 1360 4462 a.
1380 4399 1454 4461 395.

902 4605 905 4611 .
968 4534 1228 4603 SYMMACHVS
1251 4532 1469 4599 FLAVIANO
1491 4533 1660 4601 FRATRI.
2149 4554 2179 4596 er

589 4711 712 4776 Taceat
733 4708 871 4793 prodiga
891 4708 999 4774 laudis
1027 4714 1190 4789 vetustas,
1223 4726 1306 4791 quae
1327 4705 1475 4791 Apellem
1497 4712 1530 4772 et
1552 4705 1675 4771 Zeuociu
1704 4707 1755 4772 rel
1784 4709 1895 4773 dorum
1924 4706 2064 4791 similes,
2097 4717 2132 4776 ut

504 4833 663 4898 quemque
684 4820 775 4878 aetas
798 4812 881 4895 tulit,
906 4812 1104 4877 voluminum
1126 4811 1246 4877 honore
1269 4810 1404 4893 dignata
1425 4816 1485 4875 est.
1532 4808 1612 4874 mihi
1634 4830 1713 4894 erga
1728 4811 1846 4877 Lucilli
1859 4811 2129 4896 praedicationem

592 5074 761 5135 lgrstissimi
782 5073 825 5122 Vll
925 5072 1030 5122 tuael'
1132 5065 1355 5136 deontumelism]
1372 5069 1480 5129 houm,
1501 5071 1668 5120 contumeliae
1687 5070 1756 5120 Pro

589 5162 671 5210 tom.
691 5159 738 5207 VM
864 5158 880 5209 6
897 5173 971 5224 posse
990 5158 1085 5220 aliquid
1103 5158 1222 5206 amicitiis
1241 5158 1358 5206 sesttnror
1376 5157 1492 5214 torretes,¹
1511 5156 1571 5217 sort.
1591 5171 1664 5220 posse
1682 5172 1722 5207 me
1739 5158 1836 5221 aliquid
1854 5159 1885 5208 de
1903 5161 1996 5210 uestris
2014 5162 2130 5211 emlddts

502 5249 638 5297 aestiment
741 5245 912 5295 'lclsrlssimo
929 5253 973 5294 tuo
990 5248 1044 5294 uiro
1066 5245 1127 5308 (uiro
1144 5250 1188 5292 tuo
1207 5244 1223 5291 2
1240 5243 1286 5305 m.)
1307 5244 1422 5292 tnsml'
1525 5241 1719 5293 dirustrstol'

591 5334 620 5384 ll
640 5347 689 5383 om.
709 5332 752 5382 Vr
855 5332 886 5381 13
904 5332 1036 5393 desiderils
1054 5331 1077 5378 P

592 5420 622 5470 16
641 5419 947 5481 1111.‹'1suisymmsolrl.
962 5421 1003 5467 nd.
1017 5401 1062 5466 1113.
1077 5429 1097 5466 1.
1116 5415 1209 5478 explic.
1224 5417 1317 5477 tuclplt
1328 5415 1440 5464 eiusdem
1453 5401 1492 5464 lc}
1502 5429 1533 5465 11.
1548 5416 1579 5463 ed
1592 5415 1730 5464 damianum
1744 5412 1773 5476 Ρ,
1788 5429 1836 5465 om.
1856 5417 1899 5465 VF
1978 5418 2010 5469 18
2022 5432 2070 5468 om.
2089 5419 2131 5466 ΥΡ

505 5508 536 5558 19
553 5514 593 5556 set
610 5508 655 5556 lile
674 5506 697 5553 F

588 5591 621 5642 25
639 5609 687 5641 om.
706 5591 755 5639 VM
856 5590 890 5640 26
908 5591 1030 5652 eppellem
1045 5588 1079 5651 Μ,
1099 5590 1230 5651 appellent
1246 5587 1272 5649 V,
1293 5588 1456 5650 appellentl'
1550 5593 1578 5636 et
1597 5590 1689 5635 zeuxin
1710 5589 1751 5637 uel
1769 5589 1855 5638 horum
1874 5586 1983 5656 similos]
2002 5589 2127 5648 muca,

502 5687 528 5729 et
546 5695 608 5741 gens
626 5682 654 5727 lu
672 5678 793 5726 bellorum
813 5678 908 5725 slmiles
927 5674 1050 5739 PVW),
1069 5680 1097 5723 et
1113 5676 1140 5724 ld
1157 5690 1240 5739 genus
1257 5675 1407 5724 labellorum
1425 5676 1503 5723 silens
1524 5673 1550 5720 Μ
1653 5673 1685 5722 27
1704 5675 1819 5736 quemvl'
1922 5678 2054 5735 dignatum
2077 5677 2097 5723 l'

501 5781 559 5826 ergo
576 5761 657 5831 lucilli
676 5763 700 5810 P
