4736 6478
1114 480 1309 537 aruntem
1328 482 1542 539 EPISTVLAE

591 920 598 932 ‚
1096 844 1313 909 cxxxxvii
1338 845 1555 929 (cmvi.
1603 849 1609 863 ·

343 974 496 1037 owart
1075 980 1335 1048 srnunouvs
1363 982 1579 1049 uncrrnro.

602 1149 769 1214 Maluerim
792 1150 921 1232 quidem
942 1160 1031 1217 tuum
1047 1154 1190 1220 solamen
1205 1154 1353 1239 adipisci,
1381 1157 1434 1219 sed
1448 1155 1525 1238 quia
1540 1154 1653 1221 litteris
1669 1153 1828 1221 secundus
1843 1153 1887 1219 ad
1900 1155 2036 1237 gratiam
2052 1155 2142 1220 locus

515 1256 583 1329 est,
617 1251 778 1318 desiderio
808 1253 854 1319 tui
884 1254 1071 1340 scriptorum
1096 1257 1303 1343 conpensatio
1333 1258 1491 1324 satisfecit
1519 1258 1721 1340 maximeque
1750 1258 1833 1324 iuvit
1861 1258 2020 1339 animum,
2053 1258 2142 1342 quod

513 1359 618 1417 tecum
642 1354 756 1420 bonam
782 1357 997 1424 valetudinem
1020 1360 1144 1427 redisse
1172 1363 1205 1426 in
1233 1362 1371 1447 gratiam
1400 1362 1566 1428 nuntiasti.
1613 1362 1684 1447 ipse
1707 1361 1842 1427 Formiis
1864 1361 1971 1427 adhuc
1998 1360 2174 1428 resideres

428 1457 500 1518 PV
519 1455 685 1540 lcoustitui,
712 1464 747 1524 ut
769 1460 924 1544 mitigatis
946 1464 1091 1530 autumni
1113 1465 1257 1531 aestibus
1279 1463 1322 1530 ad
1345 1465 1530 1531 suburbana
1545 1464 1729 1531 concedam.
1769 1465 1973 1548 nequeenim
1990 1464 2142 1549 temporis

515 1558 578 1624 mei
600 1560 682 1626 ratio
705 1562 832 1646 patitur,
860 1570 895 1629 nt
917 1586 1115 1633 communem
1139 1567 1277 1653 patriam
1299 1577 1442 1637 maestus
1463 1568 1640 1653 ingrediar.
1687 1570 1769 1634 vale.

1080 1843 1316 1909 cxxxxvm
1336 1844 1571 1928 (cxxxxvq.

1075 1982 1334 2048 arnuncuvs
1363 1981 1578 2049 sauciolo,

602 2147 636 2211 Si
660 2148 803 2213 condicio
826 2151 977 2235 temporis
999 2151 1063 2217 mei
1085 2152 1215 2235 sineret,
1241 2154 1323 2219 votis
1346 2174 1397 2220 mo
1418 2154 1483 2219 tuis
1505 2154 1601 2220 etiam
1622 2175 1686 2220 non
1702 2161 1832 2237 rogatus
1847 2153 2037 2236 ingererem.
2077 2174 2142 2236 qua
2162 2176 2188 2214 ro

514 2248 547 2313 iu
570 2269 603 2314 re
627 2257 732 2316 certus
754 2253 852 2319 animi
875 2255 938 2320 mei
960 2254 1176 2322 adsertionem
1199 2257 1374 2339 verborum,
1402 2258 1496 2323 sicuti
1519 2258 1664 2340 arbitror,
1690 2278 1752 2323 non
1775 2256 1921 2339 requiris.
1968 2276 2054 2321 nunc
2075 2255 2141 2320 ior-

515 2360 610 2418 tuuae
633 2374 724 2420 meae
748 2357 887 2437 qualitas
908 2358 942 2423 in
964 2364 1087 2424 tantum
1110 2378 1168 2424 nos
1190 2381 1211 2424 a
1233 2359 1358 2426 festivis
1381 2367 1514 2427 excusat
1535 2360 1658 2441 officiis,
1686 2367 1721 2427 ut
1742 2359 1860 2426 solacia
1880 2360 2013 2444 insuper
2034 2360 2141 2441 requi-

515 2462 565 2521 rat
586 2456 706 2522 aliena.
746 2479 823 2543 ergo
844 2459 921 2544 quia
941 2462 976 2527 in
997 2483 1095 2529 manu
1117 2484 1190 2529 mea
1211 2462 1337 2530 iuterim
1359 2484 1424 2530 non
1446 2471 1495 2531 est
1518 2466 1620 2530 laetos
1636 2465 1839 2546 frequentare
1854 2472 2039 2542 conventus,
2066 2469 2141 2527 tuae

515 2560 585 2645 opis
608 2569 657 2626 est
678 2562 786 2629 levare
809 2572 1014 2632 maerentem.
1062 2587 1212 2651 quorsum
1234 2566 1343 2633 istud?
1363 2567 1502 2650 inquies.
1550 2576 1585 2634 ut
1606 2567 1735 2635 fratrem
1757 2571 1900 2632 nostrum
1922 2565 2140 2632 Florentinum

516 2663 729 2730 clarissimum
751 2673 848 2749 atque
870 2668 1106 2734 ornatissimum
1129 2670 1233 2736 vimm
1256 2670 1505 2755 peregrinationi
1527 2690 1619 2737 meae
1640 2671 1810 2737 cohaerere
1834 2669 1977 2755 patiaris.
2016 2675 2140 2734 tantum
2162 2690 2188 2729 rs

515 2774 601 2852 peto,
627 2776 662 2834 ut
683 2770 723 2834 ab
746 2790 785 2836 eo
806 2771 1025 2857 interpreteris
1046 2772 1181 2858 inpendi
1203 2794 1244 2840 ex
1265 2773 1326 2840 hac
1348 2773 1605 2857 commoratione,
1630 2794 1729 2858 qnam
1746 2773 1825 2839 mibi
1838 2772 1959 2854 tribuit,
1985 2778 2140 2856 quantum

516 2889 556 2935 ox
579 2869 648 2937 eius
671 2874 856 2957 praesentia
876 2876 1049 2961 voluptatis
1072 2877 1253 2944 habuisses.
1301 2879 1384 2944 vale.

1116 3402 1279 3501 LIBER
1310 3403 1536 3502 SEXTVS.

1010 3635 1082 3709 AD
1110 3634 1440 3713 NIOOMAOHOS
1468 3635 1644 3713 FILIOS.

1182 3791 1197 3854 Ι
1228 3790 1333 3856 hieme
1357 3793 1467 3875 394p5.

917 3929 1159 3992 SYMMAOH
1168 3931 1224 3992 VS
1244 3929 1550 3994 NIOOMAGHIS
1574 3894 1730 3993 FILIIS.
2157 3946 2185 3988 ro

602 4096 650 4161 De
673 4097 769 4161 rebus
792 4096 924 4179 liquidis
945 4104 1042 4182 atque
1064 4098 1243 4164 manifestis
1266 4101 1384 4166 rectius
1406 4106 1520 4166 natura
1543 4120 1638 4182 quam
1663 4099 1750 4164 fama
1772 4100 1956 4165 consulitur.
2004 4121 2082 4185 ergo
2106 4102 2141 4166 in

514 4200 603 4266 tenui
625 4200 749 4283 patriae
772 4201 856 4265 victu
880 4202 1051 4285 superioris
1074 4201 1294 4286 prouidentiae
1317 4202 1444 4269 laudem
1466 4202 1599 4269 refotam
1622 4223 1684 4269 non
1707 4224 1747 4270 ex
1770 4223 1824 4269 ore
1847 4203 2060 4269 multitudinis
2083 4206 2140 4271 sed

515 4324 555 4369 ex
577 4303 699 4368 ratione
721 4302 853 4369 humani
874 4304 995 4388 ingenii
1018 4306 1220 4389 colligamus.
1267 4326 1400 4372 necesse
1422 4315 1472 4372 est
1494 4307 1577 4372 enim
1602 4326 1691 4372 seros
1719 4308 1940 4373 aestimatores
1967 4307 2141 4374 beneficio-

475 4411 603 4485 2rum,
641 4426 712 4472 cum
740 4407 915 4473 succedant
943 4408 1113 4492 angustiae
1142 4410 1259 4494 copiis,
1294 4410 1526 4475 dissimulatam
1557 4410 1693 4493 gratiam
1723 4411 1904 4477 conlatione
1931 4412 2061 4477 sentire.
2108 4419 2140 4477 et

515 4510 628 4595 plebes
651 4509 780 4591 quidem
803 4518 912 4577 nostra
935 4532 1108 4596 paucorum
1132 4512 1247 4579 studiis
1270 4513 1406 4580 antehac
1428 4514 1461 4578 in
1490 4513 1596 4579 odium
1626 4515 1705 4579 tanti
1736 4514 1815 4580 civis
1844 4515 1977 4580 subacta
2006 4521 2141 4581 testatur
2158 4531 2186 4573 ιι

517 4614 684 4698 propalam
708 4613 895 4698 paenitendi
916 4616 1157 4695 comestionem
1184 4617 1380 4702 collegamm
1403 4636 1478 4682 vero
1501 4617 1685 4684 posssimus
1707 4618 1859 4702 pervicax
1881 4618 1963 4682 livor
1983 4638 2043 4680 corr
2066 4617 2142 4683 sinit

516 4716 626 4798 latori,
659 4717 745 4802 quod
768 4716 853 4801 cogit
876 4718 992 4784 veritas
1014 4719 1168 4785 iudicare.
1216 4740 1315 4802 quaro
1337 4720 1433 4786 tacito
1455 4720 1647 4786 adficiuntur
1669 4721 1783 4786 rubore
1805 4728 1838 4785 et
1859 4720 2072 4787 convictorum
2096 4722 2141 4787 si-

472 4822 491 4883 3
515 4820 607 4885 miles
629 4821 771 4905 proferre
793 4820 834 4887 de
857 4821 948 4887 vobis
978 4829 1158 4905 nequeunt,
1192 4843 1274 4906 quae
1305 4823 1424 4890 sentire
1454 4829 1620 4908 eoguntur.
1668 4823 1727 4890 sed
1758 4822 1838 4889 haec
1865 4824 1993 4907 longius
2024 4825 2140 4908 exequi

515 4997 946 5019 ffl—T-...-.-..„

601 5098 691 5159 tsyfir
710 5099 768 5161 help
791 5096 833 5159 V2,
853 5115 902 5149 om.
920 5100 987 5148 ΨΜ
1105 5102 1120 5150 3
1140 5106 1257 5150 mertuum
1276 5101 1411 5152 Morumaen
1531 5099 1588 5168 sed]
1606 5105 1715 5162 iarerut;
1733 5116 1782 5151 om.
1798 5101 1872 5149 PVM
1986 5105 2080 5153 litteris
2098 5118 2138 5153 sc·

515 5186 604 5236 cundia
627 5186 671 5248 V¹,
693 5186 810 5236 secundis
828 5187 921 5236 lineos
940 5187 967 5234 M
1070 5188 1085 5237 5
1104 5189 1228 5236 nuntiasti
1246 5187 1434 5252 plurimumque
1452 5203 1503 5237 sors
1521 5190 1656 5250 composlts
1673 5188 1798 5237 conmchlt
1817 5187 1852 5248 Μ,
1873 5191 1984 5249 sequitur
2000 5189 2104 5250 V11,3b

515 5275 600 5323 formis
623 5274 643 5320 V
750 5273 860 5322 residere
882 5274 993 5336 (reddere
1012 5273 1055 5338 W)
1075 5276 1224 5338 plerumque
1242 5277 1292 5324 fors
1311 5276 1432 5339 disposita
1449 5281 1494 5325 etc.
1514 5278 1621 5339 sequitur
1636 5275 1694 5335 VII,
1714 5276 1748 5323 39
1766 5277 1794 5322 io
1813 5275 1839 5333 V,
1858 5288 1915 5334 porr
1932 5276 2028 5336 reliquo
2046 5279 2138 5337 epista-

514 5362 554 5410 lce
571 5359 636 5409 deest
653 5363 680 5408 ia
698 5359 741 5421 1¹¹,
760 5364 815 5422 post
839 5360 894 5421 VII,
915 5363 1086 5411 recollocare
1103 5366 1138 5409 est
1156 5364 1182 5410 in
1207 5359 1242 5407 V²

601 5447 616 5495 9
634 5461 682 5496 om.
704 5445 753 5493 VM
883 5449 945 5498 boor
962 5451 1033 5510 epist.
1054 5451 1117 5497 later
1135 5451 1166 5496 76
1185 5453 1208 5497 et
1225 5451 1257 5497 81
1278 5450 1351 5497 isaer.
1373 5449 1401 5496 M
1534 5448 1565 5497 lo
1584 5444 1729 5512 temporqlis
1747 5447 1769 5494 P
1900 5449 2033 5497 metuisset
2050 5450 2099 5498 ism
2122 5451 2142 5497 V

517 5533 547 5583 16
567 5534 796 5582 commemoratione
818 5535 838 5582 V
918 5590 923 5605 ·

603 5604 1088 5683 reni.v.01plro.ruoiprtrrir.v1.
1127 5621 1156 5668 sd
1176 5621 1285 5669 nichor'u.
1306 5620 1371 5668 filios
1391 5621 1421 5680 P,
1442 5636 1490 5670 om.
1511 5619 1558 5668 Vll
1683 5619 1716 5669 20
1735 5635 1784 5670 orn.
1799 5619 1874 5667 PVM
2000 5618 2030 5668 21
2052 5620 2084 5669 de
2102 5635 2140 5669 re·

514 5706 562 5753 bus
580 5708 608 5752 io
624 5719 673 5755 rar.
694 5704 717 5751 P
836 5702 904 5772 ergo]
922 5720 949 5754 er
970 5705 991 5752 V
1110 5704 1398 5766 scoturninus
1512 5702 1574 5772 uon]
1591 5705 1644 5756 cod.
1666 5704 1766 5766 Pitheci,
1788 5719 1834 5754 om.
1853 5703 1929 5753 Pru
2050 5705 2082 5756 27
2101 5720 2139 5755 ro·

515 5791 571 5839 bore
591 5790 635 5838 Pl
649 5806 684 5840 m.
791 5792 881 5840 slmllls
900 5792 946 5840 Pr
960 5791 1034 5841 m.V
