4736 6478
922 510 1048 568 ,LIBER
1065 510 1132 565 ΗΠ.
1783 514 1844 574 115

222 708 364 787 repetam
388 702 581 787 scriptionis,
624 702 715 766 illam
738 703 834 785 plane
858 699 935 765 mihi
957 720 1021 766 non
1044 720 1116 766 mea
1137 699 1329 783 efflagitatio
1352 699 1411 766 sed
1433 706 1489 764 tua
1510 698 1650 765 adfectio
1664 699 1842 785 pollicetur.
1868 700 1971 763 PVF

222 806 354 889 exigant
377 804 444 871 stili
466 806 579 888 vicem,
605 804 661 890 qui
683 804 783 870 animi
804 826 867 871 non
890 809 1061 870 merentur.

788 1134 858 1208 AD
890 1131 1276 1209 FLORENTINVM.

942 1290 969 1353 L
998 1309 1030 1354 a.
1048 1290 1122 1353 395.

191 1486 204 1522 s
308 1462 372 1527 Diu
396 1482 492 1548 super
513 1463 656 1528 adventu
679 1461 787 1527 fratris
809 1461 1003 1546 postulatum
1026 1482 1047 1525 a
1069 1481 1120 1526 me
1141 1460 1294 1526 indicium
1315 1459 1478 1541 distulisti,
1504 1459 1611 1542 credo,
1637 1468 1672 1526 ut
1685 1480 1742 1526 nos
1758 1461 1847 1526 salu-

222 1567 352 1632 tationis
374 1566 617 1632 bouorificentia
639 1564 850 1651 praeveniret.
891 1583 1031 1648 agnosco
1053 1564 1206 1649 religiosa
1228 1563 1379 1629 conludia
1392 1584 1452 1629 nec
1472 1570 1580 1629 tamen
1595 1565 1685 1646 cedo,
1711 1572 1744 1631 et
1765 1566 1847 1630 ultro

222 1670 254 1735 in
276 1677 439 1736 certamen
463 1669 653 1754 scriptorum
675 1668 881 1734 familiarium
904 1669 991 1733 solus
1015 1669 1094 1734 duos
1116 1688 1225 1733 evoco.
1272 1667 1371 1733 otium
1393 1667 1467 1749 tibi,
1491 1666 1637 1750 inquies,
1670 1669 1753 1734 bano
1775 1669 1847 1735 ofli-

224 1773 342 1837 ciorum
373 1772 523 1838 fiduciam
555 1779 709 1856 praestat.
758 1770 835 1854 quid
864 1770 950 1854 quod
982 1779 1014 1838 te
1046 1771 1152 1855 magis
1185 1776 1378 1855 quaesturae
1411 1770 1512 1835 honor
1545 1777 1578 1837 et
1609 1770 1846 1837 condendarum

223 1876 422 1941 sanctionum
446 1895 522 1940 usus
546 1875 707 1941 excoluit?
740 1896 811 1941 cum
833 1875 890 1941 illo
912 1883 1019 1941 autem
1042 1875 1120 1940 mihi
1143 1875 1289 1960 privatae
1311 1874 1397 1940 vitae
1420 1873 1564 1939 condicio
1586 1875 1761 1966 communis
1784 1884 1844 1941 est.

181 2000 208 2040 ro
226 1986 322 2061 atque
354 1978 474 2044 utinam
497 1978 572 2044 boni
596 1979 749 2065 principis
771 1979 1013 2065 circumspectio
1034 1979 1139 2065 ipsius
1161 1999 1286 2063 quoque
1309 1997 1438 2063 operam
1461 1976 1523 2043 sibi
1546 1977 1703 2045 vindicet!
1740 1978 1847 2044 feren-

224 2083 313 2147 dum!
364 2083 458 2148 ambo
481 2083 650 2149 devotione
673 2083 841 2168 placeatis,
868 2083 897 2149 si
919 2083 1003 2149 cirea
1025 2104 1076 2150 mc
1099 2083 1215 2150 litteris
1237 2083 1332 2147 ambo
1355 2081 1498 2147 cessetis.

935 2360 977 2423 Ll
1009 2380 1040 2425 a.
1060 2362 1134 2424 395.

832 2497 890 2561 ΑΙ)
913 2496 1240 2562 FLORENTINVM..
1871 2497 1973 2560 PVF

307 2669 426 2734 Omnia
464 2675 495 2734 te
533 2668 639 2734 facere
670 2668 713 2734 ad
742 2670 878 2734 salutem
909 2667 1057 2733 Flaviani
1087 2668 1148 2733 viri
1176 2667 1370 2733 ornatissimi
1401 2667 1544 2752 pignoris
1573 2669 1637 2734 mei
1666 2669 1762 2734 rebus
1792 2690 1849 2735 ex-

180 2774 339 2859 reperior.
388 2772 462 2838 hinc
485 2771 563 2838 mihi
586 2792 661 2857 spes
683 2772 782 2837 oritur
811 2778 906 2856 atque
935 2771 1061 2837 animus
1090 2771 1253 2854 adsurgit,
1286 2791 1382 2856 posse
1412 2778 1519 2837 cetera
1548 2772 1617 2838 eius
1646 2772 1849 2839 incommoda

223 2885 254 2943 te
277 2876 402 2942 medico
425 2876 544 2941 sanari.
585 2875 722 2960 adeptus
745 2876 828 2941 enim
853 2875 919 2941 divi
942 2876 1095 2960 principis
1118 2875 1260 2956 lenitate,
1286 2895 1369 2960 quae
1392 2882 1616 2960 magnasunt,
1643 2897 1706 2941 uno
1727 2875 1844 2956 adbuc,

222 2989 256 3046 ut
279 2986 323 3043 ιἰιι
344 2979 492 3060 dixerim,
518 2979 602 3045 nodo
625 2979 789 3046 infortunii
812 2981 1039 3062 strangulatur,
1066 2979 1151 3063 quod
1173 2979 1268 3045 bomo
1291 2980 1397 3045 tenuis
1419 2986 1451 3045 st
1472 2999 1556 3044 nunc
1577 2978 1652 3045 labe
1666 2980 1849 3065 patrimonii

222 3083 363 3168 graviter
385 3082 562 3148 exhaustus
583 3083 710 3166 paterni
733 3082 844 3148 salarii
866 3082 1121 3149 aestimationem
1143 3083 1271 3149 iubetur
1289 3083 1469 3147 exsolvere.
1509 3102 1586 3165 ergo
1608 3102 1667 3168 per
1688 3090 1719 3148 te
1742 3104 1780 3149 ao
1803 3084 1848 3148 tui
1872 3085 1891 3144 2

223 3186 344 3252 similes
373 3184 498 3251 amoliri
529 3186 672 3271 postulat
701 3186 908 3253 inminentem
932 3187 1069 3252 ruinam.
1118 3206 1177 3252 nec
1198 3205 1249 3251 res
1271 3185 1482 3271 inpetratione
1503 3185 1646 3252 difficilis
1668 3195 1727 3253 est.
1774 3207 1849 3252 nam

120 3354 123 3359 .
177 3309 205 3351 ro
224 3289 308 3372 quod
331 3288 493 3374 plerisque
517 3307 575 3354 sua
598 3289 722 3355 invidia
743 3289 964 3355 laborantibus
986 3289 1165 3375 imperialis
1186 3289 1309 3356 remisit
1331 3289 1525 3371 humanitas,
1552 3288 1585 3355 id
1608 3291 1708 3374 patris
1723 3290 1850 3357 nomine

223 3394 416 3479 postulatum
447 3393 545 3458 multo
575 3393 709 3476 aequior
737 3393 833 3459 venia
863 3393 1033 3460 relaxabit.
1080 3393 1225 3478 proficiet
1253 3392 1315 3458 ista
1348 3393 1512 3459 concessio
1545 3394 1642 3459 etiam
1670 3402 1848 3480 temporum

221 3497 355 3580 gloriae,
382 3496 517 3580 siquod
540 3497 705 3563 benefieiis
729 3497 882 3583 principis
905 3496 1027 3579 deerat,
1054 3498 1127 3582 pius
1150 3516 1316 3563 successor
1337 3497 1502 3563 adiecerit.

926 3773 985 3837 LII
1014 3794 1045 3838 a.
1064 3776 1139 3837 395.

834 3911 893 3976 AD
915 3911 1236 3977 FLORENTINVM.
1870 3914 1984 3977 PVM

178 4101 206 4145 rs
315 4084 430 4150 Verbis
451 4104 576 4166 nequeo
589 4083 774 4168 amplecti,
800 4090 878 4165 quot
899 4084 1020 4167 gaudia
1041 4083 1121 4149 mibi
1149 4084 1269 4168 pariter
1289 4084 1359 4150 dies
1381 4105 1464 4150 unus
1486 4085 1654 4151 invexerit.
1701 4085 1850 4168 agnoscis

226 4188 320 4254 oredo
344 4206 487 4267 causam,
514 4186 604 4253 cuius
626 4193 736 4253 auctor
758 4186 857 4252 luisti.
898 4208 972 4253 nam
995 4187 1141 4272 geminas
1163 4187 1295 4252 fratrum
1312 4188 1523 4253 communium
1547 4188 1671 4253 litteras
1689 4189 1723 4253 in
1739 4208 1850 4254 cumu-

222 4292 287 4356 lum
312 4290 429 4355 extulit
450 4290 563 4355 tertius
585 4290 685 4355 honor
707 4290 895 4374 scriptorum
918 4297 1054 4356 tuorum.
1095 4289 1203 4373 itaque
1227 4297 1261 4356 ut
1282 4311 1386 4357 rerum
1409 4292 1561 4356 bonarum
1579 4290 1721 4356 difficilis
1735 4291 1850 4356 electio

222 4401 280 4473 est,
306 4394 473 4479 paulisper
494 4393 604 4475 haesi,
637 4415 730 4477 quum
753 4393 887 4478 primam
911 4394 1063 4479 paginam
1086 4413 1302 4475 recenserem;
1336 4402 1459 4460 tantum
1488 4395 1574 4479 apud
1598 4415 1648 4460 me
1671 4401 1740 4460 erat
1761 4393 1848 4460 desi-

222 4498 345 4564 derium
368 4497 580 4579 singularum.
627 4517 700 4561 mox
722 4517 833 4563 omnes
863 4485 977 4581 arguto
999 4498 1130 4582 legendi
1153 4498 1288 4564 transitu
1316 4497 1514 4583 percucurri,
1547 4519 1587 4563 ne
1617 4497 1847 4583 inspectionem
1871 4499 1890 4560 2

178 4618 205 4661 ao
223 4599 393 4667 residentis
415 4619 564 4665 morarer.
605 4621 666 4667 nec
688 4601 788 4667 semel
812 4602 933 4685 legisse
957 4601 1093 4683 suffecit,
1120 4610 1154 4666 ut
1176 4601 1204 4667 si
1226 4601 1303 4685 quid
1325 4601 1465 4668 aviditas
1486 4602 1591 4686 prima
1604 4602 1843 4687 perstrinxerat,

221 4704 396 4771 inculcaret
415 4704 553 4770 iteratio.
600 4713 670 4770 erat
696 4705 730 4769 in
761 4705 870 4770 verbis
899 4705 1147 4789 uniuscuiusque
1175 4706 1285 4772 varius
1308 4705 1519 4771 elocutionum
1543 4705 1652 4788 lepos,
1685 4725 1747 4787 quo
1778 4705 1847 4770 solo

308 4996 320 5046 l
340 4999 515 5060 rescriptionis
533 5004 617 5061 petam
636 5000 659 5047 P
758 5000 903 5061 altsffltrtlo
921 4998 944 5046 P
1046 5001 1144 5050 allectio
1163 5000 1259 5051 le.
1279 5000 1300 5048 V

307 5082 429 5146 lexprrt
445 5085 476 5133 ad
495 5086 647 5134 minutulum
665 5099 701 5134 xv
718 5083 761 5135 lnt':
779 5086 809 5135 ml
828 5087 991 5135 tloreutiuum
1010 5086 1039 5147 P,
1060 5100 1108 5136 om.
1131 5085 1203 5134 VMP
1338 5086 1494 5135 bludlelum
1517 5087 1537 5134 V
1672 5086 1689 5135 6
1708 5086 1780 5135 oredo
1800 5081 1860 5145 (Fr

223 5168 235 5215 l
255 5171 348 5219 aduoco
367 5171 390 5217 P
500 5170 516 5220 8
534 5171 626 5221 bonore
648 5172 670 5219 V
780 5174 943 5221 eonccdurum
963 5172 986 5218 P
1099 5172 1129 5222 to
1147 5173 1198 5222 sibi
1215 5187 1264 5224 om.
1284 5174 1304 5221 V
1414 5169 1558 5239 ferendum]
1577 5170 1741 5233 1²1me
1763 5174 1846 5221 tereu-

223 5256 278 5305 ‹lam
303 5255 381 5318 Vm,
402 5258 503 5307 terenda
522 5256 618 5308 Pam.
727 5257 755 5307 ll
777 5260 878 5308 oeneus
896 5258 946 5306 MP

309 5360 340 5410 13
358 5375 407 5411 om.
425 5361 468 5410 VP
598 5361 629 5411 16
647 5361 729 5411 medlo
749 5361 771 5410 P
890 5364 980 5425 adeptu
998 5363 1021 5410 P
1139 5376 1229 5423 magna
1247 5369 1287 5437 ert
1304 5364 1327 5411 F
1457 5362 1487 5412 17
1507 5368 1537 5410 ut
1553 5358 1600 5428 ita]
1618 5359 1699 5424 tls),
1719 5368 1749 5410 ut
1767 5362 1814 5410 PV

223 5465 354 5513 iulortunll
371 5466 442 5544 modo
455 5465 478 5512 F
581 5465 612 5517 18
629 5438 796 5528 quofucroP
899 5463 930 5515 19
948 5463 1070 5532 postulet]
1093 5467 1139 5527 VF,
1160 5468 1274 5529 portabat
1293 5466 1339 5515 Pl
1354 5482 1399 5527 rra,
1420 5468 1535 5529 portabat
1553 5465 1648 5514 Pam.
1754 5464 1784 5513 21
1805 5480 1845 5514 re·

223 5548 316 5598 laxauit
335 5550 406 5599 PVP
506 5551 539 5600 22
557 5554 580 5602 sl
597 5567 645 5603 om.
662 5553 707 5603 Pl
721 5570 756 5604 m.
862 5553 923 5615 qnlrl
945 5552 988 5600 VP

307 5651 340 5701 24
358 5668 408 5704 om.
433 5655 481 5704 VM
619 5655 651 5706 25
669 5658 734 5721 quod
756 5657 807 5705 ΡΙ
828 5673 863 5706 m.
1004 5655 1036 5705 27
1056 5662 1085 5705 ut
1102 5671 1185 5705 rerum
1204 5662 1304 5705 tuarum
1322 5659 1441 5705 bonarum
1464 5656 1490 5717 V,
1516 5662 1545 5704 ut
1562 5658 1682 5704 bonorum
1701 5660 1800 5727 tuorum
1820 5654 1848 5702 Μ

224 5735 255 5785 28
273 5739 341 5788 haesi
359 5738 447 5809 qnam]
466 5741 565 5806 Mereor,
586 5744 632 5793 heo
650 5745 672 5793 sl
690 5759 747 5793 cum
765 5743 794 5807 P,
815 5744 870 5792 lresl
888 5757 946 5792 cnm
969 5742 1016 5790 VM
1130 5742 1162 5791 29
1181 5740 1307 5805 ρθουοιιπὶ
1330 5743 1351 5790 V
1464 5742 1497 5791 30
1515 5743 1610 5792 sufficit
1634 5741 1655 5789 V
1768 5742 1846 5791 eudi-

223 5832 259 5873 tas
277 5826 321 5874 Pl
336 5840 371 5875 m.
478 5831 676 5891 praestrinxerat
695 5830 819 5890 Kteerlr'np
924 5828 953 5877 31
975 5843 1038 5892 quoq
1056 5829 1080 5876 P

1584 5930 1638 5981 15·
