4686 6472
446 475 478 537 X
986 475 1036 531 DE
1054 473 1250 531 SYuuncm
1268 472 1533 530 ORATIONIBVS.

448 704 498 764 est
517 699 578 782 (V),
604 697 725 763 maiore
747 719 788 764 er
811 705 903 783 parte
925 698 959 764 16
982 699 1085 784 patris
1106 698 1259 764 laudibus
1282 704 1439 763 versatur.
1480 704 1573 763 sexta
1594 697 1705 763 habita
1726 703 1776 763 est
1791 717 1847 782 pro
1862 697 1931 763 viro
1947 697 2083 781 amplis-

449 818 539 883 simis
555 818 621 883 iam
636 818 809 883 honoribus
824 819 1001 903 perfuncto,
1028 819 1166 905 septima
1180 838 1237 903 pro
1252 818 1319 883 11116
1335 817 1451 882 summi
1466 826 1498 883 et
1513 817 1759 903 locupletissimi
1774 818 1944 897 senatoris,
1971 824 2084 883 octava

449 959 506 1023 pro
521 937 650 1004 homine
665 946 730 1003 tam
746 938 844 1023 inopi,
868 945 904 1005 ut
918 959 958 1005 ea
974 938 1015 1004 de
1031 959 1130 1004 causa
1145 937 1340 1004 senatoriam
1356 937 1547 1021 dignitatem
1563 938 1736 1004 amisisset.
1779 958 1851 1003 cum
1867 938 2081 1021 Symmachus

448 1078 623 1140 numquam
647 1058 680 1123 iu
703 1058 771 1124 loro
793 1066 940 1125 versatus
956 1059 1072 1125 617666
1087 1058 1205 1125 dixerit
1220 1058 1281 1124 nisi
1297 1059 1384 1143 apud
1399 1059 1607 1144 imperatores
1623 1058 1727 1123 66716
1743 1065 1869 1140 666676,
1898 1057 1938 1123 de
1953 1058 2081 1124 homine

450 1177 618 1261 dignitatis
640 1178 772 1243 minoris
793 1201 891 1263 agere
919 1180 974 1245 vix
1002 1178 1118 1265 potuit.
1164 1180 1246 1246 haec
1273 1179 1373 1262 igitur
1401 1179 1435 1244 in
1466 1179 1555 1245 calce
1581 1179 1680 1244 totius
1710 1177 1851 1263 corporis
1881 1178 1987 1264 posita
2008 1179 2079 1261 luit,

451 1319 512 1365 nec
536 1299 603 1364 ulla
625 1300 725 1364 oratio
747 1306 815 1365 tota
835 1300 1039 1366 intercidisse
1061 1301 1199 1383 videtur,
1225 1320 1308 1382 quae
1331 1299 1461 1382 quidem
1483 1299 1518 1364 16
1540 1298 1600 1364 hoc
1623 1299 1787 1365 volumine
1809 1306 1889 1381 erat,
1915 1299 1979 1364 uisi
2002 1299 2082 1364 forte

449 1419 532 1485 inter
553 1420 698 1503 quintam
722 1427 754 1485 67
775 1428 912 1486 sentam.
960 1429 994 1486 at
1015 1441 1091 1486 vero
1114 1441 1218 1485 sermo
1242 1419 1462 1504 apologeticus
1486 1419 1681 1503 Symmachi,
1709 1419 1764 1501 qni
1787 1419 1882 1485 simul
1905 1420 2081 1505 panegyri-

449 1560 506 1605 eus
528 1539 561 1604 iu
576 1539 794 1606 Theodosium
811 1549 890 1622 erat,
917 1549 949 1607 et
970 1541 1146 1624 gratiarum
1169 1541 1253 1605 aetio
1276 1561 1333 1625 pro
1356 1540 1523 1606 consulatu
1543 1546 1675 1624 accepto
1698 1537 1874 1604 secundum
1898 1561 1971 1605 eum
1995 1541 2081 1606 ordi-

448 1679 540 1740 nem,
567 1682 662 1743 quem
686 1661 803 1743 ubique
826 1662 1031 1727 observatum
1054 1660 1212 1743 vidimus,
1237 1660 1321 1726 inter
1343 1660 1560 1725 laudationem
1583 1660 1615 1724 iu
1639 1659 1829 1725 Gratianum
1857 1661 1926 1743 (111)
1955 1667 1987 1726 et
2010 1681 2082 1725 ora-

448 1782 565 1846 tionem
596 1801 653 1865 pro
682 1788 773 1866 patre
801 1783 884 1866 (111),
920 1801 1003 1864 6666
1033 1780 1125 1847 6616
1147 1781 1256 1847 codice
1278 1787 1386 1846 nostro
1409 1782 1500 1846 nulla
1522 1781 1639 1846 lacuna
1661 1780 1879 1846 intercedente
1903 1781 2077 1865 excipiunt,

449 1901 599 1966 collocari
628 1901 817 1967 debuerunt.
865 1901 1090 1983 desiderantur
1117 1902 1216 1986 igitur
1244 1922 1306 1967 non
1330 1902 1432 1966 solum
1455 1901 1489 1967 in
1512 1901 1656 1985 reliquiis
1678 1900 1811 1982 nostris,
1847 1900 2025 1966 sedetiam
2049 1902 2082 1965 iu

449 2021 557 2086 codice
586 2021 712 2105 integro
742 2021 885 2088 deerant.
932 2044 997 2106 qua
1025 2043 1066 2088 ex
1096 2043 1130 2087 re
1153 2021 1301 2088 concludi
1325 2029 1446 2106 potest,
1480 2041 1594 2107 corpus
1617 2022 1811 2102 orationum,
1845 2021 1936 2086 cuius
1958 2028 2080 2106 partem

449 2140 518 2207 lere
541 2142 667 2206 tertiam
689 2150 853 2222 tenemus,
888 2143 1096 2228 compositum
1120 2150 1152 2208 et
1174 2143 1296 2209 editum
1319 2162 1411 2223 esse,
1437 2149 1611 2225 antequam
1633 2143 1711 2207 illae
1734 2142 1863 2207 habitae
1886 2141 1967 2222 sint,
2001 2141 2023 2206 i.
2049 2162 2079 2206 e.

449 2269 524 2326 ante
547 2282 578 2327 a.
605 2265 679 2327 389.

537 2400 586 2465 Ex
608 2400 822 2482 orationibus,
856 2421 938 2482 qnae
961 2407 1150 2486 supersunt,
1184 2400 1287 2486 prima
1317 2408 1350 2467 67
1379 2400 1475 2467 tertia
1497 2399 1649 2466 recitatae
1677 2390 1751 2465 6667
1772 2420 1804 2464 6.
1830 2402 1907 2480 369,
1939 2398 2083 2465 secunda

449 2540 480 2584 a.
509 2522 581 2602 376,
608 2528 722 2602 666676
745 2528 778 2586 67
798 2520 911 2603 661676
932 2542 963 2586 6.
990 2525 1062 2603 376,
1097 2521 1295 2587 6667616766
1317 2540 1418 2586 annos
1442 2523 1504 2584 376
1527 2526 1560 2585 67
1583 2523 1656 2603 378,
1690 2520 1827 2605 septima
1849 2527 1924 2585 ante
1946 2539 1978 2586 a.
2005 2522 2076 2600 388,

454 2647 569 2705 octava
592 2641 715 2706 nullum
738 2642 890 2725 temporis
913 2641 1064 2707 indicium
1088 2641 1240 2726 praefert.
1288 2662 1399 2707 omnes
1414 2641 1571 2706 eiusmodi
1594 2649 1676 2721 sunt,
1704 2648 1739 2704 ut
1761 2648 1835 2705 ante
1858 2660 1889 2705 a.
1909 2644 1969 2705 377
1994 2661 2081 2705 com-

451 2759 576 2843 positae
599 2781 672 2827 esse
694 2769 751 2827 aut
773 2762 913 2828 debeant
935 2769 1098 2827 66766676
1122 2762 1256 2846 possint.
1303 2782 1387 2827 anno
1409 2768 1516 2827 autem
1534 2765 1596 2825 376
1612 2761 1827 2846 Symmachus
1845 2761 1930 2845 ipse,
1958 2780 2081 2826 summo

449 2879 567 2945 civium
590 2882 725 2965 plausu,
758 2903 822 2966 quo
844 2882 946 2949 oratio
968 2902 1026 2966 pro
1048 2882 1202 2967 Trygetio
1225 2888 1361 2968 excepta
1383 2882 1438 2963 sit,
1473 2902 1509 2948 se
1532 2882 1576 2947 ad
1598 2881 1773 2948 editionem
1796 2883 1866 2947 eius
1888 2887 2077 2947 commotum

449 3020 521 3067 esse
544 3001 632 3085 dicit,
659 3001 858 3085 eandemque
882 3023 1013 3069 causam
1036 3003 1137 3069 luisse
1159 3003 1347 3089 putaverim,
1374 3022 1439 3086 qua
1453 3002 1611 3068 adductus
1636 3023 1756 3085 omnes,
1784 3022 1864 3085 quas
1880 3008 1955 3067 ante
1978 3002 2082 3066 habu-

451 3129 522 3187 erat
543 3124 681 3206 paulove
703 3130 775 3208 post
797 3124 920 3206 habuit,
947 3124 980 3188 in
1003 3143 1116 3208 corpus
1131 3123 1215 3189 illud
1231 3124 1394 3207 collectas,
1421 3123 1513 3188 cuius
1529 3122 1685 3205 reliquiae
1707 3122 1800 3188 nobis
1823 3129 1970 3188 servatae
1993 3129 2078 3203 6667,

451 3242 485 3306 16
507 3243 672 3327 publicum
695 3244 862 3328 emisit²⁵l.
909 3265 983 3310 nam
1006 3264 1047 3309 ne
1070 3262 1246 3325 sumamus,
1273 3243 1409 3327 optimas
1425 3251 1458 3309 67
1476 3243 1687 3326 gravissimas
1709 3264 1783 3309 eum
1806 3242 1958 3326 elegisse,
1984 3262 2080 3326 argu-

450 3370 557 3428 mento
580 3364 659 3428 satis
682 3364 767 3430 futili
790 3385 1009 3450 supremarum
1033 3364 1128 3430 trium
1151 3371 1309 3429 vetamur.

535 3500 602 3565 Iam
625 3500 726 3585 igitur
747 3510 881 3583 constat,
909 3501 1137 3586 Symmachum
1153 3501 1314 3567 orationes
1329 3522 1392 3567 non
1408 3501 1600 3567 monobiblis
1616 3503 1719 3567 solum
1735 3488 1847 3567 ainicis
1862 3501 2074 3581 distribuisse,

450 3619 629 3687 sedetiam
653 3622 748 3687 certis
770 3624 966 3708 temporibus
989 3621 1146 3689 editiones
1172 3621 1368 3705 instituisse,
1401 3623 1517 3706 quibus
1546 3642 1672 3705 omnes,
1705 3642 1785 3707 quas
1814 3629 1881 3689 tum
1911 3643 2081 3707 composu-

450 3749 529 3821 erat,
556 3741 590 3806 in
613 3763 711 3807 unum
733 3743 972 3827 colligerentur.
1020 3751 1053 3810 67
1076 3743 1210 3828 primam
1233 3744 1324 3809 illam
1340 3743 1381 3807 ab
1397 3749 1527 3809 auctore
1549 3743 1667 3809 iuvene
1686 3750 1827 3809 curatam
1850 3745 1960 3829 procul
1983 3743 2080 3809 dubio

449 3861 534 3927 61166
557 3862 716 3928 auctiores
740 3870 870 3929 secutae
893 3871 977 3947 sunt,
1003 3884 1137 3947 quarum
1158 3884 1254 3928 unam
1271 3862 1476 3929 Cassiodorio
1492 3863 1637 3929 Senatori
1654 3870 1783 3949 praesto
1798 3863 1909 3946 fuisse,
1937 3885 1977 3930 ex
1993 3864 2082 3947 frag-

449 3989 556 4048 mento
579 4003 676 4068 snpra
698 3984 799 4048 allato
821 3983 996 4049 verisimile
1020 3990 1079 4048 est.
1126 4003 1231 4065 neque
1255 4003 1311 4049 eas
1327 3982 1498 4065 orationes,
1523 4004 1607 4066 quae
1621 3984 1688 4048 iam
1702 3984 1735 4049 in
1759 3984 1862 4069 prima
1884 3984 2076 4070 prodierant,

449 4078 584 4188 scriptor
606 4123 732 4169 summa
754 4125 825 4170 cum
848 4104 1011 4169 anxietate
1034 4103 1100 4169 stili
1116 4104 1263 4188 argutias
1278 4110 1413 4189 captans
1428 4104 1499 4170 sine
1515 4104 1583 4169 ulla
1598 4105 1793 4171 correctione
1808 4105 1948 4171 librariis
1965 4105 2079 4170 iterum

449 4224 679 4290 describendas
700 4224 845 4307 tradidit,
871 4224 929 4291 sed
951 4225 1066 4310 partim
1090 4223 1268 4290 sententias
1291 4225 1445 4310 expolivit
1469 4232 1501 4290 et
1523 4225 1668 4308 mutavit,
1694 4225 1809 4310 partim
1832 4247 1934 4292 novas
1949 4225 2078 4292 adiecit.

452 4347 544 4411 cuius
566 4345 613 4411 rei
636 4345 892 4430 locupletissima
913 4352 1105 4429 argumenta
1125 4345 1160 4410 in
1183 4344 1359 4429 exemplari
1382 4345 1475 4411 nobis
1497 4351 1624 4411 servato
1646 4354 1828 4431 supersunt.

538 4483 692 4568 Legimus
715 4503 747 4566 p.
773 4484 846 4562 320,
874 4486 931 4564 35,
957 4483 1012 4548 ubi
1036 4481 1076 4547 de
1099 4483 1253 4548 militibus
1275 4483 1393 4567 agitur,
1420 4504 1553 4566 quorum
1576 4484 1730 4567 suffragio
1752 4484 1999 4550 Valentinianus
2022 4483 2083 4548 im-

449 4611 577 4688 perator
597 4604 720 4669 electus
742 4610 820 4683 orat,
848 4607 953 4666 merito
969 4624 1181 4687 6666666666
1203 4609 1341 4668 certatim
1356 4608 1387 4667 in
1404 4605 1541 4667 6676116776
1561 4614 1683 4686 parent,
1710 4605 1836 4667 h'bcntcr
1858 4605 2080 4686 obtenrperont,·

449 4728 645 4808 nequeenim
668 4733 785 4788 tontum
808 4727 934 4806 imperio
957 4734 1021 4805 766,
1056 4726 1110 4787 sed
1132 4728 1223 4788 etiam
1245 4726 1357 4788 tradicio
1380 4746 1435 4787 ano
1458 4727 1601 4789 militant.
1648 4724 1747 4789 verba
1769 4728 1906 4787 certatim
1929 4728 1961 4786 io
1984 4725 2082 4786 omni-

450 4847 506 4909 hus
528 4856 639 4928 parent
660 4851 694 4911 ct
715 4846 842 4908 libenter
864 4845 1068 4928 obtemperant
1097 4845 1195 4928 plane
1217 4844 1303 4910 idem
1327 4844 1436 4910 dicunt
1458 4865 1562 4928 neque
1592 4843 1738 4928 gradaho
1760 4844 1871 4928 aliqua
1891 4844 1925 4909 16
1948 4844 2009 4908 hac
2031 4863 2084 4908 66-

449 4965 602 5051 petitione
618 4964 881 5050 deprehenditur,
900 4965 1087 5049 quinimmo
1104 4985 1153 5048 ea,
1172 4986 1255 5048 quae
1271 4973 1456 5050 sequuntur,
1483 4965 1583 5030 multo
1599 4964 1805 5048 languidiora
1820 4965 1979 5049 prioribus
1995 4970 2079 5029 6667.

449 5087 511 5151 hac
540 5086 638 5169 igitur
666 5086 789 5152 ratione
816 5086 1045 5170 Symmachum
1075 5085 1262 5170 scripsisse,
1295 5084 1483 5169 persuaderi
1513 5085 1591 5150 mihi
1621 5106 1762 5168 nequeo,
1795 5106 1855 5151 666
1884 5086 1925 5151 (16
1955 5085 2081 5168 glosse-

450 5214 535 5273 mate
558 5206 691 5291 cogitari
714 5213 829 5291 potest,
854 5206 931 5291 quia
945 5206 1052 5270 omnia
1074 5213 1138 5271 tam
1162 5205 1257 5270 facile
1280 5205 1519 5287 intelleguntur,
1547 5213 1644 5270 utne
1667 5207 1766 5271 166766
1785 5206 1915 5289 quidem
1939 5205 2077 5269 maxime

535 5520 577 5582 25)
599 5522 779 5583 Inscriptlones
796 5522 936 5568 orationum
955 5522 1051 5583 primae
1069 5528 1095 5569 67
1113 5504 1251 5568 secundae:
1273 5518 1387 5568 16666776
1405 5522 1432 5569 in
1450 5520 1652 5569 Valentinianum
1670 5524 1820 5569 seniorem
1832 5522 1973 5581 Angustum
1993 5519 2083 5567 editio·

450 5622 508 5656 nem
521 5622 607 5656 aarum
625 5614 680 5655 tuns
697 5609 786 5655 1667666
804 5621 860 5656 6666
878 5607 1048 5654 demonstrare
1067 5607 1196 5664 ridentur,
1217 5620 1274 5653 oum
1292 5608 1341 5654 1667
1353 5607 1547 5655 Valentinianus
1560 5609 1641 5655 minor
1659 5608 1794 5669 imperium
1812 5613 1941 5669 acceperat
1961 5608 1992 5668 (6.
2009 5605 2080 5667 ³751.

449 5695 493 5742 sed
516 5694 576 5741 huic
599 5698 746 5753 argumento
769 5707 880 5752 magnam
906 5695 956 5740 vim
979 5693 1034 5740 ideo
1058 5707 1107 5740 non
1126 5694 1223 5751 tribuo,
1250 5694 1309 5753 qula
1327 5694 1506 5755 inscriptiones
1524 5710 1538 5740 a
1556 5695 1662 5742 librariis
1680 5707 1779 5755 quoque
1798 5695 1917 5754 temporis
1935 5693 2081 5753 posterioris

448 5781 595 5827 immutatae
613 5792 670 5826 6666
687 5785 802 5839 possunt.
