4736 6478
502 505 563 565 102
1100 500 1295 557 SYMMAOHI
1314 498 1526 556 EPISTVLAE

448 692 482 754 Ρ
499 691 631 774 fastigio
653 692 808 757 honorum
831 691 901 757 iure
924 691 1116 778 conspicuus
1138 693 1315 777 praetorios
1342 711 1468 775 quoque
1497 689 1628 756 instruis
1658 695 1854 775 apparatus?
1897 690 2020 774 cogitas
2042 689 2130 754 enim

461 797 480 856 2
504 796 619 860 ceteris
642 795 764 861 saeculi
786 796 879 861 bonis
902 798 1000 861 etiam
1023 795 1220 880 privatorum
1242 796 1352 860 munia
1375 794 1493 860 debere
1516 813 1701 878 congruere.
1748 792 1858 877 itaque
1880 793 1912 858 d.
1931 814 1964 857 n.
1989 791 2131 857 Honorio

502 896 633 963 divinae
655 898 764 982 stirpis
786 898 932 982 Augusto
947 899 1188 965 'benefaciendi
1218 918 1346 983 semper
1375 897 1472 963 addis
1502 898 1640 963 calorem
1670 896 1830 980 docesque
1859 896 2014 962 invictum
2043 896 2135 981 prin-

502 999 607 1085 cipem
630 1000 823 1066 senatoriam
846 1002 1099 1068 mediocritatem
1128 1001 1313 1068 muneribus
1340 1001 1485 1066 incitare.
1533 1000 1584 1067 cui
1614 1021 1671 1085 pro
1698 1020 1749 1065 me
1778 1019 1875 1082 agere
1898 998 2020 1082 gratim
2043 997 2134 1063 solus

502 1103 642 1168 omnium
665 1111 767 1188 potes,
792 1104 849 1188 qni
871 1105 951 1169 tanti
974 1106 1122 1171 beneficii
1144 1112 1255 1171 auctor
1277 1104 1376 1170 fuisti.
1418 1124 1479 1186 ego
1500 1105 1534 1168 in
1556 1103 1615 1168 tilii
1637 1103 1700 1169 mei
1724 1102 1864 1169 editione
1879 1101 2032 1183 testabor,
2058 1121 2134 1167 curn
2157 1122 2172 1161 a

501 1206 678 1271 Romanam
702 1227 834 1273 caveam
857 1208 1081 1292 leopardorum
1112 1228 1224 1274 cursus
1251 1206 1447 1292 impleverit,
1482 1207 1531 1272 eui
1562 1206 1675 1272 iustior
1700 1207 1834 1291 plausus
1856 1214 1889 1271 et
1911 1206 1997 1270 laeta
2019 1223 2134 1269 vocum

464 1312 482 1369 3
506 1310 662 1394 suffragio
684 1311 872 1377 debeantur.
920 1311 1048 1395 longius
1071 1332 1256 1396 pergerem,
1288 1310 1350 1376 nisi
1374 1318 1449 1376 tuus
1470 1309 1588 1375 nobilis
1610 1310 1715 1394 pudor
1743 1330 1802 1394 par
1824 1308 1995 1374 virtutibus
2017 1308 2135 1373 ceteris

504 1413 612 1478 laudis
635 1434 732 1479 onera
754 1414 882 1480 vitaret.
928 1434 982 1479 ero
1013 1414 1111 1497 igitur
1141 1415 1308 1480 verborum
1338 1413 1500 1494 modicus,
1532 1411 1608 1477 dum
1639 1411 1796 1496 singulari
1822 1410 2035 1478 verecundiae
2058 1416 2135 1476 tuae

505 1516 681 1599 obsequor,
714 1516 772 1583 sed
795 1518 961 1602 praecelsa
984 1517 1163 1582 sublimitas
1186 1525 1242 1581 tua
1264 1523 1373 1582 teneat
1394 1515 1578 1597 delinitum,
1612 1535 1715 1581 meam
1740 1514 1895 1597 gratiam,
1930 1533 2014 1598 quae
2036 1533 2136 1599 parea

506 1619 666 1685 sermonis
688 1627 747 1701 est,
773 1621 806 1685 in
829 1621 935 1684 animo
958 1619 1149 1685 redundare.
2037 1633 2040 1641 '
2158 1637 2189 1676 ιο

1196 1894 1278 1958 XIII
1307 1913 1338 1959 a.
1357 1896 1444 1958 402?

1125 2030 1184 2096 AD
1208 2030 1510 2098 sulnchounM.

592 2204 643 2270 Ad
666 2204 802 2290 patriam
825 2203 948 2269 redisse
970 2223 1021 2268 me
1044 2203 1155 2268 nuntio
1178 2201 1315 2267 necdum
1339 2209 1503 2286 conpotem
1527 2202 1686 2267 sanitatis.
1735 2201 1793 2267 sed
1824 2202 1850 2267 si
1880 2209 1955 2267 tuus
1977 2201 2137 2267 adventus

505 2308 666 2390 adriserit,
692 2328 785 2392 spero
806 2308 840 2372 in
862 2306 998 2391 gratiam
1022 2326 1146 2371 mecum
1169 2306 1286 2372 bonam
1308 2305 1526 2371 valetudinem
1550 2326 1623 2370 mox
1646 2325 1717 2370 esse
1739 2305 1924 2370 redituram.

1265 2582 1375 2647 XHH'
1470 2645 1479 2675 ι

1126 2720 1186 2785 no
1209 2719 1512 2787 snrnrononnn.

594 2892 675 2959 (lum
698 2892 782 2959 filios
804 2899 930 2958 nostros
951 2891 1052 2976 iugali
1075 2891 1206 2958 foedere
1228 2891 1351 2957 sociare
1374 2891 1543 2972 vellemus,
1569 2890 1705 2976 primam
1728 2910 1826 2974 super
1847 2890 1908 2957 hoo
1929 2889 2140 2973 magnificen-

507 2996 586 3063 tiam
608 3002 697 3062 tuam
720 2996 887 3062 meditatio
910 3002 1019 3062 nostra
1048 2995 1225 3077 consuluit,
1260 3001 1295 3059 ut
1324 2993 1429 3079 coepti
1456 2993 1561 3059 felicis
1589 2993 1767 3079 auspicium
1798 3014 1819 3058 a
1847 3001 1981 3079 parente
2009 2993 2139 3079 publico

508 3105 697 3164 sumeretur.
739 3100 887 3164 effectum
910 3099 1109 3184 nuptialibus
1132 3097 1216 3163 votis
1238 3098 1319 3164 deus
1341 3096 1511 3183 praestitit.
1552 3116 1637 3161 nunc
1659 3096 1760 3162 honor
1781 3096 1944 3182 sportulae
1959 3096 2140 3181 suscipien-
2221 3116 2225 3127 ·

510 3201 571 3267 dae
601 3200 733 3266 culmini
764 3206 819 3267 tuo
850 3209 883 3268 et
911 3222 998 3268 more
1027 3209 1060 3268 et
1088 3221 1198 3267 amore
1226 3200 1401 3266 solvendus
1431 3207 1492 3267 est.
1538 3218 1735 3283 quaesumus
1768 3199 1952 3286 recipiendo
1985 3199 2139 3283 obsequio
2160 3218 2192 3261 ao

509 3325 639 3371 manum
662 3311 759 3386 atque
781 3304 924 3371 animum
946 3305 1106 3388 benignus
1128 3304 1315 3370 admoveas.
1362 3304 1446 3370 hune
1476 3303 1561 3369 enim
1590 3302 1734 3369 laetitiae
1763 3303 1871 3368 adhue
1899 3302 2024 3388 apicem
2053 3302 2139 3368 festa

509 3415 619 3474 nostra
641 3407 844 3489 desiderant,
871 3416 906 3473 ut
927 3408 966 3491 is,
993 3408 1047 3491 qui
1068 3407 1162 3474 nobis
1184 3414 1295 3473 auctor
1317 3416 1392 3473 ante
1415 3427 1526 3473 omnes
1548 3426 1621 3473 esse
1643 3406 1798 3490 dignatus
1819 3426 1855 3472 es
1876 3405 2059 3488 iungendae
2081 3426 2141 3491 per

508 3510 592 3577 tilios
613 3511 874 3594 necessitudinis,
900 3531 1004 3594 aeque
1027 3529 1159 3578 maneas
1181 3510 1385 3596 adprobator.

1121 3821 1192 3895 AD
1228 3819 1526 3927 BAVTONEM.

1211 3974 1272 4038 XV
1305 3994 1335 4040 a.
1356 3977 1429 4040 385.
2159 3994 2191 4036 aa

596 4148 668 4212 Non
691 4147 778 4213 cadit
800 4147 833 4212 in
856 4151 888 4211 te
911 4147 974 4212 ista
997 4146 1147 4230 suspicio,
1174 4153 1209 4210 ιιι
1231 4147 1374 4211 consulto
1396 4144 1558 4211 amicitiae
1579 4145 1757 4228 neglegens
1779 4144 1882 4211 luisse
1897 4146 2050 4212 credaris.
2090 4154 2141 4212 est

509 4251 569 4317 tibi
591 4252 718 4317 animus
741 4258 839 4317 tenax
861 4249 956 4332 fidei,
989 4256 1022 4314 et
1044 4248 1133 4314 utin
1155 4248 1349 4334 recipiendis
1371 4247 1645 4314 familiaritatibus
1668 4248 1900 4333 circumspecta
1922 4250 2067 4329 cautela,
2094 4250 2140 4315 ita

510 4354 545 4419 in
567 4352 742 4420 retinendis
765 4353 856 4419 firma
878 4352 1068 4419 constantia.
1116 4359 1311 4438 quapropter
1332 4374 1392 4418 nec
1414 4359 1489 4417 ante
1511 4346 1660 4437 opinatus
1683 4371 1770 4431 sum,
1797 4357 1981 4437 exemptum
2004 4373 2055 4418 me
2078 4374 2141 4418 nu-

511 4478 599 4523 mero
622 4463 808 4537 ceterorum,
834 4456 951 4539 quibus
974 4456 1130 4541 principio
1153 4456 1229 4521 anni
1251 4475 1367 4521 munus
1382 4457 1553 4522 consulare
1568 4454 1718 4538 tribuisti,
1744 4462 1777 4520 et
1790 4475 1874 4522 nunc
1889 4456 2029 4541 ampIIus
2044 4476 2140 4539 quam

512 4559 646 4643 reliquis
668 4558 746 4624 mibi
770 4558 863 4625 credo
887 4559 1040 4624 delatum.
1088 4580 1164 4624 nam
1187 4559 1272 4642 quod
1303 4558 1370 4623 illis
1400 4559 1562 4642 generalis
1592 4557 1713 4624 oblatio
1736 4558 1840 4638 dedit,
1875 4558 1967 4624 nobis
1990 4558 2141 4644 specialis
2162 4580 2193 4622 ao

471 4662 490 4721 2
514 4682 591 4728 cura
611 4661 760 4729 restitnit.
808 4682 872 4745 qna
893 4662 927 4729 in
949 4682 983 4728 re
1006 4662 1058 4727 his
1080 4682 1205 4745 quoqne
1228 4681 1415 4728 suscensere
1444 4683 1507 4727 non
1537 4662 1658 4742 debeo,
1690 4662 1745 4746 qui
1773 4683 1823 4728 me
1853 4670 1996 4728 exortem
2025 4661 2141 4747 prioris

512 4765 771 4832 honorificentiae
795 4784 868 4832 esse
890 4766 1070 4831 voluerunt.
1112 4766 1323 4849 nequeenim
1347 4765 1426 4830 mibi
1448 4766 1544 4832 aliter
1565 4764 1696 4831 evenire
1711 4765 1877 4850 potuisset,
1903 4774 1938 4831 ut
1953 4752 2038 4849 quod
2052 4764 2142 4830 fraus

512 4868 621 4934 aliena
643 4868 857 4950 subtraxerat,
884 4868 931 4932 bis
953 4888 1103 4933 mererer.
1144 4868 1243 4933 stabit
1263 4868 1362 4951 igitur
1384 4869 1473 4953 apud
1495 4868 1636 4934 animum
1659 4889 1765 4933 meum
1786 4867 1873 4951 iugis
1895 4874 1951 4933 tua
1966 4869 2081 4952 gratia,
2108 4875 2142 4934 et

512 4970 667 5037 memoria
688 4970 863 5037 constmtis
885 4970 983 5036 oflicii
1005 4970 1096 5036 nulla
1119 4970 1279 5036 oblivione
1301 4970 1495 5037 tenuabitur.
1536 4970 1606 5037 sive
1621 4991 1708 5035 error
1722 4970 1809 5036 istud
1825 4990 1881 5036 sen
1898 4970 1991 5036 dolus
2006 4971 2138 5049 fecerat,

427 5148 429 5151 ,
510 5074 645 5141 docuisti
676 5094 786 5140 omnes
816 5074 896 5139 nihil
921 5074 1055 5140 ulterius
1077 5075 1120 5140 ad
1142 5074 1356 5141 destruendas
1379 5074 1538 5140 amicitias
1561 5073 1714 5139 callidum
1737 5072 1894 5157 cogitare,
1927 5093 2008 5158 quas
2030 5074 2141 5140 vident
2162 5098 2194 5139 ιι

432 5224 440 5243 ι
510 5176 638 5242 insidiis
661 5176 730 5242 suis
752 5195 905 5243 crescere.
2060 5159 2065 5167 ⁶

600 5455 847 5505 llrsddlol’lm.
955 5455 1179 5507 Iceterlle.

600 5541 631 5590 19
649 5542 809 5605 sneplcleudo
826 5544 931 5591 cnlmtnl
949 5548 994 5591 tuo
1012 5542 1074 5592 Suae
1178 5542 1211 5593 22
1229 5545 1270 5604 bis
1290 5540 1313 5589 P

599 5627 632 5678 24
652 5629 686 5691 .ι“],
706 5630 760 5678 effi.
781 5629 926 5689 symmachi.
946 5628 963 5677 u
983 5628 1004 5678 ὗ.
1026 5643 1095 5678 eous.
1115 5630 1199 5692 explic
1217 5629 1248 5677 ad
1266 5630 1425 5678 stilichonem
1444 5642 1507 5677 xrrrr
1526 5627 1566 5679 lui
1584 5630 1613 5679 ed
1632 5632 1766 5680 bectonem
1791 5631 1861 5695 (corr.
1882 5633 1909 5678 ta
1925 5630 2085 5695 brettonem)
2111 5632 2139 5695 P,

512 5716 598 5764 om,F
717 5716 745 5764 at
767 5711 891 5780 exortem]
909 5730 940 5763 ex
959 5715 1006 5764 Pr
1021 5732 1054 5764 m.
1180 5716 1212 5763 33
1232 5712 1282 5782 hta]
1300 5717 1416 5779 hypaten
1437 5716 1476 5765 luta
1496 5716 1540 5763 PF
1662 5717 1694 5766 at
1714 5721 1776 5778 ieter
1794 5717 1817 5764 P
1935 5719 2024 5766 lecerit
2043 5720 2143 5767 lemae

513 5801 546 5851 35
564 5801 709 5850 alteriusP
