<?xml version="1.0" encoding="UTF-8"?>
<!DOCTYPE html PUBLIC "-//W3C//DTD XHTML 1.0 Transitional//EN"
    "http://www.w3.org/TR/xhtml1/DTD/xhtml1-transitional.dtd">
<html xmlns="http://www.w3.org/1999/xhtml" xml:lang="en" lang="en">
 <head>
  <title>
</title>
<meta http-equiv="Content-Type" content="text/html;charset=utf-8" />
  <meta name='ocr-system' content='tesseract 3.04.00' />
  <meta name='ocr-capabilities' content='ocr_page ocr_carea ocr_par ocr_line ocrx_word'/>
</head>
<body>
  <div class='ocr_page' id='page_1' title='image "./qaureliisymmach00seecgoog_0449.png"; bbox 0 0 4716 6476; ppageno 0'>
   <div class='ocr_carea' id='block_1_1' title="bbox 441 973 479 1032">
    <p class='ocr_par' dir='ltr' id='par_1_1' title="bbox 441 973 479 1032">
     <span class='ocr_line' id='line_1_1' title="bbox 441 973 479 1032; baseline 0 0"><span class='ocrx_word' id='word_1_1' title='bbox 441 973 479 1032; x_wconf 90' lang='grc' dir='ltr'><em>Π</em></span> 
     </span>
    </p>
   </div>
   <div class='ocr_carea' id='block_1_2' title="bbox 447 1779 481 1840">
    <p class='ocr_par' dir='ltr' id='par_1_2' title="bbox 447 1779 481 1840">
     <span class='ocr_line' id='line_1_2' title="bbox 447 1779 481 1840; baseline 0 0"><span class='ocrx_word' id='word_1_2' title='bbox 447 1779 481 1840; x_wconf 87' lang='lat' dir='ltr'><em>F</em></span> 
     </span>
    </p>
   </div>
   <div class='ocr_carea' id='block_1_3' title="bbox 1096 448 1521 509">
    <p class='ocr_par' dir='ltr' id='par_1_3' title="bbox 1096 448 1521 509">
     <span class='ocr_line' id='line_1_3' title="bbox 1096 448 1521 509; baseline -0.002 -3"><span class='ocrx_word' id='word_1_3' title='bbox 1096 450 1293 509; x_wconf 81' lang='lat' dir='ltr'>SYMMACHI</span> <span class='ocrx_word' id='word_1_4' title='bbox 1310 448 1521 509; x_wconf 76' lang='lat' dir='ltr'><strong>EPISTVLAE</strong></span> 
     </span>
    </p>
   </div>
   <div class='ocr_carea' id='block_1_4' title="bbox 1210 814 1404 1035">
    <p class='ocr_par' dir='ltr' id='par_1_4' title="bbox 1210 814 1404 1035">
     <span class='ocr_line' id='line_1_4' title="bbox 1211 814 1402 898; baseline -0.005 -19"><span class='ocrx_word' id='word_1_5' title='bbox 1211 815 1286 879; x_wconf 79' lang='lat' dir='ltr'>mn</span> <span class='ocrx_word' id='word_1_6' title='bbox 1308 814 1402 898; x_wconf 71' lang='grc' dir='ltr'>(ιιι).</span> 
     </span>
     <span class='ocr_line' id='line_1_5' title="bbox 1210 970 1404 1035; baseline 0.005 -1"><span class='ocrx_word' id='word_1_7' title='bbox 1210 970 1404 1035; x_wconf 77' lang='lat' dir='ltr'>sunosio.</span> 
     </span>
    </p>
   </div>
   <div class='ocr_carea' id='block_1_5' title="bbox 494 1140 2155 1433">
    <p class='ocr_par' dir='ltr' id='par_1_5' title="bbox 494 1140 2155 1433">
     <span class='ocr_line' id='line_1_6' title="bbox 582 1140 2119 1227; baseline -0.003 -22"><span class='ocrx_word' id='word_1_8' title='bbox 582 1142 732 1208; x_wconf 80' lang='lat' dir='ltr'><strong>Debitum</strong></span> <span class='ocrx_word' id='word_1_9' title='bbox 762 1143 820 1208; x_wconf 90' lang='lat' dir='ltr'>tibi</span> <span class='ocrx_word' id='word_1_10' title='bbox 850 1142 992 1227; x_wconf 89' lang='lat' dir='ltr'>rependo</span> <span class='ocrx_word' id='word_1_11' title='bbox 1023 1161 1217 1223; x_wconf 79' lang='lat' dir='ltr'>sermonem3</span> <span class='ocrx_word' id='word_1_12' title='bbox 1257 1142 1378 1208; x_wconf 89' lang='lat' dir='ltr'>dudum</span> <span class='ocrx_word' id='word_1_13' title='bbox 1411 1142 1496 1207; x_wconf 91' lang='lat' dir='ltr'>enim</span> <span class='ocrx_word' id='word_1_14' title='bbox 1529 1161 1637 1225; x_wconf 85' lang='lat' dir='ltr'>parem</span> <span class='ocrx_word' id='word_1_15' title='bbox 1672 1140 1750 1205; x_wconf 90' lang='lat' dir='ltr'>milri</span> <span class='ocrx_word' id='word_1_16' title='bbox 1779 1140 1966 1223; x_wconf 87' lang='lat' dir='ltr'>scriptorum</span> <span class='ocrx_word' id='word_1_17' title='bbox 1993 1145 2119 1202; x_wconf 91' lang='lat' dir='ltr'>tuorum</span> 
     </span>
     <span class='ocr_line' id='line_1_7' title="bbox 495 1242 2122 1325; baseline -0.002 -17"><span class='ocrx_word' id='word_1_18' title='bbox 495 1245 766 1310; x_wconf 89' lang='lat' dir='ltr'>honorificentiam</span> <span class='ocrx_word' id='word_1_19' title='bbox 796 1244 971 1311; x_wconf 89' lang='lat' dir='ltr'>communis</span> <span class='ocrx_word' id='word_1_20' title='bbox 1000 1245 1123 1311; x_wconf 85' lang='lat' dir='ltr'>amicus</span> <span class='ocrx_word' id='word_1_21' title='bbox 1151 1246 1306 1311; x_wconf 80' lang='lat' dir='ltr'>exhibuit.</span> <span class='ocrx_word' id='word_1_22' title='bbox 1354 1245 1444 1310; x_wconf 88' lang='lat' dir='ltr'>ouius</span> <span class='ocrx_word' id='word_1_23' title='bbox 1473 1243 1670 1310; x_wconf 82' lang='lat' dir='ltr'>verecundia</span> <span class='ocrx_word' id='word_1_24' title='bbox 1699 1251 1731 1309; x_wconf 89' lang='lat' dir='ltr'>et</span> <span class='ocrx_word' id='word_1_25' title='bbox 1759 1242 1925 1310; x_wconf 83' lang='lat' dir='ltr'>honestata</span> <span class='ocrx_word' id='word_1_26' title='bbox 1947 1242 2122 1325; x_wconf 80' lang='lat' dir='ltr'>diligenter</span> 
     </span>
     <span class='ocr_line' id='line_1_8' title="bbox 494 1348 2155 1433; baseline 0.001 -21"><span class='ocrx_word' id='word_1_27' title='bbox 494 1348 641 1433; x_wconf 89' lang='lat' dir='ltr'>inspecta</span> <span class='ocrx_word' id='word_1_28' title='bbox 664 1348 795 1432; x_wconf 84' lang='lat' dir='ltr'>dignum</span> <span class='ocrx_word' id='word_1_29' title='bbox 818 1367 901 1429; x_wconf 90' lang='lat' dir='ltr'>esse,</span> <span class='ocrx_word' id='word_1_30' title='bbox 927 1368 1022 1430; x_wconf 87' lang='lat' dir='ltr'>quern</span> <span class='ocrx_word' id='word_1_31' title='bbox 1046 1348 1174 1431; x_wconf 85' lang='lat' dir='ltr'>diligas,</span> <span class='ocrx_word' id='word_1_32' title='bbox 1200 1348 1387 1433; x_wconf 70' lang='lat' dir='ltr'><strong>adprobavi.</strong></span> <span class='ocrx_word' id='word_1_33' title='bbox 2141 1365 2155 1404; x_wconf 66' lang='grc' dir='ltr'>ι</span> 
     </span>
    </p>
   </div>
   <div class='ocr_carea' id='block_1_6' title="bbox 1192 1624 1426 1844">
    <p class='ocr_par' dir='ltr' id='par_1_6' title="bbox 1192 1624 1426 1844">
     <span class='ocr_line' id='line_1_9' title="bbox 1194 1624 1417 1707; baseline -0.004 -19"><span class='ocrx_word' id='word_1_34' title='bbox 1194 1624 1286 1689; x_wconf 82' lang='lat' dir='ltr'>mm</span> <span class='ocrx_word' id='word_1_35' title='bbox 1307 1624 1417 1707; x_wconf 76' lang='lat' dir='ltr'>(uin).</span> 
     </span>
     <span class='ocr_line' id='line_1_10' title="bbox 1192 1777 1426 1844; baseline -0.004 -1"><span class='ocrx_word' id='word_1_36' title='bbox 1192 1777 1426 1844; x_wconf 71' lang='lat' dir='ltr'>macorano.</span> 
     </span>
    </p>
   </div>
   <div class='ocr_carea' id='block_1_7' title="bbox 494 1946 2171 2345">
    <p class='ocr_par' dir='ltr' id='par_1_7' title="bbox 494 1946 2171 2345">
     <span class='ocr_line' id='line_1_11' title="bbox 582 1946 2120 2029; baseline -0.003 -14"><span class='ocrx_word' id='word_1_37' title='bbox 582 1952 678 2015; x_wconf 82' lang='lat' dir='ltr'>Seras</span> <span class='ocrx_word' id='word_1_38' title='bbox 706 1950 764 2016; x_wconf 89' lang='lat' dir='ltr'>tibi</span> <span class='ocrx_word' id='word_1_39' title='bbox 792 1950 896 2015; x_wconf 89' lang='lat' dir='ltr'>videri</span> <span class='ocrx_word' id='word_1_40' title='bbox 926 1949 1061 2015; x_wconf 85' lang='lat' dir='ltr'>arbitror</span> <span class='ocrx_word' id='word_1_41' title='bbox 1091 1950 1215 2015; x_wconf 80' lang='lat' dir='ltr'>litteras</span> <span class='ocrx_word' id='word_1_42' title='bbox 1247 1969 1351 2029; x_wconf 69' lang='lat' dir='ltr'>meas,</span> <span class='ocrx_word' id='word_1_43' title='bbox 1386 1951 1444 2016; x_wconf 89' lang='lat' dir='ltr'>sed</span> <span class='ocrx_word' id='word_1_44' title='bbox 1467 1950 1494 2014; x_wconf 87' lang='lat' dir='ltr'>si</span> <span class='ocrx_word' id='word_1_45' title='bbox 1516 1949 1640 2015; x_wconf 90' lang='lat' dir='ltr'>itineris</span> <span class='ocrx_word' id='word_1_46' title='bbox 1663 1949 1727 2015; x_wconf 90' lang='lat' dir='ltr'>mei</span> <span class='ocrx_word' id='word_1_47' title='bbox 1749 1949 1820 2015; x_wconf 88' lang='lat' dir='ltr'>dies</span> <span class='ocrx_word' id='word_1_48' title='bbox 1841 1967 2006 2028; x_wconf 91' lang='lat' dir='ltr'>numeras,</span> <span class='ocrx_word' id='word_1_49' title='bbox 2041 1946 2120 2011; x_wconf 88' lang='lat' dir='ltr'>ratio</span> 
     </span>
     <span class='ocr_line' id='line_1_12' title="bbox 496 2038 2121 2139; baseline -0.002 -22"><span class='ocrx_word' id='word_1_50' title='bbox 496 2074 617 2118; x_wconf 88' lang='lat' dir='ltr'>morarn</span> <span class='ocrx_word' id='word_1_51' title='bbox 648 2054 757 2119; x_wconf 80' lang='lat' dir='ltr'>diluet.</span> <span class='ocrx_word' id='word_1_52' title='bbox 804 2038 976 2120; x_wconf 84' lang='lat' dir='ltr'>intervenit</span> <span class='ocrx_word' id='word_1_53' title='bbox 1004 2062 1172 2139; x_wconf 83' lang='lat' dir='ltr'>praeterea</span> <span class='ocrx_word' id='word_1_54' title='bbox 1200 2074 1240 2118; x_wconf 84' lang='lat' dir='ltr'>ex</span> <span class='ocrx_word' id='word_1_55' title='bbox 1269 2053 1401 2118; x_wconf 86' lang='lat' dir='ltr'>humore</span> <span class='ocrx_word' id='word_1_56' title='bbox 1431 2052 1524 2118; x_wconf 89' lang='lat' dir='ltr'>solito</span> <span class='ocrx_word' id='word_1_57' title='bbox 1553 2053 1643 2118; x_wconf 91' lang='lat' dir='ltr'>dolor</span> <span class='ocrx_word' id='word_1_58' title='bbox 1665 2052 1805 2137; x_wconf 87' lang='lat' dir='ltr'>corporis</span> <span class='ocrx_word' id='word_1_59' title='bbox 1827 2050 2003 2118; x_wconf 84' lang='lat' dir='ltr'>officiorum</span> <span class='ocrx_word' id='word_1_60' title='bbox 2027 2048 2121 2114; x_wconf 87' lang='lat' dir='ltr'>iami-</span> 
     </span>
     <span class='ocr_line' id='line_1_13' title="bbox 494 2153 2171 2240; baseline -0.002 -19"><span class='ocrx_word' id='word_1_61' title='bbox 494 2156 621 2221; x_wconf 90' lang='lat' dir='ltr'>liarium</span> <span class='ocrx_word' id='word_1_62' title='bbox 651 2166 878 2240; x_wconf 85' lang='lat' dir='ltr'>sequestrator.</span> <span class='ocrx_word' id='word_1_63' title='bbox 926 2176 1010 2222; x_wconf 89' lang='lat' dir='ltr'>nunc</span> <span class='ocrx_word' id='word_1_64' title='bbox 1039 2157 1116 2240; x_wconf 88' lang='lat' dir='ltr'>quia</span> <span class='ocrx_word' id='word_1_65' title='bbox 1146 2157 1246 2223; x_wconf 92' lang='lat' dir='ltr'>labori</span> <span class='ocrx_word' id='word_1_66' title='bbox 1277 2164 1310 2222; x_wconf 91' lang='lat' dir='ltr'>et</span> <span class='ocrx_word' id='word_1_67' title='bbox 1336 2156 1514 2221; x_wconf 86' lang='lat' dir='ltr'>valetudini</span> <span class='ocrx_word' id='word_1_68' title='bbox 1545 2156 1636 2240; x_wconf 87' lang='lat' dir='ltr'>quies</span> <span class='ocrx_word' id='word_1_69' title='bbox 1665 2155 1791 2220; x_wconf 90' lang='lat' dir='ltr'>reddita</span> <span class='ocrx_word' id='word_1_70' title='bbox 1818 2161 1883 2234; x_wconf 89' lang='lat' dir='ltr'>est,</span> <span class='ocrx_word' id='word_1_71' title='bbox 1917 2153 2120 2218; x_wconf 80' lang='lat' dir='ltr'>salutationis</span> <span class='ocrx_word' id='word_1_72' title='bbox 2142 2170 2171 2211; x_wconf 81' lang='grc' dir='ltr'>ιο</span> 
     </span>
     <span class='ocr_line' id='line_1_14' title="bbox 496 2257 1945 2345; baseline -0.001 -22"><span class='ocrx_word' id='word_1_73' title='bbox 496 2261 596 2325; x_wconf 88' lang='lat' dir='ltr'>verba</span> <span class='ocrx_word' id='word_1_74' title='bbox 618 2281 680 2326; x_wconf 91' lang='lat' dir='ltr'>non</span> <span class='ocrx_word' id='word_1_75' title='bbox 704 2260 817 2326; x_wconf 86' lang='lat' dir='ltr'>differo</span> <span class='ocrx_word' id='word_1_76' title='bbox 840 2261 977 2345; x_wconf 90' lang='lat' dir='ltr'>pretium</span> <span class='ocrx_word' id='word_1_77' title='bbox 1002 2260 1125 2326; x_wconf 88' lang='lat' dir='ltr'>laturus</span> <span class='ocrx_word' id='word_1_78' title='bbox 1147 2260 1292 2342; x_wconf 87' lang='lat' dir='ltr'>obsequii</span> <span class='ocrx_word' id='word_1_79' title='bbox 1314 2259 1355 2325; x_wconf 87' lang='lat' dir='ltr'>do</span> <span class='ocrx_word' id='word_1_80' title='bbox 1377 2259 1632 2326; x_wconf 80' lang='lat' dir='ltr'>remuneratione</span> <span class='ocrx_word' id='word_1_81' title='bbox 1655 2258 1814 2343; x_wconf 87' lang='lat' dir='ltr'>responsi.</span> <span class='ocrx_word' id='word_1_82' title='bbox 1860 2257 1945 2323; x_wconf 87' lang='lat' dir='ltr'>vale.</span> 
     </span>
    </p>
   </div>
   <div class='ocr_carea' id='block_1_8' title="bbox 1096 2534 1515 2754">
    <p class='ocr_par' dir='ltr' id='par_1_8' title="bbox 1096 2534 1515 2754">
     <span class='ocr_line' id='line_1_15' title="bbox 1204 2534 1406 2618; baseline 0.005 -20"><span class='ocrx_word' id='word_1_83' title='bbox 1204 2534 1259 2599; x_wconf 76' lang='lat' dir='ltr'>nv</span> <span class='ocrx_word' id='word_1_84' title='bbox 1277 2534 1406 2618; x_wconf 79' lang='lat' dir='ltr'>(uun).</span> 
     </span>
     <span class='ocr_line' id='line_1_16' title="bbox 1096 2688 1515 2754; baseline 0.005 -3"><span class='ocrx_word' id='word_1_85' title='bbox 1096 2688 1155 2751; x_wconf 77' lang='lat' dir='ltr'>iu</span> <span class='ocrx_word' id='word_1_86' title='bbox 1178 2688 1515 2754; x_wconf 79' lang='lat' dir='ltr'>mimnrumuvu.</span> 
     </span>
    </p>
   </div>
   <div class='ocr_carea' id='block_1_9' title="bbox 492 2859 2170 3236">
    <p class='ocr_par' dir='ltr' id='par_1_9' title="bbox 492 2859 2170 3236">
     <span class='ocr_line' id='line_1_17' title="bbox 579 2859 2120 2947; baseline -0.002 -21"><span class='ocrx_word' id='word_1_87' title='bbox 579 2862 613 2926; x_wconf 87' lang='lat' dir='ltr'>Si</span> <span class='ocrx_word' id='word_1_88' title='bbox 643 2864 725 2928; x_wconf 87' lang='lat' dir='ltr'>bene</span> <span class='ocrx_word' id='word_1_89' title='bbox 754 2863 788 2928; x_wconf 94' lang='lat' dir='ltr'>in</span> <span class='ocrx_word' id='word_1_90' title='bbox 817 2869 849 2927; x_wconf 87' lang='lat' dir='ltr'>te</span> <span class='ocrx_word' id='word_1_91' title='bbox 879 2861 1019 2925; x_wconf 89' lang='lat' dir='ltr'>animum</span> <span class='ocrx_word' id='word_1_92' title='bbox 1047 2880 1152 2925; x_wconf 92' lang='lat' dir='ltr'>meum</span> <span class='ocrx_word' id='word_1_93' title='bbox 1174 2861 1276 2938; x_wconf 87' lang='lat' dir='ltr'>nosti,</span> <span class='ocrx_word' id='word_1_94' title='bbox 1310 2861 1456 2927; x_wconf 89' lang='lat' dir='ltr'>dubitare</span> <span class='ocrx_word' id='word_1_95' title='bbox 1478 2882 1542 2929; x_wconf 93' lang='lat' dir='ltr'>non</span> <span class='ocrx_word' id='word_1_96' title='bbox 1565 2868 1674 2947; x_wconf 86' lang='lat' dir='ltr'>potas,</span> <span class='ocrx_word' id='word_1_97' title='bbox 1707 2862 1879 2927; x_wconf 84' lang='lat' dir='ltr'>adversam</span> <span class='ocrx_word' id='word_1_98' title='bbox 1900 2859 2120 2926; x_wconf 89' lang='lat' dir='ltr'>valetudinem</span> 
     </span>
     <span class='ocr_line' id='line_1_18' title="bbox 494 2963 2170 3050; baseline -0.003 -20"><span class='ocrx_word' id='word_1_99' title='bbox 494 2964 636 3049; x_wconf 86' lang='lat' dir='ltr'>corporis</span> <span class='ocrx_word' id='word_1_100' title='bbox 666 2965 728 3030; x_wconf 93' lang='lat' dir='ltr'>mei</span> <span class='ocrx_word' id='word_1_101' title='bbox 758 2964 957 3030; x_wconf 87' lang='lat' dir='ltr'>missitandis</span> <span class='ocrx_word' id='word_1_102' title='bbox 980 2963 1144 3045; x_wconf 89' lang='lat' dir='ltr'>bucusque</span> <span class='ocrx_word' id='word_1_103' title='bbox 1166 2964 1283 3029; x_wconf 86' lang='lat' dir='ltr'>litteris</span> <span class='ocrx_word' id='word_1_104' title='bbox 1307 2965 1481 3031; x_wconf 87' lang='lat' dir='ltr'>obstitisse.</span> <span class='ocrx_word' id='word_1_105' title='bbox 1528 2964 1589 3030; x_wconf 89' lang='lat' dir='ltr'>hac</span> <span class='ocrx_word' id='word_1_106' title='bbox 1610 2971 1702 3050; x_wconf 90' lang='lat' dir='ltr'>parte</span> <span class='ocrx_word' id='word_1_107' title='bbox 1723 2972 1879 3048; x_wconf 83' lang='lat' dir='ltr'>purgatus</span> <span class='ocrx_word' id='word_1_108' title='bbox 1901 2963 2119 3029; x_wconf 77' lang='lat' dir='ltr'>salutatricem</span> <span class='ocrx_word' id='word_1_109' title='bbox 2141 2980 2170 3020; x_wconf 80' lang='lat' dir='ltr'>rs</span> 
     </span>
     <span class='ocr_line' id='line_1_19' title="bbox 492 3066 2120 3155; baseline -0.001 -23"><span class='ocrx_word' id='word_1_110' title='bbox 492 3067 551 3132; x_wconf 91' lang='lat' dir='ltr'>tibi</span> <span class='ocrx_word' id='word_1_111' title='bbox 574 3067 727 3151; x_wconf 82' lang='lat' dir='ltr'>paginam</span> <span class='ocrx_word' id='word_1_112' title='bbox 750 3067 868 3148; x_wconf 88' lang='lat' dir='ltr'>reddo,</span> <span class='ocrx_word' id='word_1_113' title='bbox 895 3087 979 3149; x_wconf 84' lang='lat' dir='ltr'>quae</span> <span class='ocrx_word' id='word_1_114' title='bbox 1002 3067 1188 3149; x_wconf 86' lang='lat' dir='ltr'>testabitur,</span> <span class='ocrx_word' id='word_1_115' title='bbox 1215 3087 1287 3133; x_wconf 87' lang='lat' dir='ltr'>esse</span> <span class='ocrx_word' id='word_1_116' title='bbox 1309 3088 1361 3134; x_wconf 90' lang='lat' dir='ltr'>me</span> <span class='ocrx_word' id='word_1_117' title='bbox 1385 3069 1554 3155; x_wconf 87' lang='lat' dir='ltr'>sospitem,</span> <span class='ocrx_word' id='word_1_118' title='bbox 1584 3074 1752 3153; x_wconf 84' lang='lat' dir='ltr'>postquam</span> <span class='ocrx_word' id='word_1_119' title='bbox 1776 3067 1897 3134; x_wconf 88' lang='lat' dir='ltr'>sanitas</span> <span class='ocrx_word' id='word_1_120' title='bbox 1920 3066 2041 3133; x_wconf 87' lang='lat' dir='ltr'>silentii</span> <span class='ocrx_word' id='word_1_121' title='bbox 2063 3086 2120 3131; x_wconf 82' lang='lat' dir='ltr'>ex-</span> 
     </span>
     <span class='ocr_line' id='line_1_20' title="bbox 493 3169 929 3236; baseline 0 -2"><span class='ocrx_word' id='word_1_122' title='bbox 493 3169 691 3236; x_wconf 88' lang='lat' dir='ltr'>cusationem</span> <span class='ocrx_word' id='word_1_123' title='bbox 713 3171 860 3236; x_wconf 89' lang='lat' dir='ltr'>removit.</span> <span class='ocrx_word' id='word_1_124' title='bbox 926 3194 929 3197; x_wconf 91' lang='lat'>·</span> 
     </span>
    </p>
   </div>
   <div class='ocr_carea' id='block_1_10' title="bbox 1190 3447 1418 3530">
    <p class='ocr_par' dir='ltr' id='par_1_10' title="bbox 1190 3447 1418 3530">
     <span class='ocr_line' id='line_1_21' title="bbox 1190 3447 1418 3530; baseline 0.004 -19"><span class='ocrx_word' id='word_1_125' title='bbox 1190 3447 1271 3512; x_wconf 76' lang='lat' dir='ltr'>uvi</span> <span class='ocrx_word' id='word_1_126' title='bbox 1292 3447 1418 3530; x_wconf 78' lang='lat' dir='ltr'>(unni).</span> 
     </span>
    </p>
   </div>
   <div class='ocr_carea' id='block_1_11' title="bbox 492 3614 2169 4110">
    <p class='ocr_par' dir='ltr' id='par_1_11' title="bbox 492 3614 2169 4110">
     <span class='ocr_line' id='line_1_22' title="bbox 581 3614 2116 3703; baseline 0.003 -25"><span class='ocrx_word' id='word_1_127' title='bbox 581 3614 756 3680; x_wconf 90' lang='lat' dir='ltr'>Venturum</span> <span class='ocrx_word' id='word_1_128' title='bbox 785 3624 817 3682; x_wconf 93' lang='lat' dir='ltr'>te</span> <span class='ocrx_word' id='word_1_129' title='bbox 849 3616 892 3682; x_wconf 92' lang='lat' dir='ltr'>ad</span> <span class='ocrx_word' id='word_1_130' title='bbox 914 3617 1122 3702; x_wconf 84' lang='lat' dir='ltr'>Campaniam</span> <span class='ocrx_word' id='word_1_131' title='bbox 1153 3617 1212 3683; x_wconf 89' lang='lat' dir='ltr'>tilii</span> <span class='ocrx_word' id='word_1_132' title='bbox 1243 3618 1307 3684; x_wconf 89' lang='lat' dir='ltr'>mei</span> <span class='ocrx_word' id='word_1_133' title='bbox 1335 3618 1518 3684; x_wconf 84' lang='lat' dir='ltr'>adsertione</span> <span class='ocrx_word' id='word_1_134' title='bbox 1547 3639 1770 3703; x_wconf 83' lang='lat' dir='ltr'>cognoveram.</span> <span class='ocrx_word' id='word_1_135' title='bbox 1817 3619 1892 3684; x_wconf 91' lang='lat' dir='ltr'>binc</span> <span class='ocrx_word' id='word_1_136' title='bbox 1914 3619 2033 3684; x_wconf 86' lang='lat' dir='ltr'>iactum</span> <span class='ocrx_word' id='word_1_137' title='bbox 2057 3626 2116 3699; x_wconf 91' lang='lat' dir='ltr'>est,</span> 
     </span>
     <span class='ocr_line' id='line_1_23' title="bbox 493 3717 2169 3807; baseline 0.004 -27"><span class='ocrx_word' id='word_1_138' title='bbox 493 3724 529 3781; x_wconf 91' lang='grc' dir='ltr'>ιιι</span> <span class='ocrx_word' id='word_1_139' title='bbox 559 3717 735 3784; x_wconf 87' lang='lat' dir='ltr'>scribendis</span> <span class='ocrx_word' id='word_1_140' title='bbox 765 3719 879 3785; x_wconf 89' lang='lat' dir='ltr'>litteris</span> <span class='ocrx_word' id='word_1_141' title='bbox 909 3720 1115 3786; x_wconf 85' lang='lat' dir='ltr'>abstinerem.</span> <span class='ocrx_word' id='word_1_142' title='bbox 1163 3721 1221 3787; x_wconf 90' lang='lat' dir='ltr'>scd</span> <span class='ocrx_word' id='word_1_143' title='bbox 1250 3721 1325 3786; x_wconf 89' lang='lat' dir='ltr'>dum</span> <span class='ocrx_word' id='word_1_144' title='bbox 1353 3730 1385 3787; x_wconf 91' lang='lat' dir='ltr'>te</span> <span class='ocrx_word' id='word_1_145' title='bbox 1407 3728 1463 3787; x_wconf 87' lang='lat' dir='ltr'>aut</span> <span class='ocrx_word' id='word_1_146' title='bbox 1485 3742 1581 3788; x_wconf 89' lang='lat' dir='ltr'>curae</span> <span class='ocrx_word' id='word_1_147' title='bbox 1603 3723 1747 3788; x_wconf 87' lang='lat' dir='ltr'>urbanae</span> <span class='ocrx_word' id='word_1_148' title='bbox 1769 3728 1825 3787; x_wconf 90' lang='lat' dir='ltr'>aut</span> <span class='ocrx_word' id='word_1_149' title='bbox 1847 3722 2028 3807; x_wconf 88' lang='lat' dir='ltr'>voluptates</span> <span class='ocrx_word' id='word_1_150' title='bbox 2050 3741 2119 3786; x_wconf 78' lang='lat' dir='ltr'>mo</span> <span class='ocrx_word' id='word_1_151' title='bbox 2139 3737 2169 3779; x_wconf 71' lang='grc' dir='ltr'>ιο</span> 
     </span>
     <span class='ocr_line' id='line_1_24' title="bbox 493 3823 2120 3909; baseline 0.002 -25"><span class='ocrx_word' id='word_1_152' title='bbox 493 3827 617 3897; x_wconf 89' lang='lat' dir='ltr'>rantur,</span> <span class='ocrx_word' id='word_1_153' title='bbox 651 3841 754 3904; x_wconf 90' lang='lat' dir='ltr'>paene</span> <span class='ocrx_word' id='word_1_154' title='bbox 781 3823 909 3908; x_wconf 89' lang='lat' dir='ltr'>culpam</span> <span class='ocrx_word' id='word_1_155' title='bbox 940 3823 1059 3889; x_wconf 85' lang='lat' dir='ltr'>silentii</span> <span class='ocrx_word' id='word_1_156' title='bbox 1088 3825 1268 3909; x_wconf 81' lang='lat' dir='ltr'>expectatio</span> <span class='ocrx_word' id='word_1_157' title='bbox 1298 3831 1406 3890; x_wconf 86' lang='lat' dir='ltr'>nostra</span> <span class='ocrx_word' id='word_1_158' title='bbox 1435 3825 1602 3891; x_wconf 82' lang='lat' dir='ltr'>contraxit.</span> <span class='ocrx_word' id='word_1_159' title='bbox 1650 3825 1767 3909; x_wconf 82' lang='lat' dir='ltr'>fungor</span> <span class='ocrx_word' id='word_1_160' title='bbox 1791 3826 1889 3909; x_wconf 73' lang='lat' dir='ltr'>igitur</span> <span class='ocrx_word' id='word_1_161' title='bbox 1910 3845 1990 3909; x_wconf 83' lang='lat' dir='ltr'>erga</span> <span class='ocrx_word' id='word_1_162' title='bbox 2011 3832 2043 3891; x_wconf 87' lang='lat' dir='ltr'>te</span> <span class='ocrx_word' id='word_1_163' title='bbox 2066 3845 2120 3890; x_wconf 87' lang='lat' dir='ltr'>sa-</span> 
     </span>
     <span class='ocr_line' id='line_1_25' title="bbox 493 3922 2120 4014; baseline 0.004 -29"><span class='ocrx_word' id='word_1_164' title='bbox 493 3922 558 3987; x_wconf 85' lang='lat' dir='ltr'>lute</span> <span class='ocrx_word' id='word_1_165' title='bbox 587 3922 724 3988; x_wconf 87' lang='lat' dir='ltr'>dicenda</span> <span class='ocrx_word' id='word_1_166' title='bbox 753 3931 785 3989; x_wconf 90' lang='lat' dir='ltr'>et</span> <span class='ocrx_word' id='word_1_167' title='bbox 812 3925 871 3990; x_wconf 91' lang='lat' dir='ltr'>tibi</span> <span class='ocrx_word' id='word_1_168' title='bbox 900 3926 1085 4009; x_wconf 83' lang='lat' dir='ltr'>eligendum</span> <span class='ocrx_word' id='word_1_169' title='bbox 1115 3927 1279 4010; x_wconf 88' lang='lat' dir='ltr'>relinquo,</span> <span class='ocrx_word' id='word_1_170' title='bbox 1314 3935 1418 3993; x_wconf 87' lang='lat' dir='ltr'>utrum</span> <span class='ocrx_word' id='word_1_171' title='bbox 1448 3927 1527 3992; x_wconf 92' lang='lat' dir='ltr'>mihi</span> <span class='ocrx_word' id='word_1_172' title='bbox 1556 3928 1730 3994; x_wconf 87' lang='lat' dir='ltr'>adventum</span> <span class='ocrx_word' id='word_1_173' title='bbox 1759 3935 1925 4014; x_wconf 87' lang='lat' dir='ltr'>praestare</span> <span class='ocrx_word' id='word_1_174' title='bbox 1954 3927 2049 3993; x_wconf 91' lang='lat' dir='ltr'>maiis</span> <span class='ocrx_word' id='word_1_175' title='bbox 2077 3948 2120 3992; x_wconf 91' lang='lat' dir='ltr'>au</span> 
     </span>
     <span class='ocr_line' id='line_1_26' title="bbox 492 4028 900 4110; baseline 0.012 -22"><span class='ocrx_word' id='word_1_176' title='bbox 492 4044 682 4109; x_wconf 86' lang='lat' dir='ltr'>responsum</span> <span class='ocrx_word' id='word_1_177' title='bbox 704 4028 900 4110; x_wconf 87' lang='lat' dir='ltr'>persolvere.</span> 
     </span>
    </p>
   </div>
   <div class='ocr_carea' id='block_1_12' title="bbox 1149 4307 2170 4526">
    <p class='ocr_par' dir='ltr' id='par_1_12' title="bbox 1149 4307 2170 4526">
     <span class='ocr_line' id='line_1_27' title="bbox 1217 4307 1397 4391; baseline 0.017 -22"><span class='ocrx_word' id='word_1_178' title='bbox 1217 4307 1287 4370; x_wconf 76' lang='lat' dir='ltr'>ivr</span> <span class='ocrx_word' id='word_1_179' title='bbox 1308 4307 1397 4391; x_wconf 66' lang='lat' dir='ltr'>(uvi.</span> 
     </span>
     <span class='ocr_line' id='line_1_28' title="bbox 1149 4460 2170 4526; baseline -0.001 -4"><span class='ocrx_word' id='word_1_180' title='bbox 1149 4460 1206 4522; x_wconf 75' lang='lat' dir='ltr'>An</span> <span class='ocrx_word' id='word_1_181' title='bbox 1236 4460 1459 4526; x_wconf 80' lang='lat' dir='ltr'>nomiuvm.</span> <span class='ocrx_word' id='word_1_182' title='bbox 2138 4480 2170 4522; x_wconf 66' lang='lat' dir='ltr'>a</span> 
     </span>
    </p>
   </div>
   <div class='ocr_carea' id='block_1_13' title="bbox 579 4627 2119 4720">
    <p class='ocr_par' dir='ltr' id='par_1_13' title="bbox 579 4627 2119 4720">
     <span class='ocr_line' id='line_1_29' title="bbox 579 4627 2119 4720; baseline 0.006 -30"><span class='ocrx_word' id='word_1_183' title='bbox 579 4627 678 4691; x_wconf 88' lang='lat' dir='ltr'>Servo</span> <span class='ocrx_word' id='word_1_184' title='bbox 700 4627 955 4709; x_wconf 84' lang='lat' dir='ltr'>observantiam,</span> <span class='ocrx_word' id='word_1_185' title='bbox 989 4651 1084 4712; x_wconf 87' lang='lat' dir='ltr'>quam</span> <span class='ocrx_word' id='word_1_186' title='bbox 1108 4651 1177 4697; x_wconf 88' lang='lat' dir='ltr'>mos</span> <span class='ocrx_word' id='word_1_187' title='bbox 1200 4632 1324 4716; x_wconf 88' lang='lat' dir='ltr'>priscus</span> <span class='ocrx_word' id='word_1_188' title='bbox 1347 4634 1498 4713; x_wconf 90' lang='lat' dir='ltr'>instituit,</span> <span class='ocrx_word' id='word_1_189' title='bbox 1533 4643 1567 4700; x_wconf 94' lang='lat' dir='ltr'>ut</span> <span class='ocrx_word' id='word_1_190' title='bbox 1589 4634 1683 4700; x_wconf 90' lang='lat' dir='ltr'>domo</span> <span class='ocrx_word' id='word_1_191' title='bbox 1706 4635 1839 4720; x_wconf 86' lang='lat' dir='ltr'>profecti</span> <span class='ocrx_word' id='word_1_192' title='bbox 1862 4635 1986 4701; x_wconf 89' lang='lat' dir='ltr'>litteras</span> <span class='ocrx_word' id='word_1_193' title='bbox 2008 4636 2119 4719; x_wconf 87' lang='lat' dir='ltr'>auspi-</span> 
     </span>
    </p>
   </div>
   <div class='ocr_carea' id='block_1_14' title="bbox 491 4731 2119 4915">
    <p class='ocr_par' dir='ltr' id='par_1_14' title="bbox 491 4731 2119 4915">
     <span class='ocr_line' id='line_1_30' title="bbox 492 4731 2119 4812; baseline 0.006 -19"><span class='ocrx_word' id='word_1_194' title='bbox 492 4737 620 4812; x_wconf 88' lang='lat' dir='ltr'>centur,</span> <span class='ocrx_word' id='word_1_195' title='bbox 649 4737 682 4795; x_wconf 88' lang='lat' dir='ltr'>at</span> <span class='ocrx_word' id='word_1_196' title='bbox 704 4731 830 4797; x_wconf 87' lang='lat' dir='ltr'>salvere</span> <span class='ocrx_word' id='word_1_197' title='bbox 853 4753 905 4798; x_wconf 90' lang='lat' dir='ltr'>me</span> <span class='ocrx_word' id='word_1_198' title='bbox 927 4733 1049 4799; x_wconf 88' lang='lat' dir='ltr'>nuntio.</span> <span class='ocrx_word' id='word_1_199' title='bbox 1098 4754 1140 4799; x_wconf 83' lang='lat' dir='ltr'>ex</span> <span class='ocrx_word' id='word_1_200' title='bbox 1162 4734 1270 4800; x_wconf 92' lang='lat' dir='ltr'>debito</span> <span class='ocrx_word' id='word_1_201' title='bbox 1292 4736 1398 4812; x_wconf 87' lang='lat' dir='ltr'>venit,</span> <span class='ocrx_word' id='word_1_202' title='bbox 1430 4747 1464 4801; x_wconf 88' lang='lat' dir='ltr'>ut</span> <span class='ocrx_word' id='word_1_203' title='bbox 1486 4737 1600 4802; x_wconf 81' lang='lat' dir='ltr'>emisso</span> <span class='ocrx_word' id='word_1_204' title='bbox 1621 4759 1643 4803; x_wconf 89' lang='lat' dir='ltr'>a</span> <span class='ocrx_word' id='word_1_205' title='bbox 1665 4758 1716 4803; x_wconf 93' lang='lat' dir='ltr'>me</span> <span class='ocrx_word' id='word_1_206' title='bbox 1739 4739 1864 4804; x_wconf 90' lang='lat' dir='ltr'>muneri</span> <span class='ocrx_word' id='word_1_207' title='bbox 1886 4738 1994 4803; x_wconf 88' lang='lat' dir='ltr'>solvas</span> <span class='ocrx_word' id='word_1_208' title='bbox 2016 4738 2119 4803; x_wconf 89' lang='lat' dir='ltr'>amica</span> 
     </span>
     <span class='ocr_line' id='line_1_31' title="bbox 491 4850 659 4915; baseline -0.006 -19"><span class='ocrx_word' id='word_1_209' title='bbox 491 4850 659 4915; x_wconf 87' lang='lat' dir='ltr'>responsa.</span> 
     </span>
    </p>
   </div>
   <div class='ocr_carea' id='block_1_15' title="bbox 578 5145 2114 5220">
    <p class='ocr_par' dir='ltr' id='par_1_15' title="bbox 578 5145 2114 5220">
     <span class='ocr_line' id='line_1_32' title="bbox 578 5145 2114 5220; baseline 0.005 -27"><span class='ocrx_word' id='word_1_210' title='bbox 578 5145 592 5193; x_wconf 81' lang='lat'><strong>7</strong></span> <span class='ocrx_word' id='word_1_211' title='bbox 611 5160 659 5195; x_wconf 87' lang='lat' dir='ltr'>om.</span> <span class='ocrx_word' id='word_1_212' title='bbox 676 5148 698 5193; x_wconf 82' lang='lat' dir='ltr'><em>F</em></span> <span class='ocrx_word' id='word_1_213' title='bbox 834 5148 849 5198; x_wconf 86' lang='lat'>8</span> <span class='ocrx_word' id='word_1_214' title='bbox 868 5163 940 5197; x_wconf 85' lang='lat' dir='ltr'>ueras</span> <span class='ocrx_word' id='word_1_215' title='bbox 960 5149 1072 5199; x_wconf 76' lang='lat' dir='ltr'>i&#39;21m.</span> <span class='ocrx_word' id='word_1_216' title='bbox 1205 5152 1254 5200; x_wconf 87' lang='lat' dir='ltr'>urai</span> <span class='ocrx_word' id='word_1_217' title='bbox 1273 5165 1321 5199; x_wconf 80' lang='lat' dir='ltr'>our.</span> <span class='ocrx_word' id='word_1_218' title='bbox 1337 5150 1380 5213; x_wconf 84' lang='grc' dir='ltr'>(Γ)</span> <span class='ocrx_word' id='word_1_219' title='bbox 1520 5152 1536 5201; x_wconf 84' lang='grc'>9</span> <span class='ocrx_word' id='word_1_220' title='bbox 1554 5167 1645 5202; x_wconf 83' lang='lat' dir='ltr'>moram</span> <span class='ocrx_word' id='word_1_221' title='bbox 1664 5169 1712 5203; x_wconf 86' lang='lat' dir='ltr'>om.</span> <span class='ocrx_word' id='word_1_222' title='bbox 1728 5151 1764 5200; x_wconf 66' lang='lat' dir='ltr'>F!</span> <span class='ocrx_word' id='word_1_223' title='bbox 1893 5150 1985 5220; x_wconf 84' lang='lat' dir='ltr'>diluat]</span> <span class='ocrx_word' id='word_1_224' title='bbox 2003 5155 2114 5217; x_wconf 59' lang='lat' dir='ltr'>mutar,</span> 
     </span>
    </p>
   </div>
   <div class='ocr_carea' id='block_1_16' title="bbox 449 5231 2118 5302">
    <p class='ocr_par' dir='ltr' id='par_1_16' title="bbox 449 5231 2118 5302">
     <span class='ocr_line' id='line_1_33' title="bbox 449 5231 2118 5302; baseline 0.005 -24"><span class='ocrx_word' id='word_1_225' title='bbox 449 5252 457 5273; x_wconf 75' lang='grc' dir='ltr'>ι</span> <span class='ocrx_word' id='word_1_226' title='bbox 491 5233 574 5279; x_wconf 89' lang='lat' dir='ltr'>deluit</span> <span class='ocrx_word' id='word_1_227' title='bbox 592 5232 638 5294; x_wconf 73' lang='lat' dir='ltr'>Fi,</span> <span class='ocrx_word' id='word_1_228' title='bbox 659 5233 734 5282; x_wconf 87' lang='lat' dir='ltr'>diluit</span> <span class='ocrx_word' id='word_1_229' title='bbox 754 5231 813 5280; x_wconf 64' lang='grc' dir='ltr'>ΡΗ</span> <span class='ocrx_word' id='word_1_230' title='bbox 925 5250 956 5284; x_wconf 79' lang='lat' dir='ltr'>ex</span> <span class='ocrx_word' id='word_1_231' title='bbox 975 5236 1079 5285; x_wconf 88' lang='lat' dir='ltr'>humore</span> <span class='ocrx_word' id='word_1_232' title='bbox 1097 5238 1171 5285; x_wconf 91' lang='lat' dir='ltr'>solito</span> <span class='ocrx_word' id='word_1_233' title='bbox 1186 5242 1241 5298; x_wconf 80' lang='lat' dir='ltr'>post</span> <span class='ocrx_word' id='word_1_234' title='bbox 1259 5239 1369 5299; x_wconf 85' lang='lat' dir='ltr'>corporis</span> <span class='ocrx_word' id='word_1_235' title='bbox 1386 5240 1470 5286; x_wconf 76' lang='lat' dir='ltr'>coitur.</span> <span class='ocrx_word' id='word_1_236' title='bbox 1486 5236 1531 5299; x_wconf 65' lang='lat'>1³²,</span> <span class='ocrx_word' id='word_1_237' title='bbox 1551 5240 1610 5299; x_wconf 80' lang='lat' dir='ltr'>scri.</span> <span class='ocrx_word' id='word_1_238' title='bbox 1632 5240 1701 5288; x_wconf 90' lang='lat' dir='ltr'>dolor</span> <span class='ocrx_word' id='word_1_239' title='bbox 1719 5242 1826 5302; x_wconf 84' lang='lat' dir='ltr'>corporis</span> <span class='ocrx_word' id='word_1_240' title='bbox 1845 5254 1877 5289; x_wconf 84' lang='lat' dir='ltr'>ox</span> <span class='ocrx_word' id='word_1_241' title='bbox 1895 5241 2009 5301; x_wconf 88' lang='lat' dir='ltr'>humore,</span> <span class='ocrx_word' id='word_1_242' title='bbox 2030 5240 2118 5289; x_wconf 83' lang='lat' dir='ltr'>solitus</span> 
     </span>
    </p>
   </div>
   <div class='ocr_carea' id='block_1_17' title="bbox 490 5319 2118 5820">
    <p class='ocr_par' dir='ltr' id='par_1_17' title="bbox 491 5319 2085 5471">
     <span class='ocr_line' id='line_1_34' title="bbox 491 5319 2085 5393; baseline 0.006 -29"><span class='ocrx_word' id='word_1_243' title='bbox 491 5319 628 5365; x_wconf 80' lang='lat' dir='ltr'>ciliciorum</span> <span class='ocrx_word' id='word_1_244' title='bbox 647 5320 808 5368; x_wconf 77' lang='lat' dir='ltr'>familiarium</span> <span class='ocrx_word' id='word_1_245' title='bbox 827 5327 995 5382; x_wconf 76' lang='lat' dir='ltr'>sequestrator</span> <span class='ocrx_word' id='word_1_246' title='bbox 1116 5320 1288 5389; x_wconf 76' lang='lat' dir='ltr'>familiarium]</span> <span class='ocrx_word' id='word_1_247' title='bbox 1309 5322 1408 5387; x_wconf 58' lang='lat' dir='ltr'>(illidii,</span> <span class='ocrx_word' id='word_1_248' title='bbox 1428 5340 1475 5374; x_wconf 89' lang='lat' dir='ltr'>om.</span> <span class='ocrx_word' id='word_1_249' title='bbox 1493 5321 1554 5371; x_wconf 63' lang='grc' dir='ltr'><em>Μ</em></span> <span class='ocrx_word' id='word_1_250' title='bbox 1694 5324 1725 5375; x_wconf 88' lang='lat' dir='ltr'>io</span> <span class='ocrx_word' id='word_1_251' title='bbox 1744 5340 1812 5374; x_wconf 86' lang='lat' dir='ltr'>nune</span> <span class='ocrx_word' id='word_1_252' title='bbox 1829 5322 1901 5393; x_wconf 80' lang='lat' dir='ltr'>quia]</span> <span class='ocrx_word' id='word_1_253' title='bbox 1919 5340 2028 5389; x_wconf 86' lang='lat' dir='ltr'>namque</span> <span class='ocrx_word' id='word_1_254' title='bbox 2046 5323 2085 5373; x_wconf 56' lang='lat'>1⁹³</span> 
     </span>
     <span class='ocr_line' id='line_1_35' title="bbox 491 5402 1706 5471; baseline 0.008 -22"><span class='ocrx_word' id='word_1_255' title='bbox 491 5402 633 5451; x_wconf 76' lang='lat' dir='ltr'>ualitudine</span> <span class='ocrx_word' id='word_1_256' title='bbox 652 5403 688 5450; x_wconf 84' lang='lat' dir='ltr'>F¹</span> <span class='ocrx_word' id='word_1_257' title='bbox 795 5405 822 5453; x_wconf 95' lang='lat' dir='ltr'>ii</span> <span class='ocrx_word' id='word_1_258' title='bbox 845 5408 961 5469; x_wconf 80' lang='lat' dir='ltr'>respondi</span> <span class='ocrx_word' id='word_1_259' title='bbox 980 5406 1019 5455; x_wconf 84' lang='lat' dir='ltr'>F²</span> <span class='ocrx_word' id='word_1_260' title='bbox 1033 5412 1044 5456; x_wconf 88' lang='lat' dir='ltr'>i</span> <span class='ocrx_word' id='word_1_261' title='bbox 1058 5424 1104 5468; x_wconf 80' lang='lat' dir='ltr'>aa,</span> <span class='ocrx_word' id='word_1_262' title='bbox 1124 5409 1294 5471; x_wconf 86' lang='lat' dir='ltr'>raspondondi</span> <span class='ocrx_word' id='word_1_263' title='bbox 1313 5408 1423 5459; x_wconf 65' lang='lat' dir='ltr'>mm.</span> <span class='ocrx_word' id='word_1_264' title='bbox 1530 5412 1587 5459; x_wconf 83' lang='lat' dir='ltr'>nale</span> <span class='ocrx_word' id='word_1_265' title='bbox 1604 5427 1654 5463; x_wconf 77' lang='lat' dir='ltr'>om.</span> <span class='ocrx_word' id='word_1_266' title='bbox 1670 5409 1706 5459; x_wconf 78' lang='lat' dir='ltr'>F³</span> 
     </span>
    </p>

    <p class='ocr_par' dir='ltr' id='par_1_18' title="bbox 580 5488 1128 5559">
     <span class='ocr_line' id='line_1_36' title="bbox 580 5488 1128 5559; baseline 0.011 -23"><span class='ocrx_word' id='word_1_267' title='bbox 580 5489 610 5537; x_wconf 83' lang='lat'>15</span> <span class='ocrx_word' id='word_1_268' title='bbox 629 5488 797 5558; x_wconf 79' lang='lat' dir='ltr'>missitandis]</span> <span class='ocrx_word' id='word_1_269' title='bbox 815 5490 868 5555; x_wconf 76' lang='lat' dir='ltr'>(F),</span> <span class='ocrx_word' id='word_1_270' title='bbox 889 5494 1060 5555; x_wconf 77' lang='lat' dir='ltr'>scriptitandis</span> <span class='ocrx_word' id='word_1_271' title='bbox 1078 5493 1128 5559; x_wconf 83' lang='grc' dir='ltr'>(Π)</span> 
     </span>
    </p>

    <p class='ocr_par' dir='ltr' id='par_1_19' title="bbox 490 5574 2118 5734">
     <span class='ocr_line' id='line_1_37' title="bbox 579 5574 2118 5647; baseline 0.007 -24"><span class='ocrx_word' id='word_1_272' title='bbox 579 5574 610 5623; x_wconf 84' lang='grc'>19</span> <span class='ocrx_word' id='word_1_273' title='bbox 629 5577 693 5623; x_wconf 82' lang='lat' dir='ltr'>tuac</span> <span class='ocrx_word' id='word_1_274' title='bbox 710 5580 845 5638; x_wconf 75' lang='lat' dir='ltr'>epistulam</span> <span class='ocrx_word' id='word_1_275' title='bbox 862 5594 917 5627; x_wconf 83' lang='lat' dir='ltr'>cam</span> <span class='ocrx_word' id='word_1_276' title='bbox 934 5580 1090 5640; x_wconf 74' lang='lat' dir='ltr'>praecedenti</span> <span class='ocrx_word' id='word_1_277' title='bbox 1107 5583 1235 5641; x_wconf 79' lang='lat' dir='ltr'>coaiaaptt</span> <span class='ocrx_word' id='word_1_278' title='bbox 1254 5582 1313 5645; x_wconf 78' lang='grc' dir='ltr'>(Π),</span> <span class='ocrx_word' id='word_1_279' title='bbox 1338 5587 1393 5642; x_wconf 83' lang='lat' dir='ltr'>post</span> <span class='ocrx_word' id='word_1_280' title='bbox 1413 5582 1444 5631; x_wconf 91' lang='grc'>16</span> <span class='ocrx_word' id='word_1_281' title='bbox 1463 5597 1518 5631; x_wconf 82' lang='lat' dir='ltr'>asse</span> <span class='ocrx_word' id='word_1_282' title='bbox 1536 5597 1576 5632; x_wconf 87' lang='lat' dir='ltr'>me</span> <span class='ocrx_word' id='word_1_283' title='bbox 1594 5584 1714 5646; x_wconf 84' lang='lat' dir='ltr'>sospitem</span> <span class='ocrx_word' id='word_1_284' title='bbox 1733 5599 1825 5634; x_wconf 83' lang='lat' dir='ltr'>nouam</span> <span class='ocrx_word' id='word_1_285' title='bbox 1843 5587 1958 5647; x_wconf 76' lang='lat' dir='ltr'>incipere,</span> <span class='ocrx_word' id='word_1_286' title='bbox 1979 5587 2118 5646; x_wconf 78' lang='lat' dir='ltr'>suspicatus</span> 
     </span>
     <span class='ocr_line' id='line_1_38' title="bbox 490 5662 1435 5734; baseline 0.011 -27"><span class='ocrx_word' id='word_1_287' title='bbox 490 5664 526 5708; x_wconf 82' lang='lat' dir='ltr'>est</span> <span class='ocrx_word' id='word_1_288' title='bbox 544 5662 651 5721; x_wconf 70' lang='lat' dir='ltr'>luceius,</span> <span class='ocrx_word' id='word_1_289' title='bbox 670 5669 727 5722; x_wconf 82' lang='lat' dir='ltr'>post</span> <span class='ocrx_word' id='word_1_290' title='bbox 747 5663 775 5712; x_wconf 83' lang='lat' dir='ltr'>it</span> <span class='ocrx_word' id='word_1_291' title='bbox 796 5668 903 5714; x_wconf 83' lang='lat' dir='ltr'>remouit</span> <span class='ocrx_word' id='word_1_292' title='bbox 919 5667 993 5715; x_wconf 75' lang='lat' dir='ltr'>divisi</span> <span class='ocrx_word' id='word_1_293' title='bbox 1009 5680 1053 5727; x_wconf 73' lang='lat' dir='ltr'>eqo</span> <span class='ocrx_word' id='word_1_294' title='bbox 1157 5666 1190 5716; x_wconf 81' lang='lat'>22</span> <span class='ocrx_word' id='word_1_295' title='bbox 1209 5665 1253 5734; x_wconf 83' lang='lat' dir='ltr'>an]</span> <span class='ocrx_word' id='word_1_296' title='bbox 1271 5667 1301 5730; x_wconf 87' lang='grc' dir='ltr'>Γ,</span> <span class='ocrx_word' id='word_1_297' title='bbox 1321 5674 1366 5717; x_wconf 76' lang='lat' dir='ltr'>aut</span> <span class='ocrx_word' id='word_1_298' title='bbox 1384 5668 1435 5732; x_wconf 87' lang='grc' dir='ltr'>(Π)</span> 
     </span>
    </p>

    <p class='ocr_par' dir='ltr' id='par_1_20' title="bbox 577 5745 1771 5820">
     <span class='ocr_line' id='line_1_39' title="bbox 577 5745 1771 5820; baseline 0.008 -25"><span class='ocrx_word' id='word_1_299' title='bbox 577 5745 608 5795; x_wconf 80' lang='grc'>27</span> <span class='ocrx_word' id='word_1_300' title='bbox 629 5754 658 5795; x_wconf 90' lang='lat' dir='ltr'>ut</span> <span class='ocrx_word' id='word_1_301' title='bbox 676 5747 778 5816; x_wconf 82' lang='lat' dir='ltr'>amisso]</span> <span class='ocrx_word' id='word_1_302' title='bbox 797 5751 903 5813; x_wconf 74' lang='lat' dir='ltr'>locatas,</span> <span class='ocrx_word' id='word_1_303' title='bbox 924 5758 953 5800; x_wconf 90' lang='lat' dir='ltr'>ut</span> <span class='ocrx_word' id='word_1_304' title='bbox 971 5758 996 5802; x_wconf 86' lang='lat' dir='ltr'>ta</span> <span class='ocrx_word' id='word_1_305' title='bbox 1014 5755 1106 5802; x_wconf 88' lang='lat' dir='ltr'>emisso</span> <span class='ocrx_word' id='word_1_306' title='bbox 1124 5753 1185 5817; x_wconf 78' lang='grc' dir='ltr'>(Π),</span> <span class='ocrx_word' id='word_1_307' title='bbox 1207 5761 1236 5802; x_wconf 84' lang='grc' dir='ltr'>ιιι</span> <span class='ocrx_word' id='word_1_308' title='bbox 1253 5760 1282 5802; x_wconf 85' lang='lat' dir='ltr'>tu</span> <span class='ocrx_word' id='word_1_309' title='bbox 1300 5758 1392 5805; x_wconf 86' lang='lat' dir='ltr'>amisso</span> <span class='ocrx_word' id='word_1_310' title='bbox 1411 5753 1454 5820; x_wconf 84' lang='grc' dir='ltr'>(Γ)</span> <span class='ocrx_word' id='word_1_311' title='bbox 1471 5771 1501 5805; x_wconf 76' lang='lat' dir='ltr'>cs</span> <span class='ocrx_word' id='word_1_312' title='bbox 1518 5758 1659 5806; x_wconf 70' lang='lat' dir='ltr'>muratam</span> <span class='ocrx_word' id='word_1_313' title='bbox 1676 5757 1771 5808; x_wconf 65' lang='lat' dir='ltr'>uestra</span> 
     </span>
    </p>
   </div>
   <div class='ocr_carea' id='block_1_18' title="bbox 0 0 2362 6472">
    <p class='ocr_par' dir='ltr' id='par_1_21' title="bbox 0 0 2362 6472">
     <span class='ocr_line' id='line_1_40' title="bbox 0 0 2362 6472; baseline 0 0"><span class='ocrx_word' id='word_1_314' title='bbox 0 0 2362 6472; x_wconf 95' lang='lat' dir='ltr'> </span> 
     </span>
    </p>
   </div>
  </div>
 </body>
</html>
