4722 6470
442 484 645 549 CXXXVIII
970 475 1236 534 CERONOLOGIA
1254 471 1541 533 sYnnAcfflArru.

530 712 583 772 76.
610 710 645 770 71
673 707 813 790 scriptae
836 725 909 771 esse
932 704 1050 770 dehent
1071 708 1146 768 ante
1169 701 1464 768 condemnationem
1487 696 1623 764 Timasii
1644 718 1675 762 a.
1702 700 1776 762 396.

530 831 582 891 79.
609 830 648 892 73
679 825 771 892 Felix
802 834 835 890 et
863 824 1072 891 Stemmatius
1093 822 1237 888 Timasio
1267 828 1299 887 et
1320 820 1477 904 Eusignio
1511 817 1759 901 livoratus)
1792 818 2066 897 commendantur,

443 968 523 1031 quos
545 947 577 1013 in
601 947 678 1012 aula
699 945 900 1031 imperatoris
922 945 1059 1010 alieuius
1082 944 1176 1009 simul
1200 943 1317 1028 egisse,
1345 947 1594 1007 consentaneum
1616 942 1677 1003 est.
1717 944 1751 1003 at
1764 937 1941 1021 Eusignins
1957 959 1988 1003 a.
2008 941 2070 1002 383

442 1069 612 1154 proconsul
634 1068 764 1133 Africae
786 1065 864 1148 luit,
890 1086 922 1131 6.
949 1066 1118 1130 386-387
1142 1063 1326 1149 praefectus
1348 1061 1508 1146 praetorio
1531 1059 1663 1139 Italiae,
1690 1063 1803 1142 postea
1824 1059 1949 1123 nullum
1972 1058 2074 1124 hono

443 1210 508 1256 rem
540 1188 682 1271 gessisse
712 1187 848 1253 videtur.
891 1187 989 1252 'annis
1014 1184 1130 1268 igitur,
1163 1184 1218 1268 qui
1240 1184 1325 1250 inter
1345 1181 1560 1248 reversionem
1583 1178 1731 1263 Eusignii
1753 1199 1794 1245 ex
1816 1179 1962 1263 partibus
1984 1179 2073 1246 Afri-

443 1309 533 1375 canis
555 1315 588 1374 et
608 1308 741 1373 Maximi
764 1306 986 1392 tyrannidem,
1020 1325 1086 1389 qua
1107 1303 1310 1389 praefectura
1331 1302 1402 1369 eius
1424 1302 1595 1368 terminata
1617 1306 1680 1381 est,
1712 1299 1887 1382 intersunt,
1921 1299 1980 1364 has
2002 1301 2073 1384 epi-

442 1430 546 1495 stulas
568 1426 739 1511 adscripsi.

955 1820 1174 1904 11174--86
1203 1818 1265 1901 ll)
1292 1818 1554 1902 Pnonorvn.

526 2016 658 2080 Flavius
681 2015 847 2078 Promotus
870 2012 964 2077 simul
988 2030 1059 2076 eum
1082 2009 1226 2075 Timasio
1249 2030 1280 2073 a.
1307 2008 1369 2072 389
1392 2008 1592 2072 consulatum
1615 2007 1734 2091 gessit,
1769 2015 1803 2073 ct
1823 2014 1859 2072 ut
1881 2008 1913 2072 in
1936 2027 2070 2093 corpore

441 2135 647 2221 epistularum
670 2132 870 2218 Symmachi,
904 2132 951 2198 ita
980 2130 1068 2216 apud
1097 2130 1239 2212 reliquos
1268 2146 1395 2212 quoqne
1419 2127 1589 2212 scriptores
1611 2128 1800 2213 plerumque
1823 2135 2066 2212 componuntur.

440 2276 503 2339 quo
525 2264 667 2340 tempore
682 2253 846 2319 Timasius
868 2253 1023 2337 magister
1045 2250 1187 2335 equitum
1209 2249 1345 2335 primum
1361 2255 1637 2331 commemoratur,
1663 2247 1748 2313 circa
1763 2267 1795 2312 6.
1813 2252 1887 2331 386,
1913 2249 2068 2331 magister

439 2375 583 2461 peditum
614 2396 672 2461 per
693 2374 849 2440 Thracias
876 2393 942 2439 rem
966 2373 1050 2457 gerit
1072 2378 1105 2438 et
1127 2370 1354 2455 Greuthungos
1376 2388 1494 2451 magno
1516 2368 1638 2454 proelio
1660 2369 1834 2452 vincitilll.
1880 2369 1951 2435 vice
1973 2390 2070 2436 versa

439 2498 472 2562 in
502 2497 588 2562 hello
618 2500 728 2561 contra
749 2494 924 2559 Maximum
948 2495 1115 2559 Promotus
1137 2490 1311 2576 equitibus,
1346 2488 1510 2556 Timasius
1532 2487 1695 2574 peditibus
1717 2489 1919 2574 praepositus
1941 2494 2065 2574 661997).

440 2624 573 2700 uterque
602 2614 710 2681 Rufini
740 2614 905 2696 inimicus,
940 2621 972 2680 et
1000 2614 1168 2678 Promotus
1196 2631 1236 2677 eo
1264 2630 1367 2694 nsque
1396 2610 1464 2675 irae
1492 2610 1663 2695 prooessit,
1700 2614 1735 2674 ut
1764 2608 1794 2674 ei
1822 2610 1952 2693 alapam
1982 2610 2069 2676 infli-

438 2738 610 2821 geretl⁰⁸);
643 2755 728 2819 quae
755 2755 807 2802 res
837 2734 868 2801 ei
898 2733 989 2800 exitii
1018 2752 1117 2799 causa
1144 2732 1246 2798 fuisse
1278 2731 1404 2797 dicitur.
1451 2751 1526 2796 nam
1555 2750 1594 2795 ex
1623 2731 1700 2796 aula
1726 2730 1902 2796 Theodosii
1930 2731 1964 2795 in
1994 2752 2070 2816 pro-

436 2858 577 2924 vinciam
599 2857 717 2923 missus
739 2877 760 2921 a
781 2855 964 2937 Bastarnis,
998 2853 1053 2937 qui
1076 2852 1190 2918 fraude
1213 2851 1318 2917 Rufini
1340 2851 1374 2916 in
1398 2851 1527 2916 insidiis
1549 2852 1696 2916 collocati
1719 2870 1792 2917 6666
1816 2850 1978 2935 fcmntur,
2012 2872 2068 2919 oc-

437 2980 524 3045 cisus
546 2984 605 3061 est,
633 2978 730 3063 paulo
751 2983 826 3043 ante
841 2975 962 3042 inimici
978 2976 1178 3041 consulatum
1206 2975 1246 3055 (a.
1266 2976 1339 3056 392)
1353 2976 1420 3057 619).
1460 2992 1596 3055 quonam
1612 2973 1731 3039 honore
1746 2972 1835 3056 apud
1849 2972 2067 3039 Theodosium

439 3098 546 3181 fuerit,
573 3120 614 3164 ex
637 3119 675 3165 eo
698 3097 892 3182 agnoscitur,
918 3095 1003 3179 quod
1025 3094 1084 3161 filii
1106 3094 1175 3160 eius
1198 3095 1294 3160 simul
1317 3113 1388 3159 cum
1409 3092 1611 3179 imperatoris
1633 3092 1709 3158 liliis
1731 3093 1859 3160 educati
1883 3095 2032 3179 6666710).

1098 3305 1407 3313 —--————

530 3498 582 3559 74.
611 3499 661 3559 76.
689 3497 741 3559 77.
767 3498 807 3559 80
831 3500 902 3578 post
923 3514 954 3558 a.
975 3494 1048 3575 391,
1074 3511 1137 3574 quo
1155 3491 1323 3556 Promotus
1345 3495 1488 3555 mortuus
1509 3497 1569 3571 est,
1596 3490 1735 3574 scriptae
1751 3510 1823 3556 esse
1838 3512 1902 3556 non
1917 3499 2065 3576 possunt.

526 3619 567 3679 76
590 3614 857 3681 commendaticia
878 3612 1050 3696 Paregorio
1079 3612 1112 3677 in
1135 3611 1276 3676 Africam
1308 3611 1521 3696 proficiscenti
1549 3611 1678 3677 tradita.
1726 3611 1836 3694 itaque
1865 3632 1902 3678 eo
1924 3620 2067 3699 tempore

440 3738 605 3803 Promotus
634 3736 776 3801 nondum
806 3734 840 3799 in
863 3733 992 3800 Oriente
1015 3738 1101 3813 erat,
1135 3731 1194 3797 666
1215 3731 1248 3797 in
1271 3731 1381 3797 Africa
1403 3752 1534 3797 munere
1556 3731 1682 3815 aliquo,
1715 3732 1840 3800 comitis
1862 3726 1999 3800 tortasse
2022 3734 2067 3799 rei

440 3856 599 3939 militaris,
627 3856 834 3939 fungebatur.
873 3853 1024 3937 quoniam
1048 3857 1155 3917 autem
1177 3873 1207 3917 6.
1228 3855 1289 3916 386
1311 3852 1375 3917 iam
1398 3852 1432 3917 in
1447 3851 1594 3917 Thraciis
1617 3873 1767 3936 magnam
1790 3854 1831 3919 de
1848 3853 2068 3938 Greuthungis

440 3977 604 4042 victoriam
634 3976 756 4042 rettulit
784 3994 889 4057 neque
920 3980 1032 4058 postea
1054 3971 1217 4038 Orientem
1247 3971 1416 4055 reliquisse
1447 3970 1574 4037 videtur
1601 3973 1664 4038 nisi
1695 3974 1728 4038 in
1758 3974 2017 4059 expeditionibus
2047 3998 2068 4042 a

439 4096 620 4162 Theodosio
643 4096 814 4181 susceptis,
840 4101 915 4161 ante
935 4094 1028 4160 illum
1050 4113 1168 4158 annum
1191 4093 1331 4178 epistula
1353 4091 1472 4177 scripta
1494 4112 1566 4159 6666
1590 4093 1696 4160 debet.

527 4220 579 4281 78.
607 4220 646 4280 79
670 4217 812 4302 primae,
844 4235 924 4299 quas
947 4215 1161 4300 Symmachus
1187 4215 1230 4281 ad
1253 4215 1434 4280 Promotum
1458 4214 1604 4299 scripsit,
1638 4215 1782 4295 litterac3
1816 4216 1924 4299 itaque
1947 4238 1999 4302 ep.
2025 4221 2065 4281 76

441 4343 584 4421 tempore
607 4337 813 4422 praecedunt.

978 4730 1185 4814 11181--91
1214 4731 1275 4813 611
1303 4730 1527 4814 RVFINVM.

526 4926 561 4985 81
590 4922 802 5015 Symmachus
824 4922 961 5006 primum
984 4920 1129 4986 nuntium
1146 4922 1187 4988 de
1202 4929 1374 5005 quaestura
1388 4922 1422 4986 in
1437 4921 1628 4988 Flavianum
1644 4924 1762 4988 collata
1776 4925 1909 5009 accepit,
1937 4945 1967 4989 6.
1988 4929 2062 4990 382.

440 5064 471 5108 v.
524 5094 530 5105 .
557 5041 672 5107 oxvl.

498 5062 567 5226 Ι)82
591 5168 743 5228 autumno
767 5165 828 5226 389
853 5162 974 5247 scripta
996 5181 1069 5228 esse
1091 5162 1230 5229 videtur.
1276 5184 1308 5229 v.
1333 5163 1377 5229 ad
1399 5183 1451 5248 cp.
1479 5168 1531 5227 56.

526 5440 584 5503 696)
607 5442 698 5490 Zoslm.
719 5441 757 5488 lV
774 5440 817 5491 35.
839 5440 880 5490 38.
901 5440 942 5491 39.

526 5525 587 5589 697)
607 5527 698 5575 Zoslm.
719 5528 754 5576 1v
772 5527 815 5576 46.
835 5527 877 5577 49.
899 5526 945 5587 503
968 5527 1072 5576 Philost.
1093 5530 1117 5577 X
1136 5529 1172 5579 S·

527 5612 586 5671 698)
607 5613 700 5661 Zosim.
721 5614 756 5660 lV
776 5611 817 5663 51.

527 5696 587 5759 699)
607 5699 699 5746 Zoslm.
719 5699 756 5746 lv
776 5697 823 5759 51,
844 5697 932 5747 Claud.
954 5700 980 5746 ln
1000 5700 1083 5749 nuru.
1104 5703 1115 5749 l
1136 5701 1199 5763 3173
1220 5701 1250 5749 de
1269 5714 1338 5749 cons.
1358 5702 1414 5750 Stil.
1437 5701 1515 5764 1953
1535 5703 1590 5750 laus
1610 5702 1719 5751 Serenae
1737 5701 1795 5751 233.

527 5783 585 5847 196)
606 5784 699 5833 Zosim.
719 5784 785 5834 113.
