4746 6472
1104 463 1304 519 SYMMACHI
1322 465 1531 520 EPISTVLAE

1170 808 1301 874 XXIIII
1329 828 1360 874 a.
1381 812 1454 876 383.

372 943 480 1005 PVM
966 944 1226 1012 SYMMAOHVS
1249 945 1466 1012 FLAVIANO
1488 947 1657 1014 FRATRI.

583 1114 786 1199 Simplicium
808 1120 960 1199 agentem
982 1116 1016 1180 in
1037 1117 1133 1182 rebus
1156 1137 1259 1201 paene
1281 1118 1314 1182 iu
1336 1125 1428 1202 porta
1450 1118 1629 1184 Flaminiae
1652 1119 1819 1196 retentavi,
1847 1126 1882 1184 ut
1904 1117 1947 1184 ad
1968 1126 2001 1185 te
2023 1140 2128 1204 pauca

498 1223 530 1281 et
557 1238 622 1282 non
651 1217 827 1283 omittenda
855 1218 1020 1284 dotorem
1068 1218 1155 1284 filius
1183 1225 1291 1285 uester
1318 1220 1494 1286 Flavianus
1516 1222 1650 1287 Romam
1680 1221 1784 1305 pridie
1807 1220 1974 1287 Kalendas
1996 1221 2127 1287 Martias

498 1320 603 1400 vonit,
629 1327 661 1386 et
683 1320 774 1386 brevi
794 1321 856 1387 iter
875 1321 911 1386 in
933 1320 1044 1386 Asiam
1067 1321 1218 1387 secundis
1240 1320 1393 1407 auspiciIs
1415 1322 1572 1402 ordietur,
1606 1322 1692 1406 quod
1718 1323 1792 1389 ideo
1814 1344 1874 1408 par
1895 1323 1957 1390 fuit
1976 1323 2123 1405 indicari,
2148 1346 2162 1384 s

497 1431 532 1488 ut
553 1423 812 1506 sollicitudinem,
838 1445 935 1508 quam
958 1424 999 1490 de
1022 1444 1111 1491 mora
1125 1425 1197 1491 eius
1212 1425 1375 1509 hucusque
1389 1426 1545 1508 tolerasti,
1572 1446 1647 1511 spes
1662 1427 1820 1512 promissa
1835 1427 2013 1511 detergeat.
2039 1429 2122 1493 vale.

1136 1681 1230 1747 XXV
1265 1688 1341 1748 ante
1356 1703 1387 1748 a.
1406 1686 1479 1749 395.

961 1817 1221 1884 SYMMACHVS
1244 1817 1463 1885 FLAVIANO
1484 1818 1654 1884 FRATRI.

580 1987 735 2055 Abundas
757 1989 886 2072 quidem
908 1989 1050 2054 consiliis
1071 1989 1105 2055 in
1127 2009 1253 2055 omnem
1276 1990 1321 2056 rei
1344 2009 1437 2055 usum
1460 1998 1600 2076 paratus,
1628 1998 1660 2057 et
1682 1993 1860 2077 sapientiae
1882 1994 1987 2059 cultus
2002 1994 2124 2061 artibus

495 2094 650 2158 monitore
678 2113 740 2157 non
769 2090 913 2175 indiges3
947 2092 1005 2158 sed
1036 2092 1086 2158 ias
1115 2099 1181 2176 est,
1214 2101 1250 2159 ut
1278 2099 1327 2173 †a
1348 2113 1437 2158 meas
1460 2112 1585 2175 quoque
1608 2093 1738 2176 vigilias
1759 2095 1886 2177 aliquid
1906 2096 2042 2181 privatis
2064 2118 2122 2163 ue·
2143 2115 2174 2157 ιο

492 2196 588 2281 gotiis
610 2195 674 2260 tuis
696 2194 834 2261 conferri
856 2195 1001 2279 potierit.
1049 2215 1149 2279 quare
1178 2195 1206 2259 si
1233 2194 1312 2280 qnid
1333 2195 1603 2281 praemeditatum
1625 2197 1751 2279 utrique
1773 2204 1916 2265 nostrum
1939 2200 2034 2265 stilus
2056 2200 2124 2265 fra-

492 2307 602 2366 ternus
623 2297 806 2381 ingesserit,
832 2297 1030 2363 constantius
1052 2318 1211 2380 exequere
1233 2305 1397 2381 tamquam
1419 2297 1543 2364 duobus
1565 2298 1751 2383 probatum;
1785 2301 1914 2384 siquid
1936 2301 1994 2367 tibi
2016 2303 2124 2368 adhuc

493 2423 610 2468 novum
633 2400 762 2483 legeris,
788 2420 809 2464 a
830 2407 862 2466 tc
884 2399 1050 2466 inventum
1072 2406 1160 2487 puta,
1187 2401 1274 2483 quod
1295 2402 1338 2467 ab
1360 2408 1488 2467 amante
1504 2401 1696 2485 suggeritur.
1744 2403 1867 2469 subieci
1882 2404 1988 2488 capita
2002 2425 2119 2485 rerum,

493 2505 570 2588 quia
592 2502 750 2589 conplecti
773 2502 888 2569 litteris
910 2503 1034 2568 fastidii
1055 2502 1134 2587 iuga
1155 2504 1255 2569 nolui.
1301 2511 1390 2570 tuum
1413 2505 1474 2571 erit
1496 2504 1658 2571 insinuata
1675 2505 1841 2571 trutinare.
1889 2506 1935 2571 ita
1949 2507 2035 2572 enim
2050 2528 2122 2573 meo

493 2608 600 2674 officio
622 2606 749 2673 functus
772 2626 853 2687 sum,
881 2611 916 2672 nt
937 2606 996 2672 tibi
1018 2606 1174 2671 iudicium
1197 2625 1406 2674 reservarem.
1455 2607 1540 2674 vale.
2144 2631 2173 2671 1⁵

1170 2862 1281 2929 XXVI
1309 2883 1340 2928 a.
1359 2866 1444 2928 3351

957 2999 1216 3066 SYMMAGHVS
1239 2999 1456 3067 FLAVIANO
1479 3000 1648 3067 FRATRI.

577 3174 727 3239 Baiarum
756 3172 928 3238 solitudine
955 3172 1164 3238 vehementer
1190 3172 1334 3238 offensus
1364 3171 1505 3238 Puteolis
1535 3171 1634 3237 malui
1666 3173 1864 3240 commorari.
1916 3175 2008 3242 iuvat
2034 3177 2121 3242 enim

491 3299 550 3345 nos
571 3277 664 3343 istius
687 3275 748 3341 loci
771 3276 907 3341 salubris
929 3275 1096 3341 habitatio.
1144 3274 1275 3355 dehinc,
1317 3274 1345 3340 si
1368 3275 1480 3341 adiutu
1503 3273 1557 3341 dei
1579 3281 1688 3360 optata
1710 3276 1939 3360 processerint,
1974 3279 2121 3364 Capuam

491 3399 642 3467 paramus
664 3399 833 3445 excurrere
855 3385 1019 3463 totumque
1041 3378 1127 3444 huuc
1150 3396 1291 3443 mensem
1310 3378 1524 3443 Nouembrem
1547 3377 1685 3443 diversis
1700 3379 1898 3464 Campaniae
1921 3380 2000 3446 locis
2022 3388 2171 3465 atquem

452 3490 471 3548 2
494 3484 626 3550 urbibus
648 3482 850 3568 deputamus.
897 3481 980 3547 haec
1007 3489 1057 3547 est
1086 3480 1186 3546 nostri
1215 3500 1341 3546 summa
1362 3479 1527 3566 propositi.
1575 3480 1633 3546 sed
1656 3488 1689 3546 ut
1710 3480 1837 3547 animus
1860 3483 1998 3548 alacrior
2020 3484 2123 3551 desti-

491 3594 567 3653 nata
596 3591 798 3673 promoveat,
830 3585 946 3651 vestris
975 3584 1136 3666 adloquiis
1166 3583 1340 3667 erigendus
1369 3590 1434 3662 est3
1469 3583 1725 3667 quandoquidem
1754 3584 1904 3651 sanitatis
1933 3595 2058 3653 vestrae
2089 3596 2124 3654 et

491 3690 653 3756 felicitatis
675 3688 794 3755 indicio
816 3688 896 3754 nihil
919 3687 1081 3770 antiquius
1104 3685 1323 3752 aestimamus.
1370 3706 1481 3752 verum
1511 3687 1571 3753 hoo
1600 3708 1657 3772 pro
1684 3687 1804 3772 insigni
1830 3688 1985 3772 religione
2008 3697 2121 3774 sponte

491 3792 636 3872 iacietis,
670 3799 766 3874 atque
787 3790 861 3856 ideo
883 3811 947 3856 non
969 3796 1018 3857 est
1039 3809 1172 3856 necesse
1194 3788 1383 3855 voluntariis
1406 3788 1521 3855 officiis
1543 3791 1673 3856 aculeos
1695 3791 1926 3858 exhortationis
1949 3793 2117 3859 adhibere.

450 3900 468 3959 3
491 3897 615 3962 interea
636 3895 721 3978 quod
742 3901 790 3974 te,
818 3894 862 3959 mi
884 3894 992 3973 frater,
1017 3893 1129 3958 adfore
1150 3891 1332 3979 polliceris,
1357 3892 1565 3959 vehementer
1587 3894 1772 3979 amplector.
1820 3902 1917 3977 atque
1939 3894 2064 3960 utinam
2086 3904 2119 3962 te
2139 3916 2170 3957 aa

487 4000 600 4066 domus
621 4004 689 4064 tota
710 3997 890 4063 comiteturl
920 4003 954 4063 nt
975 4003 1007 4062 et
1029 3995 1122 4061 nobis
1143 3994 1300 4061 laetitiam
1322 3994 1499 4079 pleniorem
1520 3996 1641 4062 tribuat
1655 3995 1812 4061 adventus
1827 3997 1978 4077 omnium,
2005 4006 2039 4064 ct
2060 3999 2118 4063 tibi

487 4122 585 4167 causa
606 4122 669 4167 non
692 4101 733 4166 sit
755 4100 850 4165 citius
872 4100 904 4164 in
927 4099 1068 4183 patriam
1090 4098 1275 4165 recurrendi
1299 4097 1460 4165 desiderio
1482 4107 1515 4165 et
1536 4119 1644 4164 amore
1666 4099 1910 4165 remanentium.

1103 4354 1230 4422 XXVII
1258 4376 1288 4421 a.
1308 4358 1502 4420 365-366r

372 4500 472 4563 PVF
952 4491 1212 4559 SYMMACHVS
1238 4490 1454 4557 FLAVIANO
1477 4491 1646 4556 FRATRI.

574 4664 728 4744 Quamvis
751 4664 875 4745 litteras
898 4683 986 4729 meas
1009 4663 1096 4729 fama
1118 4664 1338 4749 praevenerit,
1371 4683 1454 4746 quae
1482 4670 1689 4728 exoneratum
1719 4670 1751 4729 te
1775 4664 1914 4749 publicis
1936 4667 2115 4733 necessita·
2135 4688 2166 4727 so

486 4772 572 4836 tibus
594 4768 763 4851 nuntiavit,
788 4774 895 4834 tamen
918 4786 980 4849 quo
1002 4766 1128 4833 fidelior
1150 4776 1236 4832 esset
1258 4766 1407 4847 adsertio,
1434 4766 1561 4851 scriptis
1576 4765 1727 4832 confirmo
1743 4787 1911 4832 rumorem.
1960 4770 2018 4835 sed
2041 4771 2118 4837 licet

487 4873 636 4959 publicae
665 4871 710 4937 rei
740 4870 941 4936 absolutione
970 4870 1116 4951 laeteris,
1150 4870 1223 4935 volo
1252 4876 1283 4936 te
1312 4869 1484 4936 adversum
1506 4869 1629 4935 incerta
1658 4870 1792 4949 muniri3
1826 4871 1978 4937 videlicet
2000 4880 2036 4938 nt
2054 4874 2115 4939 sub

573 5148 656 5198 Iam,
677 5147 725 5196 VM
827 5145 983 5209 3poeneP
1085 5152 1177 5209 portam
1197 5147 1244 5195 Pl
1258 5162 1291 5195 m.
1307 5146 1332 5195 'l'
1434 5146 1813 5207 obmurmurationis
1918 5150 1989 5199 tltV

574 5235 654 5285 Sem.
675 5233 725 5282 VM
826 5228 1114 5299 9relusum]l’2m.
1138 5231 1216 5293 luc,
1237 5247 1354 5281 rossum
1374 5231 1403 5294 F,
1423 5232 1681 5282 relussumle.
1801 5233 1832 5283 10
1851 5248 1899 5283 uon
1918 5233 2076 5285 ormPlaa

486 5319 581 5389 amens]
601 5321 644 5369 Pl
660 5336 705 5381 m.,
724 5320 824 5368 admeas
842 5320 937 5369 Pam.
957 5319 983 5380 l,
1004 5322 1066 5381 mels
1085 5318 1118 5382 Φ,
1139 5320 1249 5379 uigilans
1268 5318 1296 5366 Μ
1398 5320 1493 5379 uigillls
1513 5318 1546 5381 Φ,
1567 5335 1616 5369 om.
1632 5319 1661 5365 M
1766 5319 1793 5369 11
1815 5319 1980 5384 conterreat,
2000 5327 2114 5371 utmess

486 5424 585 5473 quoque
603 5409 708 5469 uigilias
726 5406 820 5469 aliquid
839 5408 948 5469 prluatls
966 5408 1073 5467 negotiis
1091 5407 1143 5455 tuls
1162 5407 1272 5455 conterre
1290 5407 1394 5469 patiaris
1412 5405 1465 5454 eod.
1485 5406 1588 5467 (laisla,
1612 5404 1719 5465 fortusse
1738 5413 1766 5454 ut
1784 5422 1798 5454 a
1815 5421 1869 5467 ure,
1890 5407 1935 5467 uls,
1955 5420 2056 5469 quoquc
2074 5410 2114 5456 ui-

486 5497 602 5558 giliarum
621 5495 717 5556 aliquid
734 5499 757 5542 et
770 5509 793 5555 q.
808 5507 829 5542 s.
937 5492 967 5541 13
985 5494 1095 5541 subteclt
1118 5493 1137 5539 V
1242 5491 1272 5541 lt
1290 5492 1375 5556 tugarp
1394 5492 1416 5539 P
1521 5491 1551 5540 15
1570 5492 1722 5540 reserantem
1742 5493 1786 5540 Pl
1800 5508 1833 5541 m.

574 5580 604 5629 ll
623 5594 673 5629 cm.
692 5579 740 5627 VM
872 5577 903 5628 18
921 5578 1051 5627 uehemter
1070 5577 1093 5624 P
1212 5580 1315 5628 otlensls
1338 5580 1358 5625 V
1490 5577 1521 5625 19
1540 5577 1591 5625 dlcl
1615 5578 1635 5625 V
1760 5577 1789 5626 nl
1812 5575 1902 5645 nostrl]
1928 5578 1983 5639 VM,
2003 5581 2072 5628 enlm
2093 5579 2115 5626 P

486 5668 519 5718 23
537 5663 594 5733 pro]
610 5681 652 5715 oro
674 5664 721 5713 VM
823 5665 923 5724 luslgua
943 5661 987 5711 Pl
1002 5679 1036 5713 m.
1142 5662 1175 5712 ll
1193 5664 1294 5712 adibere
1313 5663 1358 5712 Pl
1374 5678 1406 5711 m.
1514 5661 1712 5737 lepontiorum
1739 5664 1757 5710 V
1860 5663 1891 5712 lt
1911 5666 1968 5713 nale
1986 5665 2044 5713 odd.
2066 5665 2114 5712 Vll

573 5752 605 5800 aa
623 5767 669 5799 om.
692 5751 734 5799 VP
834 5751 867 5799 30
886 5749 1064 5812 exiroucrutnm
1085 5749 1112 5809 P,
1134 5750 1315 5798 exhonoratum
1338 5750 1358 5795 V
1460 5747 1492 5797 :tl
1512 5745 1623 5815 laeteris]
1642 5749 1735 5797 litteris
1756 5749 1801 5798 Pl
1816 5766 1849 5797 m.
