4716 6476
507 476 566 538 192
1101 467 1297 524 sxnnncffl
1315 465 1526 523 EPISTVLAE

346 667 485 731 PVMF
501 664 559 730 tali
587 683 706 746 genere
737 661 931 743 litterarum,
966 658 1070 742 magis
1101 666 1136 724 ut
1165 659 1241 724 fidei
1271 656 1484 740 satisfaciam,
1519 677 1614 740 quam
1646 663 1680 720 ut
1709 656 1873 721 labantem
1895 654 2128 739 gratificatione

502 774 690 833 sustentem.
737 764 819 830 haec
848 764 946 848 igitur
974 762 1139 847 petitionis
1169 781 1260 828 meae
1289 780 1413 826 aramma
1436 770 1501 841 est,
1536 766 1569 825 ut
1590 760 1624 824 in
1647 761 1813 844 praeclaro
1836 766 1964 845 pectore
1986 766 2042 825 tuo
2065 759 2128 825 for-

502 892 586 936 mam
610 870 696 936 circa
718 889 753 934 se
776 888 869 935 meae
891 867 1064 933 voluntatis
1086 865 1240 931 inveniat.
1287 866 1372 931 vale.

1192 1089 1285 1155 LIIII
1314 1111 1345 1155 a.
1365 1091 1438 1153 398.

1100 1252 1538 1287 *necessarus-ss*
2149 1247 2161 1286 5

592 1388 633 1453 Vt
654 1407 690 1453 es
712 1406 817 1452 rerum
840 1384 980 1449 omnium
1004 1384 1135 1473 soliers,
1162 1383 1225 1448 scis
1247 1388 1401 1466 quantum
1423 1381 1545 1464 legatio
1568 1381 1687 1446 habeat
1709 1381 1953 1462 sollicitudinis,
1980 1396 2131 1464 quantum

506 1490 722 1576 peregrinatio
757 1487 967 1554 difficultatis.
1016 1486 1097 1552 baec
1130 1485 1259 1550 domino
1293 1492 1326 1551 et
1357 1483 1423 1549 filio
1456 1504 1528 1549 rneo
1562 1485 1670 1549 Attalo
1703 1490 1834 1549 senatus
1868 1484 2030 1549 desideria
2062 1505 2133 1569 pro-

507 1593 653 1675 sequenti
686 1612 775 1657 amor
808 1598 881 1657 tuus
915 1590 1000 1655 levia
1034 1596 1066 1655 et
1099 1595 1168 1654 tuta
1202 1588 1389 1672 praestabit.
1444 1587 1572 1671 suscipe
1605 1586 1703 1669 igitur
1731 1594 1839 1671 partes
1866 1586 2077 1669 benignitatis
2103 1593 2135 1650 et

445 1741 448 1749 .
506 1716 598 1762 meae
628 1695 774 1781 petitioni
806 1694 933 1760 debitas
955 1701 987 1759 et
1009 1699 1063 1757 tuo
1087 1691 1217 1775 ingenio
1240 1697 1463 1774 congruentes.
1511 1688 1590 1754 satis
1613 1689 1721 1754 Attalo
1743 1709 1815 1754 meo
1837 1688 2014 1769 videbitur,
2047 1689 2133 1771 qais

508 1799 581 1882 quis
604 1799 664 1864 erit
686 1804 821 1863 eventus
843 1796 951 1877 officii,
978 1815 1086 1860 curam
1110 1815 1167 1878 pro
1191 1814 1226 1861 se
1249 1793 1406 1859 meruisse
1428 1792 1570 1878 potioris.
1617 1792 1702 1857 vale.
2151 1815 2179 1853 io

1292 2034 1357 2100 LV.

387 2182 496 2244 PVM
1107 2198 1545 2232 *****※*※※***※※

599 2330 704 2416 Saepe
727 2349 801 2412 nos,
828 2336 863 2394 ut
885 2329 1054 2409 condecet,
1082 2328 1197 2393 litteris
1220 2328 1417 2403 muneraris3
1450 2327 1651 2393 obsolescere
1675 2327 1760 2392 enim
1784 2327 1922 2409 quadarn
1946 2328 2064 2394 silentii
2088 2350 2138 2394 ru-

511 2434 622 2517 bigine
652 2433 827 2499 animorum
858 2431 972 2496 foedus
1002 2430 1179 2496 existimas.
1236 2430 1316 2495 facis
1346 2429 1488 2495 officium
1518 2429 1681 2513 germanis
1711 2431 1826 2495 studiis
1856 2432 2035 2514 animisque
2065 2453 2139 2498 con-

512 2537 665 2619 veniens,
699 2557 755 2622 pro
777 2557 841 2619 qua
863 2555 897 2600 re
921 2535 1022 2599 vicem
1045 2533 1104 2599 tibi
1127 2534 1281 2599 seimonis
1305 2532 1424 2598 referre
1446 2554 1510 2598 non
1534 2532 1661 2611 distuli3
1696 2532 1787 2598 cuius
1810 2553 1850 2598 ea
1871 2535 1988 2600 solutio
2010 2541 2075 2613 est,
2107 2544 2140 2599 nt
2161 2556 2187 2595 rr

514 2661 565 2706 me
595 2640 736 2706 adfectui
768 2646 822 2705 tuo
851 2638 946 2704 etiarn
977 2657 1062 2702 nunc
1092 2637 1229 2703 sentiam
1258 2637 1446 2702 debitorem.
1493 2637 1600 2702 ornnia
1630 2637 1714 2702 enim
1745 2636 1833 2701 facili
1861 2637 2080 2705 vicissitudine
2110 2646 2141 2703 et

516 2743 762 2828 conpensatione
785 2731 988 2817 redduntur.
1005 2747 1186 2806 contractus
1208 2761 1284 2806 vero
1307 2741 1468 2806 amicitiae
1491 2748 1524 2806 et
1545 2739 1712 2822 religionis
1734 2747 1885 2805 aeternus
1907 2748 1968 2807 est.
2014 2743 2087 2808 vale
2109 2750 2141 2807 et
2212 2814 2216 2823 ,

515 2847 558 2911 ad
588 2846 790 2912 scribendum
822 2864 894 2909 esse
925 2843 1064 2927 diligens
1094 2862 1276 2929 persevera.
1323 2865 1382 2909 nos
1412 2844 1589 2910 litterarum
1619 2843 1743 2908 solacia
1772 2862 1995 2928 suggeremus,
2027 2846 2141 2928 quibus

518 2958 576 3014 aut
597 2949 738 3014 animum
761 2949 905 3013 mulceas
928 2955 1102 3031 occupatus
1125 2956 1181 3012 aut
1202 2947 1305 3013 vicem
1329 2946 1451 3012 referas
1474 2947 1605 3012 otiosus.
1651 2945 1736 3011 vale.

1288 3188 1370 3253 LVI.

1114 3352 1552 3385 ※※※*※※********

606 3484 678 3548 Tua
707 3501 765 3547 nos
793 3481 937 3546 hortatur
959 3480 1143 3547 humanitas
1166 3502 1257 3566 opem
1282 3482 1487 3565 poscentibus
1509 3500 1572 3546 non
1596 3502 1726 3564 negare.
1773 3503 1830 3567 pro
1853 3482 2020 3549 Theodulo
2042 3493 2146 3551 autern

521 3586 682 3653 scribendi
709 3584 787 3649 milri
815 3583 857 3649 ad
883 3591 915 3650 te
943 3603 1042 3650 causa
1068 3585 1257 3669 propensior
1283 3592 1347 3665 est,
1381 3605 1452 3650 cum
1483 3584 1526 3650 sit
1553 3586 1687 3650 colonus
1716 3604 1865 3669 agrorum
1888 3607 2029 3652 meorum
2052 3596 2146 3672 atqrm

521 3689 571 3754 ilii
601 3687 711 3754 debita
739 3686 845 3770 magis
874 3708 969 3770 quam
1000 3688 1147 3772 precaria
1176 3708 1253 3754 cura
1282 3695 1471 3772 praestetur.
1519 3708 1613 3753 serva
1641 3688 1740 3772 igitur
1768 3690 2032 3756 consuetudinem
2063 3699 2148 3757 tuam

523 3797 556 3857 et
577 3791 726 3876 precibus
749 3791 846 3871 meis,
873 3796 907 3855 ut
930 3796 1094 3856 mestuus
1116 3790 1285 3876 promittit,
1311 3789 1485 3871 inflectere,
1513 3797 1549 3856 ui
1569 3791 1726 3875 quidquid
1748 3792 1861 3877 culpae
1884 3800 1941 3858 aut
1963 3795 2079 3860 enoris
2100 3795 2149 3858 in·
2168 3809 2197 3851 ιι

524 3895 631 3975 currit,
659 3900 770 3958 eontra
790 3892 879 3958 iliius
902 3894 1049 3958 meritum
1072 3914 1143 3959 meo
1166 3894 1310 3977 digneris
1332 3893 1525 3961 interventui
1548 3896 1705 3961 relaxare.
1753 3897 1837 3960 vale.

1287 4134 1385 4201 LVII.

1119 4297 1557 4332 **※**※*※***※※*

613 4425 655 4491 Et
683 4425 810 4491 virtutis
841 4431 874 4490 et
902 4425 1059 4510 propositi
1087 4427 1133 4492 tui
1163 4434 1213 4492 est
1241 4427 1342 4492 bonos
1372 4448 1514 4512 quosque
1544 4427 1722 4513 suscipere;
1756 4429 1840 4497 inter
1864 4451 1945 4514 quos
1967 4433 2153 4501 Alexander

528 4528 796 4612 contemplatione
825 4527 1003 4594 honestatis
1032 4529 1101 4594 iure
1131 4536 1290 4595 censetur.
1337 4531 1421 4596 hunc
1451 4538 1483 4596 et
1503 4531 1538 4596 in
1560 4531 1776 4598 adiumentum
1801 4534 1850 4598 sui
1872 4542 1904 4600 et
1925 4537 2044 4603 amoris
2065 4539 2099 4603 in
2121 4546 2153 4604 te
2173 4557 2201 4598 ao

528 4633 593 4697 mei
614 4631 718 4715 gratia
740 4630 953 4697 familiaribus
976 4632 1091 4698 litteris
1113 4641 1300 4717 prosecutus
1322 4633 1474 4718 inpendio
1497 4635 1661 4719 deprecor,
1688 4642 1723 4700 ut
1744 4636 1794 4701 iili
1816 4638 1956 4703 favorem
1981 4661 2154 4725 congruum

528 4736 662 4816 tribuas,
689 4733 768 4798 mibi
789 4734 1044 4800 vicissitudinem
1067 4737 1224 4802 sermonis
1247 4736 1408 4802 exsolvas.
1456 4738 1540 4803 vale.

621 4996 630 5045 l
652 4997 779 5044 leuantem
799 4995 894 5047 Plan.
914 4998 940 5059 V.
963 4997 1112 5046 laudabilem
1133 4997 1162 5044 Μ
1263 4995 1279 5047 2
1299 4999 1343 5047 inoc
1367 5000 1387 5046 V

617 5081 634 5130 ii
652 5082 830 5132 sollicitudinis
848 5082 938 5131 lrabeat
957 5084 979 5129 F
1114 5084 1128 5132 7
1148 5098 1202 5132 meo
1220 5086 1314 5133 attilio
1337 5083 1386 5132 VM
1522 5085 1537 5136 8
1556 5101 1570 5135 s
1588 5088 1692 5136 mortuis
1715 5087 1735 5134 V
1857 5092 1995 5151 praestabit
2013 5089 2035 5139 P
2050 5095 2060 5139 1
2074 5107 2108 5142 m.
2128 5091 2154 5155 V,

531 5169 658 5231 praestitit
676 5168 705 5215 Μ
807 5170 976 5229 benignitates
994 5168 1089 5219 Pim.
1196 5169 1212 5218 9
1230 5171 1348 5232 petitioni
1366 5186 1436 5221 meac
1455 5174 1485 5233 F,
1505 5186 1576 5222 meae
1593 5176 1725 5236 petitionis
1745 5175 1790 5222 Pr
1805 5190 1838 5223 m.
1860 5176 1880 5222 V

620 5254 651 5303 13
672 5255 758 5303 silenti
776 5253 822 5303 Pl
837 5270 870 5304 m.
1006 5256 1036 5304 ro
1054 5257 1190 5306 debitorem
1211 5258 1256 5317 (ito
1274 5260 1301 5306 tn
1319 5260 1380 5319 rus.)
1404 5258 1426 5305 P
1556 5259 1586 5309 17
1605 5262 1732 5310 amicitiae
1751 5263 1878 5321 religionis
1897 5270 2028 5311 aeternum
2046 5270 2085 5312 est
2107 5266 2128 5313 V

533 5341 605 5389 ualde
628 5340 655 5401 V,
677 5340 761 5389 ualere
780 5340 808 5387 Μ
930 5340 961 5390 18
979 5340 1153 5410 suggeremus]
1173 5345 1282 5404 lasciua,
1301 5346 1458 5405 suggerimus
1482 5346 1538 5409 VM,
1559 5349 1699 5409 sugerianas
1717 5348 1740 5395 P
1870 5348 1901 5397 19
1918 5356 2083 5412 occupaturus
2106 5351 2127 5398 V

533 5429 624 5475 otiosos
642 5426 689 5476 Pr
704 5444 737 5477 m.

620 5512 653 5564 22
672 5519 767 5562 ortatur
786 5513 829 5561 Pl
845 5529 877 5562 m.
1001 5515 1114 5565 theodolo
1133 5516 1229 5565 PVMF
1346 5517 1380 5567 24
1399 5524 1537 5579 praestatur
1560 5518 1607 5566 VM
1725 5518 1758 5568 25
1777 5521 1929 5583 protlttitV
2046 5522 2107 5584 qnid
2129 5521 2156 5585 V,

534 5599 636 5661 siquid
655 5598 684 5646 Μ
785 5599 818 5649 26
836 5601 983 5649 interuentu
1002 5602 1025 5649 F

621 5684 655 5734 29
672 5687 794 5749 propositi
812 5684 862 5753 tui]
880 5688 1029 5749 propositiui
1051 5689 1072 5735 V
1173 5689 1208 5739 30
1225 5697 1362 5739 censentur
1377 5691 1399 5738 V
1501 5691 1530 5740 31
1553 5699 1582 5741 ut
1599 5692 1637 5740 ilii
1654 5694 1766 5741 fauorem
1786 5690 1933 5759 congruum]
1956 5692 2069 5757 Vliilli,
2089 5696 2159 5755 periit

536 5770 563 5818 in
582 5769 603 5819 P
705 5771 737 5821 32
755 5772 960 5821 uicissitudinem
980 5775 1101 5822 sermonis
1119 5772 1246 5841 exscinas]
1267 5775 1380 5837 vatin),
1401 5774 1772 5845 nietssitsllslllfslssfslssoiuas
1792 5779 1814 5827 P
