4736 6478
941 463 1054 519 LIBER
1072 463 1124 520 III.

1003 825 1057 890 m.

859 963 919 1030 no
944 963 1203 1030 svrsorrvn.
1432 948 1442 957 ‘
1869 971 1934 1036 rs

301 1144 374 1227 Ago
396 1140 526 1225 quidem
549 1138 654 1205 studio
676 1144 731 1204 tuo
753 1138 870 1203 uberes
885 1136 1017 1220 gratias,
1043 1136 1127 1221 quod
1142 1137 1220 1202 mibi
1236 1136 1489 1203 familiaritatem
1505 1138 1721 1224 probatissimi
1738 1139 1848 1205 cuius-

220 1268 280 1332 que
303 1245 468 1312 concidas.
512 1242 570 1309 sed
592 1242 693 1309 frater
714 1260 805 1307 meus
827 1240 1051 1326 Hyperecbius
1072 1240 1260 1307 iamdudum
1281 1241 1481 1308 institutione
1504 1243 1666 1309 Romaorn
1689 1250 1750 1309 est.
1791 1264 1849 1309 cur

187 1350 317 1433 sigitur
336 1348 415 1413 mibi
442 1348 528 1413 bona
555 1353 666 1411 nostra
695 1343 925 1410 commendas?
968 1344 1047 1410 cedo
1076 1344 1157 1409 aiios
1187 1364 1248 1410 usu
1278 1344 1457 1427 incognitos
1487 1345 1711 1412 emendatione
1742 1344 1848 1411 consi·
1936 1426 1943 1439 .

219 1453 327 1519 milesi
378 1451 406 1517 si
428 1457 537 1517 tamen
559 1448 675 1514 raritas
696 1448 847 1512 virtutum
870 1446 1053 1529 admiserit,
1087 1454 1121 1512 ot
1150 1469 1248 1514 unum
1277 1454 1334 1513 ant
1356 1450 1491 1514 alterum
1514 1468 1618 1532 aeque
1640 1449 1848 1515 edecumatac

217 1554 397 1622 honestatis
419 1552 578 1619 invenias.
618 1551 694 1617 illos
717 1571 777 1635 ego
800 1550 920 1617 amicos
941 1550 1098 1617 beneficio
1121 1558 1176 1617 tuo
1198 1550 1377 1634 adquisitos
1400 1552 1530 1638 putabo,
1557 1572 1637 1634 quos
1661 1552 1786 1631 nescio;
1813 1560 1849 1618 at

215 1659 311 1726 istum
336 1657 414 1722 mibi
437 1655 607 1723 reddidisti
630 1655 736 1741 potius
760 1675 857 1738 quam
879 1654 1011 1721 dedIsti.

925 1965 984 2030 LII
1013 1986 1044 2030 a.
1064 1967 1139 2031 387.

169 2126 198 2168 ro
859 2102 919 2166 AD
945 2103 1202 2176 EV'I'ROPIVM.
1871 2109 1903 2172 P

303 2277 477 2344 Mediolani
500 2276 626 2343 interim
649 2274 733 2359 dego
755 2276 798 2342 ad
820 2275 974 2359 obsequia
995 2274 1132 2361 auspicii
1147 2276 1325 2343 consularis
1340 2275 1372 2342 d.
1391 2297 1425 2342 u.
1443 2277 1662 2344 Valentiniani
1678 2284 1842 2360 evocatus,

214 2402 254 2449 ac
277 2382 351 2464 cito,
377 2402 470 2465 pom
492 2379 570 2445 mibi
593 2379 659 2445 fors
681 2378 782 2463 dedit,
813 2378 983 2446 exercendi
1006 2378 1093 2445 eirca
1113 2385 1146 2445 te
1168 2378 1232 2445 stili
1256 2380 1380 2465 copiam
1403 2380 1557 2466 libenter,
1583 2389 1619 2448 nt
1639 2382 1742 2448 honor
1763 2381 1847 2447 ami-

213 2485 313 2553 citiae
335 2483 530 2571 postulabat,
556 2483 728 2568 amplexus
751 2482 888 2549 salutem
910 2482 970 2548 tibi
991 2481 1110 2549 defero.
1151 2503 1258 2566 qnam,
1284 2483 1313 2549 si
1327 2484 1411 2550 bene
1427 2484 1623 2570 contemplor
1638 2484 1845 2550 familiarium

214 2588 414 2674 religionem,
441 2585 599 2670 frequenti
623 2606 684 2652 usu
705 2585 938 2653 vicissitudinis
961 2586 1163 2671 repensabis.

988 2896 1076 2965 LIII.

856 3034 915 3099 AD
941 3033 1200 3101 EVTROPIVM.
1868 3040 1934 3104 PF

299 3207 506 3274 Ausonianus
534 3228 566 3272 v.
597 3226 625 3273 c.
657 3205 833 3273 admirator
859 3213 934 3273 tuus
964 3206 1084 3292 scripto
1114 3228 1136 3272 a
1163 3206 1232 3273 suis
1254 3226 1295 3274 ex
1317 3207 1398 3274 Asia
1419 3227 1520 3294 nuper
1541 3207 1667 3289 adlato,
1701 3209 1842 3275 mutilari

210 3330 309 3397 agros
332 3329 418 3393 suos,
444 3310 498 3395 qui
521 3309 579 3375 tibi
602 3309 846 3393 coniunguntur,
872 3309 1007 3395 accepit.
1048 3329 1119 3376 eam
1139 3329 1206 3375 rem
1222 3329 1294 3376 cum
1310 3309 1387 3375 mibi
1403 3311 1564 3378 amicitiae
1578 3318 1708 3378 nostrae
1723 3332 1845 3396 gnarus

210 3413 413 3480 familiariter
434 3413 627 3495 indicasset,
660 3411 817 3498 principio
839 3412 945 3493 suasi,
977 3433 1019 3478 ne
1041 3412 1084 3478 ad
1107 3412 1202 3480 iidem
1230 3413 1311 3478 tanti
1340 3413 1502 3482 mendacii
1524 3415 1688 3481 bominum
1711 3434 1843 3480 suornm

162 3535 191 3579 ro
209 3517 345 3584 levitate
373 3516 568 3597 traheretur;
603 3514 720 3582 debinc
748 3515 892 3601 poscenti
921 3515 1047 3583 litteras
1076 3515 1174 3582 officii
1202 3515 1299 3582 huius
1328 3537 1460 3603 operam
1490 3540 1553 3584 non
1581 3518 1699 3604 negavi
1721 3516 1840 3601 sciens,

209 3628 343 3687 mutuae
365 3617 553 3704 diligentiae
575 3619 765 3701 convenire,
799 3638 871 3684 cum
893 3619 1074 3702 internos,
1101 3640 1183 3703 quae
1206 3621 1249 3686 ad
1270 3620 1488 3705 integritatem
1510 3621 1618 3689 famae
1639 3629 1769 3688 nostrae
1792 3627 1844 3687 at-

208 3724 325 3805 tinent,
351 3721 567 3788 conieramus.
614 3740 734 3806 quaeso
757 3720 868 3804 igitur,
893 3727 929 3786 ut
950 3721 984 3786 in
1007 3722 1122 3788 bonam
1145 3729 1286 3809 partem,
1312 3744 1395 3807 quae
1418 3746 1440 3790 a
1461 3745 1513 3792 me
1536 3725 1734 3807 scribuntur,
1759 3724 1846 3791 acci-

209 3827 294 3913 pias,
321 3833 355 3892 et
375 3816 433 3892 aut
453 3824 620 3891 fallaciam
640 3823 786 3891 temerati
809 3823 889 3890 iuris
912 3824 1011 3891 alieni
1034 3825 1183 3893 celeriter
1204 3846 1375 3912 expurges,
1401 3834 1459 3895 aut
1480 3827 1508 3894 si
1531 3828 1609 3913 quid
1629 3835 1661 3895 te
1677 3827 1848 3912 ignorante

210 3931 374 3996 turbatum
399 3935 459 4013 est,
486 3928 597 3995 iubeas
620 3928 798 3995 reformari.

820 4292 891 4367 AD
919 4291 1235 4370 RIOOMEREM.

854 4465 948 4530 LlIII
981 4470 1104 4532 antea.
1123 4469 1197 4531 394.

295 4635 390 4703 Mens
412 4656 481 4702 mos
504 4642 554 4702 est
581 4656 708 4722 semper
736 4637 868 4721 adloqui
897 4638 1129 4724 praestantiam
1158 4646 1259 4707 tuam
1306 4639 1359 4723 qui
1391 4645 1487 4706 tunsi
1522 4640 1638 4707 litteris
1667 4641 1839 4709 abstinere.

210 4741 365 4823 iacimus,
392 4740 478 4823 quod
501 4739 659 4806 solemus:
692 4760 753 4824 ego
775 4741 897 4821 scribo,
929 4748 965 4806 tu
986 4742 1112 4808 retices.
1160 4741 1218 4808 sed
1241 4742 1307 4808 seio
1329 4742 1363 4808 in
1385 4742 1533 4809 amandis
1555 4743 1667 4809 amicir
1689 4744 1842 4811 maiorem

209 4844 385 4911 virtutibus
406 4844 470 4909 tuis
492 4843 601 4910 inesse
623 4843 834 4910 constantiam
857 4864 951 4927 quam
975 4844 1009 4910 in
1030 4845 1243 4929 neglegendis
1258 4844 1405 4929 epistulis
1423 4846 1632 4927 voluntatem,
1659 4855 1756 4931 atque
1770 4846 1843 4913 ideo

162 4968 191 5010 ao
209 4947 311 5015 animi
334 4946 382 5014 toi
403 4966 535 5013 securus
557 4947 677 5013 culmm
699 4947 757 5012 tibi
784 4946 928 5013 debitum
957 4955 1064 5014 mente
1093 4954 1127 5015 et
1147 4968 1293 5015 sermone
1315 4968 1378 5015 non
1401 4948 1532 5031 desero,
1565 4969 1769 5033 nequaquam
1793 4970 1844 5017 re-

210 5070 359 5137 poscens,
385 5057 420 5116 ut
441 5050 631 5134 scriptorum
653 5049 732 5115 mihi
753 5049 942 5117 vIcissitudo
965 5050 1170 5136 respondeat,
1197 5072 1269 5118 cum
1291 5051 1325 5117 in
1348 5072 1457 5119 amore
1479 5051 1643 5119 reddatur.

294 5433 311 5486 2
332 5433 421 5487 omi*
522 5430 600 5486 diuo
620 5436 643 5500 lo
661 5435 689 5486 ia
706 5438 766 5497 roc.)
788 5430 812 5486 P
912 5433 1078 5503 lyparadm
1097 5433 1141 5488 PF
1242 5434 1349 5490 baedae
1369 5433 1415 5504 (Γ)
1522 5435 1747 5489 terdecimum
1768 5437 1789 5487 i'

296 5521 328 5573 il
348 5522 474 5573 eedloleni
493 5521 515 5570 P
616 5524 649 5572 erl
667 5526 694 5572 br
711 5538 763 5573 rar.
786 5523 808 5570 P
913 5524 944 5574 12
962 5539 1036 5588 quam
1055 5527 1156 5589 merari,
1177 5539 1225 5575 crrr.
1242 5526 1265 5574 P

296 5607 330 5659 16
347 5604 435 5658 σπι]
555 5608 585 5659 il
605 5611 770 5659 musonianus
790 5604 838 5675 (Γ)
957 5613 996 5660 uir
1012 5610 1193 5662 consularislv'
1306 5613 1393 5660 esuis
1410 5608 1497 5661 cmi*
1607 5611 1722 5660 mutilari
1744 5610 1789 5660 Pl
1804 5627 1836 5660 m.

210 5692 240 5746 is
259 5694 485 5746 familiaritatem.
502 5694 524 5743 F
624 5698 699 5745 doum
719 5695 743 5744 P
755 5701 767 5746 i
781 5712 815 5748 m.
922 5696 952 5747 21
974 5698 1175 5763 iutegritatatem
1194 5699 1216 5746 P

295 5780 330 5831 25
348 5781 455 5844 expliclt
471 5782 503 5830 ed
521 5783 663 5845 eutropium
680 5782 723 5832 ind
741 5784 771 5831 ad
790 5785 933 5833 ricomerem
953 5784 981 5846 P,
1002 5798 1050 5834 om.
1065 5786 1089 5832 Ρ
1189 5782 1221 5834 27
1240 5786 1293 5834 tuis
1313 5782 1335 5831 F
