4744 6476
493 478 554 538 310
1078 472 1274 529 SYMMACHI
1293 472 1529 529 RELATIONES

379 668 476 729 ΤΜΓ
497 664 552 729 diu
582 664 663 729 nihil
694 663 860 728 solitorum
890 663 1096 746 vectigalium
1120 662 1269 729 decretae
1292 663 1477 747 provinciae
1500 664 1701 730 contulerunt
1726 672 1822 748 atque
1844 666 1917 732 ideo
1940 667 2045 733 iustus
2069 675 2117 734 est

494 774 616 849 metus,
643 788 684 833 nc
707 767 908 832 cessantibus
932 766 1084 831 subsidiis
1107 767 1292 832 necessaria
1315 767 1513 849 deserantur,
1539 787 1623 850 quae
1645 768 1801 834 hactenus
1823 789 1982 854 personae
2003 777 2117 838 tenues

494 870 612 953 alieno,
639 877 675 935 ut
696 876 879 952 queruntur,
906 889 981 935 aere
1003 870 1189 935 tolerarunt.
1230 889 1328 955 super
1349 869 1409 936 hoc
1427 870 1524 935 etiam
1539 872 1735 939 reverendus
1749 873 1826 939 ordo
1845 876 2019 955 consultus,
2047 896 2116 941 cum

494 994 552 1058 per
574 993 609 1039 sc
632 973 753 1039 mederi
776 972 912 1038 adfectis
934 973 1030 1038 rebus
1053 973 1207 1055 nequiret,
1234 993 1327 1058 opem
1350 982 1478 1039 vestrae
1494 974 1703 1058 perennitatis
1718 977 1830 1043 oravit.
1872 977 1960 1043 edita
1974 978 2055 1043 ratio
2070 987 2118 1044 cst

494 1076 710 1160 vectigalium,
738 1095 821 1159 quae
836 1076 1062 1160 Hispaniensis
1077 1083 1173 1159 atque
1188 1076 1427 1142 Alexandrinus
1449 1077 1602 1143 invehere
1625 1077 1737 1144 debuit
1759 1087 1970 1159 commeatus;
1997 1100 2148 1166 espen-s

455 1184 473 1244 3
497 1181 621 1244 sionem
644 1200 768 1262 quoque
783 1180 893 1245 titulos
909 1186 1117 1264 competentes
1133 1178 1232 1244 officii
1247 1199 1323 1245 cura
1337 1179 1486 1262 digessit:
1514 1201 1645 1264 quaeso,
1672 1188 1707 1247 nt
1722 1182 1879 1266 omnibus,
1905 1204 1988 1266 quae
2003 1184 2118 1250 cohae-

495 1289 582 1364 rent,
618 1283 755 1349 libenter
775 1282 929 1367 inspectis
951 1282 1083 1349 utilitati
1105 1282 1255 1367 publicae
1277 1284 1372 1348 velox
1393 1283 1569 1349 remedium
1597 1285 1779 1369 porrigatis.
1827 1288 2013 1369 urgentibus
2036 1288 2117 1353 enim

496 1386 604 1452 causis
620 1386 734 1470 negari
749 1407 812 1451 non
827 1393 934 1471 potest
946 1386 1058 1451 inlatio
1074 1387 1239 1452 sollemnis
1254 1386 1409 1472 inpendii.
1449 1408 1548 1469 quare
1564 1387 1655 1471 ferte,
1682 1396 1718 1455 ut
1731 1390 1852 1473 solede,
1878 1389 2008 1474 propitii
2026 1391 2118 1455 auxi-

463 1477 472 1487 *
497 1488 586 1571 lium,
614 1489 723 1573 etqui
745 1489 906 1554 mentibus
928 1490 992 1574 piis
1014 1510 1098 1555 nova
1120 1491 1237 1574 populo
1253 1491 1396 1555 Romano
1418 1490 1576 1557 beneficia
1592 1491 1736 1575 defertis,
1762 1494 1859 1559 etiam
1874 1494 1980 1579 prisca
1995 1502 2119 1561 servate

497 1600 593 1676 atque
622 1592 691 1659 urbi
722 1600 847 1658 vestrae
877 1593 1021 1659 adnuere
1052 1592 1248 1677 dignamini,
1284 1601 1316 1660 et
1338 1593 1423 1678 quod
1445 1595 1681 1679 praetermissio
1704 1597 1876 1682 praeterita
1899 1597 2066 1682 suspendit
2087 1604 2165 1663 etro

497 1697 582 1780 quod
604 1696 731 1761 futurus
754 1715 832 1760 usus
856 1704 1015 1781 expectat.

975 1971 1151 2038 xxxvm
1171 1972 1234 2055 (nr.
1253 1972 1367 2055 svm)
1404 1993 1435 2037 a.
1455 1975 1636 2038 aer-ass.

585 2146 623 2208 In
639 2144 777 2227 negotiis
799 2150 942 2228 tempore
964 2164 1002 2208 ac
1024 2143 1220 2209 iudicatione
1241 2143 1340 2209 finitis
1362 2163 1491 2210 cessare
1513 2165 1650 2227 aequum
1674 2156 1723 2211 cst
1746 2147 1862 2231 longae
1885 2149 2042 2215 orationis
2064 2170 2119 2215 ex-

498 2268 636 2329 cursum,
663 2269 704 2312 ne
725 2255 757 2312 et
771 2247 911 2312 numinis
934 2246 1033 2313 vestri
1056 2247 1215 2313 salutares
1237 2253 1329 2312 actus
1351 2255 1462 2314 oneret
1483 2267 1587 2314 sermo
1609 2250 1764 2333 prolixior
1785 2258 1818 2316 et
1841 2252 1911 2317 sine
1934 2260 2120 2336 argumento

457 2360 604 2419 ‘lterum
633 2351 810 2434 loquacitas
840 2370 966 2415 morosa
996 2350 1182 2434 displiceat,
1216 2349 1293 2415 ddd.
1323 2350 1446 2435 imppp.
1493 2373 1566 2417 cum
1594 2352 1627 2417 in
1649 2351 1768 2418 iudicio
1790 2355 2001 2421 moderatoris
2023 2356 2120 2441 Apuli
2140 2375 2167 2414 ιε

498 2456 581 2521 inter
602 2455 807 2534 Marcellum,
841 2453 896 2536 qui
925 2473 961 2519 se
991 2453 1149 2519 deiectum
1181 2455 1384 2537 possessione
1407 2462 1540 2537 questus
1562 2464 1627 2534 est,
1659 2456 1800 2540 itemque
1822 2459 2015 2523 Venantium
2039 2467 2121 2525 stra-

498 2566 609 2640 torem,
636 2565 672 2624 ut
691 2558 761 2642 ipse
785 2557 957 2637 confirmat,
985 2556 1118 2639 eiusque
1140 2577 1326 2639 germanam
1343 2557 1546 2623 Batrachiam
1569 2577 1669 2623 causa
1684 2559 1856 2626 violentiae
1878 2561 2117 2644 disceptaretur,

499 2661 681 2748 provocatio
703 2683 724 2726 a
746 2660 810 2726 reis
831 2660 1013 2725 inconsulta
1035 2641 1206 2745 processit,
1241 2659 1326 2742 quod
1356 2660 1561 2746 provincialis
1587 2661 1730 2744 cognitor
1751 2665 1917 2748 promissis
1939 2664 2057 2730 litteris
2078 2665 2121 2730 ad

499 2766 653 2831 vicariam
683 2771 875 2850 potestatem
906 2770 1091 2848 susceptum
1121 2763 1272 2829 retineret
1298 2783 1444 2829 examen.
1491 2771 1567 2829 tnnc
1590 2764 1741 2831 auditorii
1764 2765 1848 2831 sacri
1869 2766 1968 2833 iudex
1990 2768 2122 2833 rectoris

498 2869 612 2933 adfatu
643 2888 740 2952 super
760 2866 977 2952 appellatione
1000 2867 1163 2932 consultus
1186 2876 1218 2931 et
1239 2866 1503 2951 praeiudicialcm
1526 2868 1659 2933 multam
1682 2869 1793 2934 statuit
1815 2889 1835 2933 a
1857 2871 2119 2954 provocatoribus
2139 2890 2168 2932 ro

458 2976 476 3037 3
499 2971 701 3037 inferendam
733 2982 764 3037 et
792 2971 899 3055 ipsum
923 2969 1138 3052 quaesitorem
1162 2969 1287 3035 crimini
1309 2969 1399 3036 dedit
1420 2991 1491 3035 eum
1515 2971 1703 3037 executione
1725 2972 1899 3039 vindictae.
1946 2974 2123 3058 posthaec

500 3075 740 3160 obreptionibus
763 3073 903 3158 partium
925 3074 1080 3138 nonnulla
1102 3079 1196 3157 gesta
1218 3081 1308 3155 sunt,
1338 3080 1373 3138 ut
1394 3073 1547 3139 iudicatio
1569 3082 1791 3140 consummata
1812 3076 2000 3142 traheretur.
2047 3098 2122 3142 nam

502 3185 535 3245 ct
560 3178 609 3243 vir
631 3176 818 3262 spectabilis
841 3176 991 3242 decessor
1013 3195 1113 3257 meus,
1142 3197 1214 3242 cum
1236 3178 1370 3241 multam
1394 3177 1561 3243 didicisset
1583 3185 1741 3256 exactam,
1767 3198 1864 3260 quam
1887 3179 2016 3246 decreto
2039 3183 2123 3247 sacri

503 3281 652 3348 auditorii
680 3280 857 3366 appellatio
887 3279 1128 3364 praeiudicialis
1158 3287 1348 3363 agnoverat,
1386 3280 1499 3346 statuit
1534 3300 1664 3346 eausam
1693 3281 1835 3346 criminis
1863 3281 1907 3346 ad
1937 3301 1972 3348 se
2004 3283 2123 3350 debere

461 3395 480 3451 4
504 3383 682 3463 transferri,
709 3391 741 3448 et
763 3403 823 3466 ego
845 3382 931 3448 idem
955 3389 1085 3448 secutus
1107 3382 1270 3471 partesin
1293 3403 1429 3449 examen
1451 3383 1566 3449 accivi.
1610 3383 1669 3448 scd
1691 3404 1762 3449 cum
1785 3391 1819 3450 et
1839 3392 1967 3470 tempus
1990 3407 2122 3471 repara·
2142 3406 2172 3448 rs

502 3486 598 3552 tionis
613 3492 701 3552 esset
716 3505 893 3565 emensum,
920 3491 953 3550 et
971 3505 1107 3570 poenam
1122 3486 1352 3570 provocationis
1374 3494 1431 3552 aut
1453 3493 1637 3572 expectaret
1657 3494 1714 3551 aut
1736 3487 1928 3572 sumpsisset
1949 3490 2118 3573 aerarium,

501 3590 674 3656 violentiae
708 3609 833 3672 quoque
866 3608 995 3654 causam
1025 3588 1175 3653 Venantii
1207 3608 1245 3653 ac
1274 3589 1465 3654 Batraebiae
1496 3589 1651 3673 professio
1678 3610 1717 3653 ac
1747 3589 1944 3672 quorundam
1975 3592 2123 3676 capitalis

502 3693 667 3760 damnatio
698 3691 920 3772 terminasset,
962 3690 1166 3775 pronuntiavi
1196 3691 1410 3775 cognitionem
1441 3692 1524 3757 sacri
1553 3712 1680 3757 cessare
1709 3691 1820 3757 iudicii
1853 3701 1886 3759 et
1915 3694 2119 3779 venantium,

502 3817 595 3882 quem
627 3818 658 3861 v.
684 3816 712 3861 c.
738 3802 771 3860 et
791 3794 937 3859 inlustris
966 3793 1142 3859 officiorum
1171 3794 1326 3877 magister
1348 3794 1487 3861 iusserat
1508 3794 1671 3878 exhiberi,
1704 3795 1815 3860 censui
1838 3797 1950 3878 agenti
1971 3797 2006 3862 in
2028 3800 2123 3864 rebus

460 3908 478 3965 5
502 3900 667 3980 Decentio,
694 3919 756 3981 quo
779 3903 990 3983 prosequente
1012 3903 1154 3979 venerat,
1181 3915 1253 3962 esse
1277 3896 1487 3962 reddendum.
1535 3897 1593 3962 sed
1616 3918 1687 3962 cum
1710 3899 1859 3963 Venantii
1882 3901 2026 3965 stratoris
2048 3901 2123 3966 inli-
2141 3923 2171 3963 oo

501 4003 597 4069 citam
619 4008 870 4086 usurpatamque
890 4000 1037 4064 militiam
1052 4000 1225 4065 Marcellus
1248 4007 1407 4083 argueret,
1435 4001 1521 4082 quod
1544 3999 1749 4066 decurionum
1772 4002 1955 4086 adscriptus
1977 4004 2062 4084 albo,
2089 4012 2123 4069 ut

501 4113 594 4189 gesta
622 4106 816 4186 docuerunt,
855 4102 1025 4167 adversum
1056 4103 1147 4185 leges
1174 4102 1217 4167 ad
1247 4103 1391 4187 palatina
1419 4111 1523 4169 castra
1552 4103 1737 4182 transisset,
1779 4125 1842 4169 non
1871 4105 1968 4171 debui
1997 4106 2124 4172 obiecta

502 4209 649 4289 reticere,
675 4214 711 4273 ut
732 4207 766 4271 in
789 4226 829 4272 ea
850 4226 900 4288 re,
927 4226 1010 4287 quae
1033 4205 1161 4270 modum
1185 4205 1249 4271 mei
1272 4206 1499 4288 egrediebatur
1521 4206 1688 4289 examinis,
1715 4209 1890 4275 aeternitas
1912 4215 2021 4275 vestra
2043 4210 2123 4295 ipsis

501 4312 640 4396 legibus,
666 4330 747 4392 quas
770 4316 886 4391 tuetur,
913 4307 1080 4392 augustior
1100 4308 1269 4375 iudicaret.

587 4485 619 4535 32
638 4482 708 4538 (lod.
729 4482 837 4537 Theod.
858 4480 915 4534 XII
934 4482 957 4544 1,
978 4482 1020 4534 94.
1041 4482 1084 4534 05,
1106 4482 1155 4532 100
1173 4485 1203 4535 et
1220 4482 1333 4549 passim.

589 4738 748 4792 lsolttorum
766 4739 876 4790 nihils
986 4739 1140 4789 isubsidlts
1158 4755 1221 4790 corr.
1240 4756 1270 4790 aa
1288 4743 1386 4790 subdiis
1407 4742 1436 4804 Γ,
1458 4743 1549 4791 studiis
1569 4742 1598 4789 M
1700 4748 1805 4791 actenus
1826 4742 1877 4789 ΓΜ
1980 4742 2045 4793 3ut
2062 4759 2125 4807 qne-

501 4826 603 4897 runtur]
622 4829 653 4891 Γ,
673 4844 720 4879 om.
745 4827 795 4875 ΓΜ
897 4828 958 4876 haec
976 4825 1002 4875 Γ
1102 4826 1242 4877 teneoras
1262 4828 1296 4890 M,
1317 4830 1420 4876 aftlietis
1438 4827 1466 4876 Γ
1574 4829 1791 4891 Hispanienses
1809 4834 1884 4891 atque
1903 4830 2125 4879 Alexandrinosl

501 4917 611 4967 cornei
629 4915 716 4965 orraT
828 4914 962 4976 §propitii
980 4920 1009 4962 nt
1027 4914 1113 4962 soletis
1133 4912 1159 4961 Γ
1265 4912 1323 4976 9p.
1346 4929 1364 4964 r.
1388 4913 1440 4975 ΓΓ,
1461 4930 1480 4962 r.
1501 4930 1527 4977 p.
1549 4914 1575 4961 M
1690 4914 1720 4964 10
1739 4915 1879 4975 dignemini
1897 4913 1923 4962 Γ
2033 4915 2061 4965 11
2082 4931 2125 4966 ex·

501 5009 584 5068 poetae
601 5001 709 5050 feliciter
726 5000 753 5049 Γ

588 5086 620 5136 12
638 5088 671 5135 D.
692 5087 830 5135 Theodosio
847 5100 948 5147 semper
965 5086 1032 5145 Aug.
1052 5085 1216 5144 Symmachus
1233 5087 1312 5149 praef.
1332 5088 1387 5135 urb.
1408 5085 1435 5136 Γ
1575 5086 1606 5137 15
1625 5087 1748 5149 dispiceat
1767 5086 1796 5134 M
1931 5082 1987 5137 edd
2003 5088 2070 5151 impr
2088 5088 2122 5151 M,

501 5177 533 5224 D.
554 5176 693 5237 Imperator
711 5171 741 5236 Γ,
761 5172 795 5234 es.
814 5188 840 5234 p.
860 5170 956 5234 2Ί9,7
1075 5170 1106 5219 16
1124 5170 1203 5241 tuter]
1221 5174 1269 5221 lter
1286 5173 1315 5221 M
1426 5172 1550 5222 directum
1570 5173 1597 5220 M
1712 5175 1775 5222 item
1796 5173 1824 5220 M
1939 5173 1969 5222 lt
1990 5175 2125 5223 cloleutlac

500 5256 695 5327 dlsceptaretnr]
712 5274 764 5321 epo,
784 5260 891 5308 ulolentl
909 5260 1055 5308 aedlttcetur
1075 5259 1105 5318 Γ,
1127 5260 1263 5309 uiolentiae
1281 5260 1428 5308 aedltlcstnr
1446 5259 1481 5319 M,
1501 5260 1638 5308 uiolentiae
1657 5261 1783 5308 dlcsretur
1801 5258 1829 5307 Γ
1955 5260 1987 5310 18
2005 5263 2125 5322 praemis·

500 5350 535 5398 sls
554 5346 580 5395 Γ
682 5346 713 5397 19
732 5351 874 5408 susceptam
894 5345 947 5392 ΓΜ
1047 5344 1155 5394 auditori
1176 5346 1228 5393 ΓΜ
1330 5348 1418 5395 rectori
1439 5345 1492 5392 ΓΜ
1593 5346 1626 5395 20
1645 5352 1685 5394 est
1702 5346 1832 5394 consultus
1848 5344 1875 5394 Γ
1974 5361 2053 5397 eom.
2070 5345 2096 5394 Γ

500 5430 714 5500 prouocatorlbns]
727 5433 838 5493 donetur,
851 5432 1070 5495 procurationibus
1086 5431 1163 5480 ΓΜΓ
1260 5432 1293 5482 22
1310 5433 1497 5495 opreptioulbns
1513 5433 1541 5494 Γ,
1557 5434 1755 5495 correptionibus
1769 5431 1798 5479 M
1899 5430 1931 5481 23
1950 5433 2030 5480 multa
2045 5432 2094 5479 ΓΜ

500 5525 588 5569 exacta
611 5518 660 5566 ΓΜ
778 5515 865 5585 qnam]
882 5532 939 5567 cum
960 5518 989 5564 M
1117 5518 1149 5568 24
1169 5525 1302 5580 agnouerat
1319 5533 1367 5567 orn.
1390 5518 1419 5564 M
1539 5520 1618 5567 statut
1637 5517 1665 5565 M
1796 5518 1829 5567 25
1847 5514 1925 5584 idem]
1943 5518 2045 5580 quidem
2066 5517 2093 5564 M

500 5620 556 5654 cnm
576 5620 624 5654 om.
640 5603 669 5651 M
772 5603 805 5653 26
824 5599 1021 5669 prouocationls]
1036 5602 1146 5667 Lectica
1165 5604 1318 5667 probationis
1332 5602 1410 5651 ΓΜΓ
1510 5603 1542 5652 tr
1561 5609 1659 5664 etpost
1677 5618 1776 5652 causam
1796 5606 1868 5653 inser.
1886 5602 1938 5650 ΓΜ
2039 5604 2126 5652 Batra-

500 5692 576 5740 cheae
596 5690 624 5738 M
726 5690 786 5750 fort.
807 5690 876 5739 scrib.
898 5690 1021 5740 cenfesslo
1124 5690 1287 5752 quorumdam
1308 5688 1359 5737 ΓΜ
1460 5688 1493 5739 28
1512 5687 1619 5756 cessare]
1637 5704 1692 5738 esse
1710 5687 1738 5736 Γ
1838 5689 1871 5738 29
1889 5703 1965 5737 rensc
1983 5692 2069 5749 agenti
2089 5690 2121 5747 M,

500 5778 588 5825 cenant
606 5777 717 5839 gentil*
822 5776 855 5826 30
873 5777 991 5824 deeeuclo
1012 5776 1040 5823 M
1141 5776 1173 5826 32
1193 5775 1234 5844 ad]
1254 5783 1280 5824 st
1300 5775 1350 5823 ΓΜ
1456 5775 1488 5825 33
1506 5778 1631 5825 exanlmis
1650 5775 1678 5823 M
1781 5776 1814 5825 34
1833 5777 1929 5837 legibus
1947 5790 1996 5823 orn.
2017 5775 2046 5823 M
