4746 6472
1095 491 1291 549 stitutum
1310 491 1520 550 EPISTVLAE

983 853 1171 920 uxxvnu
1191 854 1351 937 xxxin)
1392 875 1423 920 a.
1444 857 1625 921 arr-aso.

1050 991 1312 1058 suuulonvs
1338 991 1561 1062 nnsenmo.

578 1163 823 1248 Praesumptum
853 1168 910 1229 aut
931 1170 1116 1249 conpertum
1140 1169 1249 1244 tenes,
1285 1170 1406 1246 quanta
1434 1164 1514 1230 mihi
1543 1165 1586 1230 sit
1607 1173 1682 1231 tuae
1704 1164 1811 1231 laudis
1833 1165 2017 1250 antiquitas.
2065 1185 2122 1231 ea-

490 1273 621 1352 propter
642 1265 724 1332 nibil
746 1265 817 1332 fieri
839 1266 960 1350 patior,
995 1266 1079 1349 quod
1101 1274 1229 1332 actuum
1252 1273 1378 1332 tuorum
1401 1267 1539 1351 gratiam
1562 1268 1764 1335 devenustet.
1811 1268 1994 1334 Priscianus
2023 1267 2122 1334 frater

491 1388 582 1434 meus
610 1389 682 1435 cum
708 1368 820 1454 primis
842 1369 1104 1455 philosophorum
1127 1369 1307 1436 litteratura
1329 1377 1361 1436 et
1382 1370 1550 1436 honestate
1572 1371 1755 1438 censendus
1777 1377 1891 1438 senatu
1913 1377 2042 1438 auctore
2066 1391 2153 1437 sss-⁵

490 1472 563 1538 larii
585 1473 801 1538 emolumenta
823 1471 1038 1556 consequitur.
1085 1491 1181 1557 super
1202 1472 1272 1538 eius
1300 1473 1435 1538 annonis
1463 1473 1579 1538 dicitur
1606 1480 1675 1539 orte
1704 1473 1877 1555 dubitatio,
1912 1473 1965 1540 cui
1988 1474 2017 1541 si
2039 1474 2119 1540 nihil

489 1574 568 1641 talis
590 1575 760 1660 conpendii
782 1568 984 1660 optimatium
999 1575 1150 1641 voluntas
1173 1582 1248 1642 ante
1270 1576 1446 1657 tribuisset,
1472 1575 1608 1642 eruditio
1629 1584 1686 1642 tua
1707 1576 1845 1644 fructum
1867 1576 1951 1643 ferre
1973 1577 2116 1644 deberet.

491 1678 554 1744 scis
576 1677 662 1744 enim
683 1679 786 1744 bonas
807 1685 893 1745 artes
916 1678 1037 1744 honore
1058 1678 1172 1743 nutriri
1193 1686 1290 1763 atque
1312 1679 1373 1745 hoe
1394 1679 1557 1764 specimen
1579 1678 1721 1746 florentis
1743 1699 1816 1746 esse
1838 1679 1940 1763 reip,
1965 1687 2002 1746 nt
2023 1679 2120 1747 disci-

490 1781 652 1866 pliuarum
675 1780 911 1865 professoribus
940 1781 1087 1866 praemia
1108 1782 1263 1865 opulenta
1285 1782 1475 1866 pendantur.
1523 1802 1644 1865 quaeso
1666 1781 1774 1866 igitur,
1806 1802 1847 1848 ne
1869 1782 1931 1848 bac
1959 1783 2120 1868 inquietu-

490 1882 566 1949 dine
595 1890 652 1949 aut
679 1883 768 1949 illins
798 1883 960 1949 minuatur
982 1883 1105 1949 utilitas
1132 1891 1190 1950 aut
1214 1884 1414 1969 amplissimo
1437 1884 1541 1951 ordini
1563 1885 1716 1951 censendi
1739 1885 1912 1951 auctoritas
1934 1885 2115 1969 derogetur.
2140 1905 2170 1945 ro

490 1986 624 2052 interest
645 1985 752 2053 famae
775 1992 808 2052 et
830 1986 952 2069 gloriae
974 1995 1065 2067 tuse,
1100 1995 1135 2052 ut
1166 1988 1375 2054 confirmandi
1404 1988 1510 2073 magis
1538 2007 1635 2072 quam
1662 1988 1803 2073 negandi
1831 1988 1991 2054 commodi
2021 2008 2119 2054 causa

491 2088 532 2155 de
553 2089 737 2174 philosophi
760 2089 878 2155 salario
901 2089 1069 2157 dubitasse
1091 2090 1244 2157 videaris.

1135 2434 1260 2502 nxxx
1281 2435 1472 2521 (uxxnu).

1048 2573 1309 2639 sxuulonvs
1336 2573 1558 2640 assensio.

578 2744 627 2809 lin
649 2742 709 2809 tibi
731 2743 891 2810 secundas
913 2743 1036 2810 litteras
1058 2765 1147 2812 meas
1170 2753 1204 2812 et
1224 2745 1332 2812 adhuc
1349 2744 1509 2831 prioribus
1523 2745 1710 2811 vicissitudo
1725 2744 1870 2813 debetur.
1910 2746 1995 2813 dices
2010 2746 2121 2814 viandi
2141 2765 2169 2806 u

493 2848 621 2932 negotio
651 2847 837 2933 impeditam
864 2848 920 2913 diu
941 2869 1072 2933 operam
1096 2848 1279 2934 scriptionis
1301 2856 1334 2915 et
1354 2848 1421 2915 alia
1443 2849 1577 2915 forsitan
1598 2850 1701 2915 multa
1724 2850 1912 2916 causabere.
1959 2871 2021 2934 ego
2043 2870 2122 2937 prae

492 2952 539 3017 tui
561 2971 670 3018 emere
691 2952 776 3017 banc
798 2951 925 3016 veniam
949 2971 1013 3016 non
1035 2952 1213 3034 gravabor,
1248 2951 1305 3018 sed
1328 2951 1440 3017 eodem
1463 2972 1572 3018 amore
1599 2953 1741 3037 postulo,
1775 2959 1811 3020 ut
1832 2973 1903 3018 cum
1926 2953 1987 3019 erit
2008 2954 2117 3034 otium,

494 3075 583 3122 mora
604 3054 779 3121 necessarii
802 3054 921 3121 silentii
944 3054 1050 3121 officio
1071 3055 1251 3122 voluntario
1274 3055 1472 3140 suppleatur.
2048 3062 2051 3066 '

1151 3400 1291 3466 nxxm
1311 3400 1467 3485 (uxxu.

1053 3537 1312 3605 suuuxouvs
1343 3537 1564 3603 nusnniuo.
2142 3553 2174 3599 u

583 3708 781 3775 Vitalianum
804 3708 1016 3775 clarissimum
1039 3710 1152 3794 virum!
1165 3711 1227 3777 mei
1250 3710 1357 3796 potius
1375 3709 1472 3776 officii
1496 3709 1601 3792 gratia
1623 3730 1718 3793 quam
1741 3710 1776 3774 in
1790 3709 2010 3776 adiumentum
2033 3730 2125 3775 suum

497 3811 592 3878 credo
615 3812 739 3878 litteras
769 3813 966 3898 poposcisse.
1013 3834 1088 3879 nam
1111 3833 1184 3878 cum
1213 3813 1276 3899 ipsi
1303 3813 1345 3879 ad
1367 3813 1613 3898 promerendum
1643 3821 1732 3879 tunm
1762 3833 1902 3878 umorem
1932 3812 2013 3878 nihil
2043 3813 2127 3878 ultra

497 3915 598 4000 possit
618 3916 785 3999 accedere,
815 3915 851 3982 id
873 3922 996 3982 tantunn
1019 3916 1148 3983 videtur
1169 3917 1286 4000 egisse,
1317 3924 1352 3982 ut
1374 3916 1453 3981 mibi
1476 3937 1516 3982 ex
1538 3916 1599 3982 boc
1620 3937 1753 3983 munere
1775 3916 1956 3983 conciliatio
1977 3917 2025 3983 tui
2047 3917 2127 3982 ube-

498 4018 561 4085 rior
581 4018 775 4105 proveniret.
822 4040 902 4105 cape
931 4019 1030 4102 igitur
1059 4020 1234 4086 delibatam
1264 4019 1380 4086 cursim
1409 4019 1653 4101 salutationem,
1687 4019 1738 4085 cui
1761 4020 1787 4084 si
1812 4019 1962 4085 facundia
1988 4019 2125 4103 largiore

498 4122 711 4209 responderis,
736 4122 770 4188 in
794 4123 977 4208 exemplum
999 4122 1112 4208 copiae
1134 4122 1257 4207 ingenii
1279 4123 1341 4188 mei
1365 4122 1501 4188 maciem
1524 4122 1725 4207 provocabis.
2144 4143 2175 4184 nu

1133 4465 1290 4531 cxxxii
1314 4467 1487 4551 (cxxvi).

1056 4604 1316 4670 sxuunouvs
1346 4603 1568 4670 cusanam.

587 4776 665 4841 Sum
687 4773 817 4859 quidem
847 4775 967 4842 silentii
996 4775 1043 4842 tui
1066 4776 1273 4842 vehementer
1301 4775 1482 4860 inpatiens,
1513 4775 1600 4857 quod
1628 4796 1732 4860 genus
1754 4776 1918 4859 querellae
1945 4779 2127 4845 amantibus

500 4878 661 4945 familiare
684 4885 743 4958 est,
770 4879 828 4945 sed
851 4879 1004 4964 proximis
1027 4879 1143 4945 litteris
1165 4880 1223 4945 tibi
1246 4878 1440 4945 desiderium
1463 4898 1568 4944 meum
1591 4880 1754 4963 expletum
1777 4899 1850 4946 esse
1866 4880 2026 4946 confiteor.
2066 4881 2128 4947 ita-

500 5002 563 5066 que
586 4983 690 5048 habeo
712 4983 848 5064 gratiam
872 4983 1035 5067 multoque
1050 5002 1146 5068 opere
1168 4991 1201 5049 te
1217 4984 1359 5065 obsecro,
1385 4990 1420 5048 nt
1437 4981 1601 5066 scriptioni
1617 4982 1800 5066 frequenter
1822 4981 2005 5066 indulgeas.
2045 4984 2126 5050 hacc
2146 5005 2177 5045 no

499 5085 583 5151 enim
607 5084 715 5151 officia
736 5087 860 5152 nullum
883 5084 1005 5151 fuciunt
1026 5085 1067 5152 de
1090 5085 1287 5152 adsiduitate
1310 5085 1487 5151 fastidium.

499 5305 907 5313 ———-—-—-.--.

585 5449 731 5499 loml'l'
831 5449 976 5500 bhortaP

589 5537 619 5585 tt
637 5549 686 5584 om.
706 5534 748 5582 ΥΡ
869 5534 899 5585 lb
919 5537 1068 5586 uicissitudo
1085 5539 1211 5599 prioribus
1231 5539 1253 5584 F
1371 5536 1452 5606 dices]
1471 5539 1578 5599 Lectius,
1599 5539 1662 5587 dicis
1684 5539 1752 5587 PVF
1879 5538 1909 5588 lb
1928 5540 2054 5588 mutendi
2073 5540 2095 5587 Ρ

499 5622 585 5686 proF
690 5620 719 5670 ll
739 5623 840 5670 urentem
858 5623 916 5671 dare
935 5637 984 5671 uon
1006 5625 1028 5670 F
1132 5623 1163 5673 ts
1181 5624 1311 5672 sileutll'

585 5708 619 5757 20
636 5722 684 5758 om.
705 5707 752 5754 VM
856 5708 885 5758 21
907 5710 1159 5758 adiuuamentuml'
1262 5708 1295 5759 22
1313 5712 1441 5773 poposcise
1461 5710 1507 5758 ΡΙ
1523 5726 1557 5762 m.
1664 5719 1737 5760 tunm
1756 5711 1917 5759 bonoreml'

586 5792 618 5843 27
636 5808 686 5846 om.
704 5794 748 5842 Vx
849 5794 881 5845 28
899 5791 1041 5861 quesnellus
1060 5796 1083 5843 P
1186 5796 1219 5845 30
1237 5797 1299 5845 haee
1316 5798 1385 5845 culm
1402 5798 1453 5846 sola
1471 5798 1554 5846 officia
1577 5798 1619 5844 Vh·
1719 5796 1973 5848 eistetensem
