4722 6470
868 501 894 555 V
913 503 1014 553 17-54
1033 500 1086 557 ΑΙ)
1104 500 1277 556 Punicum.
1807 499 1889 564 CLV

260 726 388 792 Gallias
403 726 598 805 mitteretur3
617 746 682 809 qua
694 726 730 791 in
744 725 1021 792 administratione
1036 732 1300 792 commemoratur
1314 725 1347 791 d.
1366 724 1516 789 2911551.
1533 744 1564 788 a.
1585 726 1645 787 398
1654 726 1719 804 791).
1760 723 1889 789 idemne

262 848 399 914 situum
422 867 460 913 eo
483 848 602 927 Felice,
628 846 684 930 qui
707 847 740 912 d.
766 851 784 911 6
807 847 901 913 Mart.
926 868 957 912 a.
983 849 1047 910 112
1069 854 1126 912 551
1147 846 1330 931 praefectus
1353 844 1425 911 urbi
1446 850 1503 911 aut
1524 842 1706 929 praelectus
1728 843 1889 928 praetorio

260 969 378 1034 Italiae
401 968 547 1050 5551711),
572 987 677 1049 neque
698 968 813 1050 negari
833 986 939 1050 neque
961 966 1114 1033 affirmari
1136 973 1253 1053 potest.

348 1401 389 1461 47
413 1398 491 1462 Post
511 1395 693 1480 Eugenium
723 1396 883 1463 devictum
910 1395 1108 1463 aFlariano
1130 1396 1253 1462 minore
1275 1393 1447 1477 salarium,
1480 1393 1565 1479 quod
1586 1401 1679 1480 pater
1700 1394 1770 1461 eius
1792 1415 1888 1480 prac-

263 1519 366 1586 scctus
388 1517 548 1605 praetorio
570 1538 591 1582 a
612 1524 750 1603 tyranno
772 1523 951 1603 acceperat,
978 1517 1147 1602 repetitum
1170 1524 1228 1599 eet,
1256 1516 1341 1599 quod
1355 1521 1391 1580 ut
1405 1535 1524 1599 genero
1539 1514 1765 1598 remitteretur,
1790 1516 1889 1583 inter·-

262 1640 350 1706 venit
373 1638 587 1725 Symmachus
609 1659 641 1704 a.
667 1641 728 1702 395
752 1637 883 1706 1555515
905 1638 995 1723 apud
1017 1637 1252 1719 Florentinum,
1285 1637 1429 1719 quitum
1451 1643 1603 1719 quaestor
1625 1643 1711 1719 erat,
1740 1635 1889 1702 fratrem-

262 1780 324 1844 que
352 1759 424 1825 5155
451 1758 711 1843 Prouoiumuq.
759 1778 870 1825 mense
899 1758 1049 1823 Ianuario
1079 1765 1135 1824 551
1163 1756 1339 1823 Februario
1361 1777 1392 1821 a.
1418 1760 1480 1821 396
1503 1755 1659 1821 Flaviano
1690 1755 1820 1839 suadet,
1854 1764 1889 1823 ut

262 1879 452 1947 solutionem
475 1879 661 1963 1151551711);
688 1877 721 1943 iu
744 1877 805 1944 hac
827 1884 934 1944 autem
957 1876 1100 1963 epistula
1122 1877 1243 1944 scribit:
1271 1899 1342 1941 narn
1368 1879 1446 1941 iliad
1467 1879 1568 1959 etiam,
1594 1879 1674 1962 quod
1696 1887 1723 1941 15
1743 1880 1889 1960 praesule

257 2004 407 2085 processit
435 2002 477 2063 ud
506 2002 691 2064 commodum
717 2003 935 2083 promissorum
963 2020 1115 2082 nieorum,
1149 2002 1289 2084 quairnvia
1319 2002 1452 2063 iustitiae
1481 1999 1586 2061 datum
1615 2000 1668 2078 sit,
1706 1998 1761 2060 tibi
1789 2007 1889 2061 tamen

265 2122 403 2203 refertur
425 2130 589 2203 55555155.
637 2139 814 2202 quaecum
838 2119 880 2185 ad
903 2138 1119 2186 successorem
1141 2118 1318 2185 Florentini
1341 2118 1460 2204 scripta
1482 2117 1556 2199 sint,
1582 2137 1794 2200 magnacum
1816 2138 1891 2202 pro-

261 2239 431 2307 babilitate
454 2239 498 2306 ad
520 2239 657 2305 eandem
680 2260 748 2305 rem
770 2239 961 2321 referuntur,
987 2240 1028 2305 de
1051 2259 1115 2322 qua
1136 2240 1227 2306 illum
1249 2239 1386 2305 afflarat.
1424 2238 1534 2321 itaque
1555 2237 1618 2302 hae
1636 2237 1762 2304 litterae
1777 2258 1889 2306 mense

259 2361 411 2427 Ianuario
434 2380 465 2424 a.
492 2363 554 2424 396
577 2360 769 2445 posteriores
792 2366 875 2441 sunt,
903 2359 960 2426 sed
982 2359 1061 2444 quia
1082 2360 1296 2444 Symmachus
1318 2359 1353 2424 in
1373 2358 1414 2424 iis
1436 2358 1477 2424 de
1500 2358 1585 2423 fame
1608 2358 1884 2443 conquesturus),

259 2502 355 2565 quam
377 2501 454 2547 vere
476 2479 621 2546 eiusdem
644 2480 721 2546 anni
742 2480 874 2546 lenitam
898 2499 970 2545 esse
993 2486 1120 2545 5555151
1146 2481 1186 2564 (v.
1212 2480 1288 2546 adn.
1315 2481 1402 2564 391),
1433 2477 1535 2544 mensi
1557 2484 1614 2544 aut
1635 2478 1811 2545 Februario
1833 2486 1890 2545 aut

261 2601 374 2667 Martio
397 2599 631 2666 adscribendae
653 2607 756 2667 erunt.

347 2723 389 2784 19
412 2719 494 2806 petit
515 2719 670 2804 aFelice,
697 2727 732 2786 ut
753 2720 888 2804 litteras,
915 2720 1034 2804 quibus
1049 2720 1261 2806 Symmachus
1283 2741 1339 2806 pro
1362 2719 1517 2786 beneficio
1539 2718 1648 2801 aliquo
1671 2719 1793 2804 gratias
1809 2718 1885 2804 egit,

260 2841 444 2929 imperatori
473 2840 596 2907 recitet.
642 2840 727 2924 quod
756 2840 784 2905 si
814 2860 852 2906 eo
883 2848 1028 2926 tempore
1056 2840 1252 2925 accepisset,
1286 2862 1348 2924 quo
1370 2841 1426 2906 ille
1448 2840 1483 2906 in
1505 2839 1636 2906 Honorii
1658 2840 1735 2904 aula
1757 2859 1890 2906 munere

257 2962 453 3047 fungebatur
479 2964 520 3047 (5.
547 2962 749 3044 395-397),
784 2967 869 3026 certe
899 2961 933 3025 in
962 2966 1052 3026 tanta
1081 2960 1290 3045 epistularum
1321 2961 1430 3047 copia,
1464 2980 1547 3045 quae
1578 2980 1620 3025 ex
1649 2959 1771 3025 ultimis
1794 2960 1890 3045 Sym-

259 3083 365 3148 machi
387 3082 481 3147 annis
504 3088 653 3148 servatae
676 3086 762 3163 suut,
788 3080 928 3146 crebrior
949 3080 1021 3146 eius
1044 3081 1162 3147 mentio
1184 3080 1285 3148 fieret.
1325 3080 1392 3168 hoc,
1407 3080 1507 3165 igitur
1527 3078 1719 3146 beneficium
1742 3100 1782 3147 ea
1804 3080 1890 3146 dona

258 3204 359 3270 fuisse
381 3202 485 3283 credo,
514 3201 630 3285 quibus
653 3200 819 3285 Eugenius
842 3201 1029 3286 Symmachi
1052 3200 1111 3266 filii
1133 3208 1338 3284 quaesturam
1360 3200 1522 3267 instruxit.
1570 3222 1601 3266 v.
1627 3200 1703 3267 adn.
1730 3204 1805 3266 243.

345 3327 386 3387 52
410 3328 536 3389 aestate
558 3343 589 3387 a.
615 3325 676 3387 397
702 3321 822 3407 scripta
844 3329 894 3388 est
915 3323 1012 3407 paulo
1034 3330 1109 3388 ante
1132 3321 1176 3386 91
1199 3326 1230 3406 6,
1256 3323 1311 3388 551
1333 3321 1419 3387 ride.

344 3445 384 3506 53
407 3442 596 3527 Helpidius,
628 3442 684 3525 qui
715 3442 758 3508 ad
785 3442 987 3508 consulatum
1017 3442 1158 3525 aliquem
1189 3452 1341 3508 evocatus
1369 3442 1429 3508 iter
1450 3441 1680 3508 Mediolanium
1702 3461 1817 3508 versus
1839 3441 1891 3507 in-

260 3562 423 3647 greditur,
458 3561 559 3628 Felici
587 3562 837 3628 commendatur.
885 3561 977 3628 illurn
1007 3561 1051 3627 ad
1073 3562 1222 3627 Flaviani
1250 3562 1397 3647 auspicia
1425 3562 1608 3628 consularia
1643 3564 1682 3644 la.
1709 3564 1782 3647 391)
1815 3584 1892 3647 pro-

260 3684 379 3749 fectum
410 3685 543 3767 5555111)
577 3681 755 3766 eodemque
783 3689 925 3767 tempore
951 3682 1092 3748 Felicem
1120 3681 1155 3748 in
1184 3682 1261 3748 aula
1283 3682 1421 3766 Eugenii
1451 3682 1590 3768 positum
1620 3681 1721 3748 luisse
1749 3688 1886 3748 constat.

263 3824 296 3870 v.
321 3804 363 3869 ad
385 3804 480 3889 epist.
506 3806 559 3867 49.
606 3802 716 3886 itaque
738 3802 798 3867 has
820 3802 944 3869 litteras
966 3802 1071 3869 mensi
1092 3802 1262 3869 Decembri
1284 3823 1315 3868 a.
1342 3805 1404 3868 393
1427 3801 1665 3887 adscripserim.

352 3931 404 3990 51.
431 3929 472 3989 66
494 3924 647 3989 bonorum
670 3923 918 4008 proscriptorum
941 3923 1175 3990 administratio
1197 3923 1239 3988 ad
1262 3922 1443 4008 provincias
1466 3923 1615 3989 comitum
1639 3942 1801 3988 sacrarum
1825 3923 1891 3987 lar-

258 4046 414 4132 gitionum
445 4052 477 4111 et
506 4065 611 4111 rerum
640 4043 836 4129 privatarum
865 4042 1061 4127 pertinebat,
1095 4043 1259 4128 precibus,
1293 4063 1376 4127 quae
1405 4043 1542 4129 principi
1570 4043 1636 4129 ipsi
1658 4043 1885 4125 offerebantur,

264 4173 414 4250 quaestor
435 4165 629 4250 respondere
653 4164 787 4229 solebat.
834 4162 944 4245 itaque
966 4182 1076 4244 eausa,
1103 4163 1144 4228 dc
1167 4183 1231 4244 qua
1254 4163 1315 4229 hae
1339 4163 1497 4249 epistulae
1520 4166 1701 4249 loquuntur,
1726 4170 1791 4231 tres
1813 4163 1889 4228 illos

260 4285 470 4371 magistratus
502 4285 686 4370 spectabat;
724 4282 885 4366 siquidem
915 4302 966 4348 res
992 4282 1150 4366 iudicata,
1185 4302 1269 4365 quae
1298 4282 1339 4350 de
1368 4284 1460 4349 bouis
1488 4284 1674 4370 proscriptis
1702 4291 1777 4351 acta
1806 4291 1885 4365 erat,

259 4406 495 4491 supplicatione
526 4405 631 4471 denuo
662 4404 887 4470 suscitabatur.
935 4403 1045 4469 scribit
1071 4410 1179 4469 autem
1206 4404 1419 4489 Symmachus
1447 4405 1491 4471 ad
1513 4404 1654 4470 Felicem
1683 4410 1888 4488 quaestorem

259 4533 291 4592 et
319 4526 362 4592 ad
387 4527 561 4592 Paternum
591 4523 738 4591 comitem
770 4544 932 4590 sacrarum
963 4523 1184 4607 largitionum
1217 4524 1260 4589 ad
1282 4523 1469 4609 Sperchium
1499 4544 1535 4591 se
1564 4524 1757 4610 scripturum
1786 4524 1888 4592 inisse

260 4645 346 4728 dicit,
374 4646 403 4711 si
426 4646 491 4711 iam
514 4652 588 4711 aute
609 4644 644 4709 in
666 4643 918 4710 familiaritatem
941 4644 1011 4709 eins
1034 4644 1176 4710 venisset
1203 4646 1287 4727 (139,
1307 4647 1366 4725 2ος
1397 4647 1466 4728 113,
1490 4648 1553 4728 19).
1594 4645 1679 4712 hunc
1701 4645 1799 4730 igitur
1820 4653 1886 4711 turn

258 4766 407 4832 comitem
430 4760 535 4831 rerum
557 4764 754 4851 privatarum
778 4763 878 4829 fuisse
900 4771 1005 4849 patet,
1032 4763 1221 4849 praesertim
1244 4785 1316 4830 curn
1339 4764 1389 4829 vir
1408 4764 1552 4831 inlustris
1574 4766 1767 4852 appelletur.
1813 4784 1887 4831 suc-

345 5026 404 5089 791)
426 5027 487 5076 Cod.
508 5026 600 5075 Theod.
622 5025 703 5087 912,
726 5025 757 5075 16
775 5039 832 5075 curn
850 5025 909 5074 adn.
930 5025 1085 5075 Gothotredi.
1120 5024 1207 5074 6511115
1225 5039 1284 5073 eum
1302 5025 1453 5088 praefuisse,
1473 5025 1545 5075 docet
1562 5027 1624 5075 haec
1641 5026 1692 5088 lex,
1714 5030 1801 5088 utpote
1819 5039 1884 5086 qnae

258 5114 396 5176 Hispanias
414 5115 438 5161 el
456 5113 570 5161 subditas
588 5118 769 5174 commemoret,
794 5119 820 5161 51
838 5112 933 5172 Symm.
955 5127 979 5174 p.
1002 5110 1061 5176 119,
1081 5110 1124 5174 27,
1144 5113 1186 5159 ubl
1205 5112 1294 5160 indicii
1313 5114 1369 5161 eins
1387 5112 1418 5161 de
1437 5120 1551 5163 senstore
1568 5114 1681 5175 Hispano
1700 5114 1793 5161 mentio
1811 5114 1848 5161 111.

346 5198 405 5261 792)
427 5199 488 5248 cod.
508 5198 603 5247 Theod.
623 5198 685 5249 XVI
704 5198 728 5259 5,
750 5197 782 5247 53
801 5212 857 5247 curn
875 5198 933 5247 adn.
953 5198 1109 5247 Gothotredi.

345 5283 402 5348 793)
424 5281 521 5333 1919.
542 5282 589 5344 51,
611 5285 642 5332 ct.
663 5300 689 5349 p.
712 5284 804 5334 LXVI.

344 5369 403 5435 791)
427 5369 485 5429 156,
507 5368 538 5418 27
564 5372 591 5418 in
613 5373 708 5431 5555115
726 5376 811 5419 nutem
829 5375 927 5419 1555155
944 5373 1120 5420 unanimitatis
1137 5375 1244 5432 cestrae,
1272 5370 1337 5432 quod
1352 5375 1490 5431 5555555115
1508 5373 1597 5418 iterata
1614 5373 1757 5433 commouit,
1782 5370 1884 5419 55551115

259 5455 391 5505 trahendae
409 5458 541 5506 solutionis
559 5456 679 5504 utendum
696 5462 732 5504 cst
749 5461 772 5504 ct
788 5470 862 5519 pars,
887 5470 950 5518 quac
967 5456 1001 5505 ad
1016 5470 1163 5517 aerumnam
1181 5462 1252 5505 tutan
1267 5460 1388 5519 pertinet,
1409 5456 1550 5505 subicienda
1567 5458 1686 5504 auctioni.
1725 5455 1756 5505 de
1773 5462 1884 5518 ternpore

259 5541 336 5590 huius
353 5543 477 5604 epistulae
495 5558 519 5591 v.
540 5544 597 5593 adn.
619 5540 678 5591 297.

346 5626 404 5689 795)
426 5629 507 5676 Sanni
524 5629 667 5689 obstrepunt
684 5642 773 5691 curae,
801 5642 864 5692 quas
881 5629 972 5694 officiis
989 5630 1160 5692 familiaribus
1177 5631 1258 5678 tenuis
1273 5632 1370 5690 patriae
1388 5634 1466 5678 nictus
1484 5630 1594 5689 opponit.
1632 5641 1672 5675 ero
1689 5626 1759 5688 apud
1776 5632 1798 5674 te
1815 5631 1884 5687 post-

261 5712 304 5760 1155
321 5714 457 5776 loquacior,
478 5729 536 5762 cam
554 5713 669 5774 refoverit
687 5715 795 5763 stadium
813 5730 895 5767 meum
913 5720 949 5765 ret
965 5718 1144 5783 frumentariae
1163 5719 1302 5767 instaurata
1320 5719 1447 5764 securitas.

345 5798 403 5865 55)
425 5800 450 5849 5
467 5799 509 5853 ss.

1641 5900 1679 5957 u*
