4686 6472
821 516 835 571 1
855 518 955 571 13-43
973 515 1028 571 ΑΙ)
1047 515 1253 572 avsomvu.
1703 513 1857 579 LXXVII

227 745 416 827 Constantii,
454 745 630 811 Consmnte
660 744 726 809 filio
756 741 969 809 Constantini.
1023 739 1096 824 quis
1126 739 1245 807 codicis
1274 739 1438 805 librarium
1468 744 1572 805 mores
1602 738 1724 805 saeculi
1751 737 1856 821 quarti

225 876 288 934 tam
317 868 400 932 bene
432 864 623 950 cognovisse
652 863 782 945 credat,
815 869 851 929 ut
878 863 962 928 haec
990 860 1141 945 fingeret,
1174 859 1362 946 praesertim
1392 880 1463 925 oum
1493 878 1534 925 ne
1563 858 1599 924 id
1621 858 1751 942 quidem
1774 856 1856 923 scire

225 993 349 1073 posset,
383 987 559 1053 Censorem
586 983 733 1051 Censorii
761 1004 857 1050 avum
888 979 1005 1063 luisse,
1038 978 1101 1047 nisi
1123 981 1338 1047 Ausoniorum
1367 987 1536 1047 stemmata
1564 1000 1605 1046 ex
1635 977 1856 1066 parentalibus

225 1106 474 1193 diligentissime
497 1105 692 1192 composito?
725 1104 940 1188 fragmentum
968 1102 1067 1188 igitur
1093 1101 1318 1181 Harleianum,
1353 1102 1501 1187 quamvis
1522 1121 1619 1166 mauu
1642 1100 1781 1181 recenti,
1813 1120 1856 1166 ex

225 1229 306 1293 libro
335 1235 445 1293 tamen
468 1226 690 1310 antiquissimo
714 1225 909 1310 descriptum
932 1229 998 1305 est,
1031 1229 1063 1289 et
1084 1242 1125 1288 ne
1148 1243 1243 1288 unam
1265 1221 1397 1306 quidem
1419 1223 1559 1290 litteram
1581 1223 1614 1288 in
1638 1242 1676 1289 eo
1699 1220 1851 1307 reperies,

225 1368 308 1432 quae
328 1368 394 1414 non
416 1347 470 1414 vel
493 1368 534 1413 ex
555 1347 628 1432 ipso
649 1344 784 1411 Ausonii
806 1343 1006 1429 autographo
1028 1342 1126 1409 ducta
1147 1362 1220 1409 esse
1243 1343 1355 1428 possit.

313 1468 456 1534 Priorem
484 1474 600 1552 poetae
630 1485 784 1548 generum
815 1463 1012 1551 praefectum
1041 1461 1200 1548 praetorio
1222 1463 1347 1549 Illyrici
1376 1463 1494 1548 fuisse,
1527 1463 1620 1529 multi
1642 1463 1857 1549 parentalium

227 1588 325 1654 verba
354 1589 440 1654 male
471 1585 674 1672 interpretati
704 1584 925 1666 crediderunt,
958 1583 1018 1650 sed
1041 1582 1184 1650 Schenkl
1214 1590 1300 1650 recte
1329 1583 1405 1650 huic
1434 1584 1586 1669 dignitati
1608 1584 1735 1668 signum
1757 1582 1858 1648 inter-

226 1707 401 1793 rogationis
423 1707 586 1794 apposuit.
633 1706 803 1773 Euromius
826 1705 912 1772 enim
934 1709 968 1768 io
986 1708 1108 1788 primae
1128 1707 1205 1787 (loro
1227 1707 1368 1769 iuventae
1389 1705 1483 1786 obiit,
1520 1704 1726 1772 Constantius
1748 1710 1855 1769 autem

226 1850 398 1914 numquam
429 1830 564 1895 iuvenes
593 1827 636 1894 ad
665 1833 842 1912 potestates
864 1826 1016 1893 inlustres
1038 1825 1196 1911 promovit
1205 1826 1255 1907 345)
1282 1833 1315 1892 et
1338 1827 1397 1892 sub
1420 1826 1546 1892 Iuliano
1568 1825 1858 1908 valentinianoque

225 1950 389 2034 Illyricum
419 1970 461 2016 ne
491 1947 688 2034 praefectum
719 1945 847 2030 quidem
878 1966 971 2012 suum
1000 1945 1128 2027 habuit,
1164 1945 1223 2011 sed
1254 1966 1325 2012 cum
1352 1946 1449 2012 ltalia
1477 1946 1680 2013 coniunctum
1710 1948 1853 2028 ararat).

227 2068 312 2153 quod
335 2069 434 2152 igitur
456 2068 620 2135 Ausonius
643 2068 737 2149 dicit,
771 2066 992 2153 praefecturae
1015 2065 1126 2132 sedem
1149 2066 1261 2150 generi
1284 2066 1419 2133 uirtutes
1442 2073 1609 2152 expertam
1631 2068 1785 2150 essem),
1811 2066 1858 2131 ita

225 2188 480 2274 intellegendum
503 2196 564 2271 est,
591 2195 626 2255 ut
646 2188 676 2254 is
699 2187 881 2273 praefectus
904 2187 1075 2273 praetorio,
1101 2207 1206 2272 aquo
1222 2187 1392 2252 Eoromius
1406 2185 1552 2273 Illyridis
1574 2206 1662 2269 orae,
1687 2185 1710 2251 i.
1728 2206 1760 2252 e.
1777 2185 1859 2250 Dal·

226 2310 355 2391 matiae,
381 2329 515 2395 praeses
538 2309 643 2375 factus
666 2316 744 2389 erat,
771 2300 1081 2375 administrationem
1105 2308 1176 2374 eius
1198 2308 1392 2393 probaverit.

310 2429 497 2495 Euromium
519 2430 621 2496 lilium
644 2429 824 2513 reliquisse,
852 2436 973 2494 certum
996 2432 1119 2513 cutm),
1147 2429 1208 2495 sed
1229 2435 1382 2513 quantum
1398 2429 1551 2513 temporis
1567 2429 1692 2494 lactans
1707 2428 1764 2493 ille
1779 2448 1859 2514 puer

226 2550 310 2636 patri
341 2550 571 2635 supervixerit,
606 2570 765 2633 nusquam
796 2549 933 2615 traditur
954 2555 987 2616 et
1008 2549 1100 2616 nulla
1122 2550 1220 2634 plane
1242 2548 1324 2616 ratio
1347 2549 1479 2632 suadet,
1513 2555 1548 2615 ut
1570 2557 1685 2635 poetae
1706 2555 1856 2635 nepotem

226 2671 415 2737 Censorium
437 2669 617 2736 Ausonium
641 2690 682 2737 ex
703 2669 854 2735 Euromio
876 2676 1075 2755 procreatum
1099 2689 1172 2737 esse
1196 2689 1361 2736 sumamus
1369 2672 1435 2753 349).
1482 2670 1560 2753 quin
1582 2669 1679 2736 immo
1701 2690 1771 2735 cum
1795 2690 1855 2755 pa-

225 2798 305 2856 trem
329 2790 401 2856 eius
422 2791 645 2875 proconsulem
669 2789 770 2856 fuisse
793 2792 973 2873 constetlill
1000 2795 1033 2854 et
1055 2789 1141 2875 prior
1155 2791 1291 2856 Ausonii
1313 2810 1413 2875 gener
1434 2792 1467 2855 in
1482 2790 1637 2855 honorum
1652 2811 1746 2857 cursu
1761 2810 1855 2855 num-

225 2932 323 2994 quam
346 2911 431 2977 ultra
452 2910 672 2996 praesidatum
695 2930 886 2996 progressus
909 2910 966 2992 sit,
993 2909 1158 2976 Thalassii
1182 2911 1252 2976 sine
1275 2911 1341 2976 ullo
1363 2910 1461 2977 dubio
1483 2910 1671 2978 filiuserat.
1718 2910 1803 2994 quod
1826 2912 1854 2977 si

227 3052 338 3097 verum
367 3039 434 3114 est,
468 3032 622 3098 Severum
645 3031 819 3099 Censorem
842 3031 1001 3098 lulianum
1024 3030 1158 3097 Ausonii
1187 3051 1391 3097 consocerum
1421 3040 1544 3118 patrem
1567 3030 1729 3098 Thalassii
1752 3032 1854 3100 fuisso

225 3151 386 3236 sequitur,
412 3173 487 3217 uam
510 3151 681 3219 Censorius
703 3153 841 3236 Magnus
864 3151 1027 3218 Ausonius
1049 3171 1166 3218 nomen
1187 3152 1324 3238 primum
1347 3158 1433 3219 certe
1455 3174 1519 3219 uon
1541 3173 1563 3218 a
1582 3152 1726 3236 genitore
1750 3153 1852 3220 vitrici

225 3280 400 3355 autequam
422 3279 609 3339 nasceretur
630 3272 754 3354 mortui,
782 3273 841 3339 sed
864 3273 906 3339 ab
928 3294 990 3339 avo
1012 3273 1147 3358 accepit.

211 3442 215 3449 .
312 3392 486 3475 Paulinus,
518 3392 574 3476 qui
596 3392 852 3459 Eucharisticum
884 3393 1028 3479 scripsit,
1063 3401 1158 3459 natus
1180 3399 1230 3458 est
1251 3392 1368 3475 Pollis,
1402 3413 1472 3458 oum
1495 3400 1587 3479 pater
1609 3394 1679 3460 eius
1701 3393 1853 3460 vicariam

227 3511 463 3598 praefecturam
492 3533 552 3598 per
573 3513 795 3580 Macedoniam
825 3513 1073 3580 administraret.
1120 3534 1184 3597 quo
1213 3512 1257 3579 ad
1278 3514 1537 3598 proconsulatum
1560 3514 1689 3582 Africae
1711 3522 1854 3601 promoto

227 3653 340 3700 mense
362 3653 446 3698 nono
463 3633 693 3718 Carthaginem
715 3636 859 3720 perlatus
882 3642 940 3716 est,
968 3635 1023 3701 ubi
1045 3654 1173 3701 meuses
1196 3633 1419 3718 duodeviginti
1441 3635 1627 3719 permansit.
1664 3635 1781 3718 quibus
1796 3657 1855 3701 ex-

227 3754 308 3819 actis
331 3773 403 3818 com
427 3759 518 3838 patre
539 3754 676 3838 primum
692 3756 835 3837 Romam,
863 3762 930 3820 tum
953 3754 1164 3838 Burdigalam
1188 3755 1344 3841 pervenit,
1371 3756 1456 3822 unde
1472 3755 1598 3822 familia
1612 3754 1683 3821 eius
1698 3755 1853 3840 originem

225 3881 381 3956 traxerat,
408 3872 518 3955 ibique
539 3873 634 3939 tertio
656 3874 772 3940 aetatis
794 3895 879 3941 anno
900 3896 1012 3957 avum,
1039 3874 1095 3960 qui
1117 3882 1192 3941 tunc
1214 3876 1325 3942 consul
1348 3883 1427 3959 erat,
1452 3875 1651 3960 invenit³⁵¹).
1698 3883 1731 3942 et
1752 3877 1857 3962 patria
1901 3920 1906 3929 -

238 4066 522 4073 ---——-—·-—-..--
536 4067 640 4072 --

313 4185 372 4247 345)
394 4186 477 4234 Amm.
498 4185 562 4234 XXI
583 4184 624 4247 16,
645 4184 660 4230 3
683 4189 837 4235 exomtautor
854 4190 996 4235 meritorum
1013 4202 1066 4238 nora
1082 4203 1218 4253 nunquam
1235 4190 1423 4250 subacrnpoaar,
1449 4191 1577 4251 palatinos
1594 4190 1725 4250 dipattotca
1742 4193 1809 4240 velut
1826 4206 1855 4240 ez

229 4271 334 4334 quodum
353 4271 462 4321 rsuram
478 4272 667 4334 mendicato,
695 4277 717 4319 ct
735 4272 778 4320 sud
796 4286 824 4319 co
842 4288 914 4322 nemo
932 4275 1024 4323 celsum
1041 4276 1138 4338 aliquid
1156 4281 1256 4324 octones
1275 4278 1301 4323 ta
1318 4279 1388 4337 repta
1405 4279 1547 4336 repentinus
1564 4275 1687 4324 addicitur
1704 4283 1739 4326 ert
1756 4280 1795 4327 oct
1813 4281 1854 4329 lo·

226 4361 349 4421 munstar,
367 4358 410 4407 aad
429 4360 471 4422 qul
486 4364 556 4419 post
574 4358 769 4407 decennium
787 4359 930 4422 officioram
947 4364 1115 4421 aroplatcrtum
1132 4363 1171 4409 oct
1189 4363 1333 4423 largitiones
1350 4363 1485 4411 volatalis
1503 4362 1638 4426 quidquam
1654 4368 1716 4411 earet
1733 4370 1853 4427 cocturas,

227 4446 550 4506 maurenascaebatur.

311 4529 369 4591 346)
391 4530 537 4591 Mommsen,
559 4530 662 4579 Polemll
682 4530 755 4579 Sllvli
775 4532 933 4594 Laterculus,
953 4533 1077 4583 Abdundl.
1097 4533 1140 4581 dor
1156 4535 1181 4583 tr.
1197 4534 1275 4584 adeda.
1299 4534 1354 4584 Cea.
1375 4533 1419 4583 der
1435 4534 1577 4584 wormat.
1599 4535 1646 4581 111
1659 4549 1686 4595 p.
1702 4536 1760 4583 261.
1798 4536 1855 4583 Au·

225 4618 290 4665 aonii
307 4621 379 4679 pater
396 4615 551 4664 honorariam
570 4622 669 4665 tantum
687 4630 733 4680 par
751 4617 878 4677 Illyricum
897 4620 1077 4680 praefecturam
1097 4622 1203 4682 accepit.

312 4701 373 4765 347)
393 4701 495 4750 Parent.
514 4701 576 4750 XVI
595 4702 611 4752 9
629 4703 671 4751 doc
687 4702 861 4764 praefecturae
877 4704 956 4769 aeder,
975 4707 1018 4754 doc
1037 4707 1121 4768 Illyria
1139 4720 1183 4755 oro
1198 4708 1312 4769 praeside
1330 4712 1352 4756 tc
1370 4713 1470 4768 experta
1488 4712 1523 4755 ast
1540 4708 1613 4769 {iscam
1630 4712 1653 4754 et
1671 4709 1722 4768 lpse
1739 4708 1822 4756 elica.
1927 4703 1929 4707 ’

313 4786 374 4850 348)
395 4788 495 4836 Parent.
516 4787 578 4835 xv1
596 4789 612 4840 3
630 4789 721 4837 oectdta
739 4792 765 4837 tn
780 4792 877 4851 prinae
894 4797 981 4852 ruptor
998 4793 1057 4841 milri
1074 4794 1134 4856 flore
1152 4796 1277 4857 laventur,
1296 4795 1415 4843 metuatis
1433 4795 1487 4842 nott
1504 4796 1546 4842 otc
1564 4793 1623 4841 beru
1640 4799 1696 4841 note
1711 4798 1790 4854 puter.

310 4872 371 4935 ³49)
390 4874 486 4921 Aaron.
507 4880 584 4935 protr.
605 4873 638 4924 36
659 4877 711 4938 (qul
728 4890 818 4925 nomen
835 4880 877 4926 unt
894 4881 973 4941 occu,
996 4879 1078 4928 indole
1095 4883 1191 4940 primu,
1210 4882 1287 4940 prtmc
1305 4880 1390 4942 arpos)
1412 4894 1460 4928 uon
1479 4881 1556 4942 dicit,
1581 4882 1649 4930 huuc
1667 4888 1783 4944 nepotem
1801 4883 1854 4943 prl-

226 4974 295 5009 mum
313 4961 403 5019 inissa,
424 4961 468 5022 qui
486 4962 537 5009 slbi
555 4966 630 5009 natus
649 4963 691 5023 slt,
712 4964 757 5011 aed
775 4968 874 5012 tautum
894 4966 1014 5028 primum,
1035 4967 1080 5028 qui
1097 4967 1137 5013 avi
1155 4980 1245 5015 nomeu
1264 4972 1342 5027 gerat.

311 5045 370 5107 350)
392 5045 516 5109 Protrept.
544 5047 575 5094 ad
599 5053 715 5110 nopotem
733 5048 767 5096 43
792 5050 836 5098 duc
859 5051 974 5111 grudlorc
995 5053 1050 5114 vio,
1077 5066 1125 5114 qao
1146 5066 1192 5101 aos
1215 5055 1391 5114 marcescamus
1409 5057 1433 5101 ct
1450 5055 1490 5100 eui
1513 5054 1691 5113 proconsul
1713 5055 1854 5113 portitor,

226 5132 366 5193 persuetus
384 5134 525 5182 uvancalua
543 5134 644 5181 instent.
682 5148 714 5182 na
733 5136 871 5194 genitorem
891 5136 922 5183 de
941 5138 1027 5186 vitrico
1045 5138 1240 5200 interpretemur
1259 5138 1389 5200 [Brandeq
1415 5138 1453 5187 Za
1466 5137 1602 5186 Pualtr‘nua
1619 5151 1667 5187 voa
1682 5136 1759 5185 Pollu.
1789 5138 1856 5186 Zeit-

226 5218 313 5280 aelrilt
330 5219 353 5279 s.
372 5217 397 5267 d.
418 5218 504 5267 datrrr.
527 5217 617 5279 Opaon.
640 5223 716 5270 1881.
734 5235 761 5281 p.
783 5222 855 5283 396),
876 5223 983 5271 Ausonii
1002 5225 1135 5272 silentium
1154 5225 1230 5272 etlam
1248 5223 1306 5286 plus
1324 5228 1393 5272 aetat
1411 5237 1486 5285 quam
1506 5226 1588 5273 verba.
1620 5226 1676 5286 qula
1695 5224 1763 5271 cuim
1781 5226 1854 5284 terat,

228 5305 347 5354 Censorio
364 5310 402 5353 tot
420 5306 482 5353 locis
500 5305 618 5367 exempla
635 5308 673 5353 arl
693 5307 775 5355 ultrici
793 5302 911 5356 avuncull
929 5313 988 5356 ante
1006 5311 1090 5359 oculos
1102 5311 1214 5357 collocari
1226 5315 1253 5358 ct
1264 5311 1343 5372 patris
1356 5312 1448 5358 mortui
1461 5323 1494 5358 na
1507 5311 1657 5358 mentionem
1670 5309 1772 5371 quldom
1785 5310 1857 5357 derit

312 5390 370 5452 351)
393 5391 537 5440 Eucharist.
557 5390 590 5441 24
614 5391 694 5439 editur
714 5396 743 5440 ut
762 5393 837 5442 Pallia
856 5421 888 5429 -
904 5400 977 5455 putre
1000 5401 1097 5457 percote
1119 5400 1183 5445 vires
1209 5397 1321 5445 talearis
1337 5396 1522 5458 praestaturus,
1548 5395 1612 5443 orba
1630 5396 1664 5443 ud
1681 5396 1783 5443 alterius
1800 5394 1853 5443 dla-

225 5483 302 5525 cruos
319 5491 424 5539 aequore
442 5482 520 5526 terror
536 5479 689 5542 perccdercr,
715 5506 750 5515 —
766 5484 866 5530 motato
885 5480 1002 5532 Sidoniae
1023 5482 1179 5543 Curtluplm'r
1197 5496 1276 5544 usqae
1294 5486 1419 5544 ventrem,
1444 5487 1518 5531 cate
1543 5496 1633 5529 raum
1657 5494 1742 5530 norro
1766 5496 1856 5543 qaum

226 5568 390 5611 menstruo
408 5565 485 5611 lano
504 5578 637 5613 recursu
656 5566 708 5613 lucc
725 5571 819 5615 nocato
835 5567 918 5615 orbem
935 5574 1019 5618 nostro
1035 5570 1158 5629 compleret
1175 5569 1205 5617 ub
1224 5573 1287 5619 orta.
1327 5569 1386 5631 turc,
1407 5574 1436 5617 ut
1453 5566 1543 5630 didici,
1570 5572 1617 5615 ter
1636 5569 1721 5615 rents
1738 5572 1859 5616 menal-

227 5648 278 5695 trra
299 5651 381 5696 actia
405 5648 450 5695 aar
472 5653 579 5709 pmltorc
601 5666 654 5700 oreo
677 5653 837 5714 mosmale,
868 5666 956 5701 curras
978 5655 1012 5703 od
1031 5668 1121 5715 aequm
1137 5659 1297 5716 expertusque
1314 5657 1368 5702 ulos
1384 5668 1497 5714 revocor,
1524 5655 1624 5701 vaano
1641 5657 1664 5701 ct
1681 5653 1748 5702 ardts
1767 5655 1859 5716 inclyto

224 5734 374 5783 culminibus
395 5736 540 5795 praeturae
563 5741 662 5786 mocula
680 5736 781 5786 Bomos.
809 5765 843 5774 -
865 5740 965 5789 tandm
986 5745 1069 5789 uatem
1093 5745 1178 5787 aucto
1204 5741 1339 5801 lonpomm
1360 5741 1408 5802 {lac
1426 5742 1540 5801 curram,
1564 5741 1686 5787 mulorum
1704 5736 1731 5788 id
1747 5743 1856 5800 putrium

228 5825 342 5891 tectisque
360 5822 477 5873 udam
495 5824 569 5875 uvttla
581 5822 745 5889 Burdigalam
763 5828 827 5879 ucat.
848 5852 882 5861 -
900 5830 959 5881 tanc
975 5832 997 5875 et
1015 5840 1078 5876 ovas
1092 5829 1204 5894 primum
1222 5828 1273 5879 illic
1291 5828 1318 5893 fit
1336 5827 1396 5875 midi
1412 5829 1532 5897 eopaltua,
1553 5830 1615 5877 assai
1633 5826 1741 5876 eiusdem
1759 5829 1853 5895 emal,
