4736 6478
1096 479 1293 537 SYMMACHI
1312 478 1522 537 EPISTVLAE

1001 844 1139 910 nxrm
1161 845 1333 930 rnxvnn)
1374 865 1405 910 a.
1425 844 1607 913 sse-mr

366 980 481 1043 eurr
1138 982 1197 1047 nn
1219 983 1469 1048 nvsrcnrvrr.
1714 930 1722 951 ’

582 1153 714 1219 Etiamsi
738 1153 849 1238 petitio
871 1154 1048 1219 domestica
1070 1164 1102 1220 et
1123 1156 1227 1220 amica
1250 1164 1399 1236 cessaret,
1429 1154 1578 1240 publicus
1601 1155 1693 1238 vigor
1714 1156 1799 1221 iusto
1822 1154 1982 1221 desiderio
2004 1152 2119 1219 deesse

495 1278 557 1324 non
580 1264 700 1343 posset.
745 1258 826 1341 quid
847 1258 930 1323 eninr
953 1266 1019 1323 tam
1042 1258 1202 1324 familiare
1224 1259 1386 1341 iustitiae,
1413 1279 1508 1342 quam
1532 1268 1567 1324 ut
1589 1259 1844 1343 circumscriptor
1865 1259 2065 1325 clarissimae
2087 1265 2120 1323 et

494 1359 668 1426 laudabilis
690 1361 831 1427 feminae
853 1362 995 1445 parentis
1018 1382 1110 1427 meae
1133 1361 1271 1427 astutiae
1293 1382 1370 1427 sune
1392 1362 1535 1446 privetur
1557 1363 1691 1446 effectu,
1725 1382 1766 1427 ne
1796 1362 1969 1428 commodis
1990 1360 2118 1426 inludat
2141 1384 2154 1419 ι

493 1463 609 1529 alienis
631 1464 874 1549 provincialium
904 1473 1107 1549 patronorum
1136 1465 1237 1531 fretus
1266 1466 1411 1530 anxilio?
1443 1486 1576 1548 quorum
1598 1466 1776 1550 inpotentia
1798 1467 1956 1551 conpulit,
1992 1472 2027 1529 ut
2048 1485 2118 1528 ma-

450 1569 469 1629 2
492 1574 583 1632 trona
606 1567 710 1633 litium
733 1567 877 1651 fugitans
899 1567 943 1632 ad
966 1567 1119 1633 iudicium
1142 1569 1335 1653 praetoriani
1360 1568 1509 1634 culminis
1531 1569 1725 1635 convolaret.
1772 1588 1825 1635 res
1847 1577 1965 1652 autem,
1992 1589 2057 1652 qua
2079 1568 2120 1633 de

491 1672 607 1755 agitur,
634 1670 791 1736 eiusmodi
813 1678 877 1737 est:
904 1679 979 1737 aute
1002 1672 1213 1757 paucissimos
1235 1691 1363 1738 menses
1385 1672 1442 1737 ille
1464 1679 1636 1757 aparente
1651 1693 1726 1738 mea
1740 1671 1856 1738 horrea
1870 1673 1904 1737 in
1919 1671 2120 1756 Aquileiensi

492 1775 554 1841 sita
584 1783 616 1840 et
645 1774 844 1839 clarissimae
875 1774 1014 1841 feminae
1043 1783 1172 1861 propter
1200 1776 1463 1860 longinquitatem
1497 1776 1621 1843 itineris
1654 1776 1819 1859 incognita
1850 1776 1941 1843 tenui
1973 1773 2120 1842 mercede

492 1877 654 1957 conduxit,
680 1884 776 1960 atque
799 1877 850 1942 his
872 1878 919 1943 ita
941 1879 1061 1944 abusus
1084 1887 1144 1959 est,
1170 1887 1205 1944 ut
1225 1899 1325 1963 parvo
1347 1879 1424 1946 licet
1445 1886 1588 1966 tempore
1610 1880 1727 1945 iisdem
1749 1879 1829 1945 locis
1851 1879 1958 1945 labem
1974 1879 2119 1945 consulto
2141 1899 2170 1938 rc

490 1983 641 2047 intulisse
663 1981 798 2046 dicatur.
845 1980 930 2046 hunc
952 1982 1005 2046 ubi
1029 2001 1127 2066 saepe
1150 1982 1314 2065 convenit,
1347 1989 1382 2047 ut
1404 1982 1613 2049 conductione
1636 1981 1824 2063 decederet,
1856 1987 2038 2066 contemptu
2061 1981 2119 2045 bo-

450 2086 468 2145 3
492 2085 587 2149 minis
610 2090 642 2149 et
662 2084 842 2148 interventu
873 2085 1070 2165 quorundam
1101 2084 1284 2168 frequenter
1306 2086 1398 2152 elusa
1428 2092 1487 2151 est.
1535 2104 1620 2149 nunc
1648 2084 1720 2169 opis
1742 2085 1854 2169 indiga
1874 2083 2039 2169 geminum
2061 2084 2120 2149 be-

490 2187 639 2252 neficium
664 2186 761 2251 vestri
792 2185 911 2251 favoris
934 2194 1082 2272 exoptat:
1119 2189 1220 2273 primo
1250 2196 1286 2253 ut
1306 2188 1550 2273 inprobissimus
1576 2188 1753 2271 inquilinus
1776 2189 1918 2253 locorum
1941 2186 2118 2253 detentione

491 2290 647 2376 pellatur:
681 2289 799 2354 dehinc
829 2296 863 2355 nt
885 2290 995 2355 habita
1017 2290 1229 2357 deterioratae
1252 2292 1297 2357 rei
1320 2292 1543 2357 aestimatione
1567 2298 1727 2374 sumptum
1749 2292 1855 2358 iustae
1876 2290 2118 2357 instaurationis

490 2402 655 2478 agnoscat.
702 2415 773 2460 cum
802 2393 900 2477 igitur
928 2415 1032 2476 aequa
1054 2415 1241 2479 poscamus,
1274 2396 1368 2461 oredo
1397 2394 1541 2477 confore,
1576 2401 1609 2459 ut
1640 2394 1833 2461 utilitatibus
1862 2394 2003 2479 parentis
2027 2413 2118 2457 meae
2141 2415 2170 2454 ιι

490 2499 582 2565 favor
603 2506 710 2564 vester
731 2497 889 2564 adrideat.

1078 2773 1231 2838 nxvnn
1251 2775 1362 2859 (unx)
1397 2795 1428 2839 a.
1448 2776 1523 2838 aar.

1133 2911 1192 2976 no
1215 2911 1465 2977 nvsrcmmr.

573 3085 738 3168 Benigne,
764 3091 799 3151 ut
820 3103 889 3149 mos
911 3091 961 3150 est
981 3084 1054 3166 tibi,
1088 3105 1251 3151 recursum
1274 3092 1416 3151 nostrum
1438 3085 1537 3150 misso
1559 3082 1742 3170 apparitore
1763 3083 1887 3165 iuvisti3
1921 3104 2020 3169 quem
2043 3105 2118 3169 pre

487 3208 619 3273 gressus
649 3189 692 3255 ad
713 3188 897 3274 Appennini
926 3187 1091 3272 superiora
1118 3188 1227 3254 dimisi
1255 3189 1383 3256 adiecto
1413 3188 1521 3254 officio
1543 3188 1739 3270 litterarum,
1773 3193 1809 3252 ut
1830 3187 1985 3270 gratiam,
2020 3208 2116 3271 quam
2136 3210 2168 3250 ru

489 3292 585 3358 rebus
607 3312 746 3374 aequare
768 3312 830 3356 non
853 3312 995 3377 possum,
1021 3292 1135 3357 saltem
1151 3292 1318 3357 verborum
1335 3292 1453 3358 honore
1475 3311 1678 3378 conpensem.
1719 3289 1803 3374 quod
1827 3297 1974 3374 superest
1995 3290 2111 3370 itineri,

489 3415 582 3480 spero
611 3394 757 3480 praefata
786 3394 840 3460 dei
870 3394 966 3460 venia
993 3394 1063 3460 sine
1093 3394 1201 3461 labore
1228 3396 1458 3480 peragendum.
1505 3395 1609 3460 minus
1639 3394 1724 3459 enim
1747 3394 1883 3458 molesta
1905 3400 1997 3476 sunt,
2030 3414 2115 3476 quae

489 3497 697 3583 perveniendi
721 3519 810 3583 spem
834 3499 1013 3583 proximam
1036 3499 1236 3584 pollicentur.

1099 3775 1191 3840 unx
1211 3776 1338 3859 (unm)
1375 3796 1406 3840 a.
1427 3777 1500 3840 ser.

1134 3913 1193 3977 no
1216 3913 1465 3978 nvsrcmvn.
2136 3936 2167 3977 ιι

576 4084 763 4152 Discedenti
786 4084 865 4150 mihi
887 4104 994 4150 curam
1019 4084 1129 4168 legare
1152 4084 1303 4168 diguatus
1326 4106 1362 4151 es
1384 4085 1544 4151 amicitiae
1567 4090 1805 4168 congruentem,
1831 4091 1866 4148 ut
1888 4082 1994 4148 famae
2016 4091 2115 4166 atque

490 4188 615 4254 actibus
636 4189 701 4255 tuis
724 4187 930 4254 accommoda
956 4208 1020 4253 non
1043 4188 1182 4253 silerem.
1229 4208 1328 4254 causa
1348 4188 1447 4272 igitur
1468 4187 1650 4272 postulante
1673 4187 1789 4271 fungor
1809 4186 1972 4251 iniunctis.
2019 4187 2115 4253 video

490 4292 574 4357 enim
601 4292 756 4358 basilicae
786 4291 954 4377 pontisque
983 4292 1137 4357 rationem
1167 4299 1253 4357 reete
1281 4292 1410 4374 quidem
1434 4292 1559 4356 Bonoso
1581 4290 1756 4375 praesidali
1782 4290 1850 4355 viro
1878 4309 1951 4356 esse
1979 4290 2115 4356 manda-

489 4402 572 4477 tam,
606 4396 656 4461 cui
679 4401 712 4460 et
732 4394 903 4478 vigilantia
925 4403 1073 4480 superest
1094 4395 1138 4461 ad
1159 4395 1364 4461 luminandas
1386 4394 1537 4480 publicae
1559 4394 1693 4461 rationis
1716 4395 1871 4477 ambages
1900 4403 1932 4459 et
1961 4393 2041 4461 tides
2070 4394 2114 4460 ad

489 4497 730 4582 persequenda,
765 4519 850 4582 quae
883 4519 1019 4565 examen
1046 4499 1221 4577 invenerit;
1262 4498 1320 4565 sed
1349 4518 1478 4582 vereor,
1517 4519 1558 4564 ne
1587 4497 1860 4563 ludificationibus
1887 4517 1940 4563 res
1968 4497 2166 4564 iniunctam

488 4600 644 4685 frigescat
672 4603 854 4668 obluctante
877 4622 933 4685 eo,
966 4621 1061 4685 quern
1083 4603 1205 4668 socium
1227 4602 1438 4668 discussionis
1466 4602 1609 4687 aceepit,
1642 4609 1739 4686 atque
1767 4600 1842 4667 ideo
1871 4602 1955 4667 clam
1985 4607 2018 4667 te
2039 4620 2114 4666 esse

488 4726 548 4769 non
572 4706 686 4789 patior,
712 4726 750 4772 eo
772 4726 839 4772 rem
861 4705 989 4790 deduci,
1015 4714 1051 4773 ut
1072 4707 1162 4773 labes
1184 4726 1302 4790 magna
1324 4712 1506 4793 sumptuum
1523 4705 1723 4791 publicorum
1739 4703 1845 4770 studio
1859 4705 2043 4770 certaminis
2058 4724 2114 4770 oo-

446 4816 464 4875 2
488 4810 623 4875 eulatur.
661 4810 741 4893 quid
763 4809 849 4875 enim
872 4809 934 4876 sibi
956 4811 1026 4876 vult
1046 4808 1110 4876 ista
1131 4809 1311 4877 coniunctio
1333 4811 1367 4875 in
1389 4831 1429 4876 ea
1450 4808 1638 4895 praesertim
1662 4809 1873 4888 discussione,
1899 4828 1984 4891 quae
2005 4809 2112 4892 ipsum

486 4912 700 4994 quaesitorem
724 4913 850 4979 videtur
871 4913 1093 4997 adstringeret
1122 4935 1220 4997 quare
1250 4914 1325 4979 huie
1353 4916 1477 4979 tandem
1508 4913 1589 4997 parti
1620 4911 1806 4979 adhibenda
1835 4911 1986 4977 eorrectio
2008 4918 2056 4976 est
2079 4919 2114 4977 et

487 5090 542 5097 ,—

573 5190 656 5257 2om.
675 5190 723 5239 VM
836 5191 1070 5254 ⁴iclreunrseriptoo
1088 5192 1184 5240 le.
1301 5191 1506 5241 blaudtbllIsP
1607 5187 1679 5256 suae]
1700 5192 1807 5253 lucretur,
1826 5204 1871 5238 suo
1889 5190 1963 5240 PVM
2065 5206 2112 5238 nec

486 5279 621 5328 commodis
639 5278 702 5327 Sacc
823 5277 839 5326 6
856 5278 965 5327 consulit
986 5276 1035 5325 VM
1153 5278 1167 5326 7
1188 5293 1246 5340 spes
1265 5279 1309 5327 bue
1326 5293 1377 5340 qna
1395 5280 1426 5326 de
1450 5278 1475 5337 V,
1499 5292 1539 5327 res
1558 5279 1589 5326 de
1608 5292 1658 5339 qna
1677 5275 1705 5323 Μ
1824 5276 1889 5337 out
1907 5282 2037 5338 parentem
2056 5276 2079 5324 P

486 5365 666 5427 equilelnsil‘
766 5348 900 5413 cerev
1013 5363 1043 5413 10
1061 5364 1158 5412 hisdem
1182 5363 1237 5425 VM,
1258 5361 1351 5416 lisdem
1370 5364 1393 5411 P
1505 5364 1533 5414 11
1555 5364 1658 5412 hich
1772 5363 1802 5411 13
1820 5362 1966 5425 exuptetl'
2067 5364 2112 5411 de·

485 5449 610 5518 tentione]
628 5451 762 5511 Mcrcenu,
782 5454 925 5501 intentione
944 5449 1014 5499 PVM

575 5537 605 5587 18
623 5552 671 5586 om.
690 5537 733 5585 ΥΡ
837 5538 868 5586 19
885 5542 1028 5600 apparatore
1045 5537 1090 5584 Pl
1105 5553 1139 5584 m.
1244 5538 1374 5600 qquernl'
1474 5537 1507 5586 20
1525 5538 1664 5586 dimissil'
1766 5536 1795 5586 21
1818 5534 1937 5603 sequare]
1954 5538 2108 5600 opturel'*

484 5624 626 5672 ltinerisF
1302 5631 1305 5637 ’
1579 5656 1583 5663 .
1901 5655 1906 5661 .
1970 5648 1973 5653 ι
2080 5665 2086 5679 ,

572 5709 605 5759 25
622 5724 673 5760 om.
692 5708 740 5756 VM
833 5710 867 5757 30
886 5705 1003 5776 ue]Vd1,
1023 5711 1086 5758 lnP
1180 5710 1212 5759 32
1231 5725 1324 5760 eurem
1336 5726 1383 5761 orn.
1403 5710 1451 5759 VM
1545 5710 1578 5759 33
1597 5706 1784 5774 discussions?
1873 5706 1906 5757 34
1924 5706 2111 5777 autumpno,

485 5804 585 5847 tentum
605 5794 680 5843 Pvn
