4716 6476
520 441 582 503 258
1119 440 1315 498 SYMMAOHI
1333 440 1545 519 EPISTVLAE

468 629 502 691 F
520 647 596 712 ergo
618 636 674 693 tua
695 630 800 713 potins
822 629 980 695 redundet
1001 631 1112 711 oratio,
1139 651 1221 714 quae
1244 637 1276 697 et
1298 632 1356 697 tibi
1381 632 1510 697 laudem
1533 632 1639 715 pariat
1661 638 1809 696 servatae
1831 631 1992 695 amicitiae
2015 631 2143 695 etmihi

519 730 664 797 solamen
685 731 813 797 adferat
834 733 1015 817 praesentis
1036 753 1221 799 aerumnae.

1129 990 1317 1056 cxxvm1
1337 991 1530 1074 (auxum

463 1164 500 1224 Π
606 1161 733 1227 Vtinam
756 1168 789 1228 te
811 1163 924 1228 melior
947 1182 1045 1228 causa
1066 1162 1236 1228 tenuisset:
1264 1163 1359 1228 facile
1382 1164 1549 1230 absentiae
1571 1170 1644 1227 tuae
1667 1160 1786 1228 damna
1807 1162 1974 1228 ferremus.
2022 1172 2143 1227 utrum-

518 1283 580 1345 qne
601 1271 709 1331 tamen
735 1315 971 1331 .........
998 1265 1192 1332 desiderium
1216 1267 1260 1331 tni
1284 1267 1461 1332 litterarum
1484 1267 1602 1332 solacio
1625 1267 1794 1350 mitigasti:
1832 1285 1912 1349 quas
1940 1265 2176 1349 frequentares

518 1366 713 1451 dignaberis,
741 1368 768 1433 si
791 1390 855 1452 qua
877 1369 935 1434 tibi
957 1367 1062 1434 adhuc
1084 1390 1204 1435 moram
1227 1370 1405 1435 necessitas
1429 1370 1598 1436 familiaris
1619 1370 1782 1435 indixerit.
1829 1369 1914 1434 vale.

1174 1628 1299 1693 LXXX
1325 1628 1479 1712 (LXXV).

603 1798 643 1863 Et
674 1799 776 1864 sancti
805 1800 903 1864 animi
936 1800 981 1865 tui
1005 1800 1186 1867 adfectione
1208 1807 1240 1866 et
1262 1802 1418 1867 sermonis
1441 1800 1638 1868 adsiduitate
1660 1801 1816 1877 delector;
1848 1822 1890 1867 ne
1911 1800 1993 1866 illud
2015 1798 2141 1883 quidem

516 1899 663 1966 beneficii
686 1901 817 1967 minoris
839 1903 1000 1983 existimo,
1028 1904 1113 1985 quod
1136 1905 1179 1969 ad
1202 1904 1404 1970 scribendum
1426 1904 1505 1969 mihi
1527 1904 1662 1970 idoneas
1684 1904 1798 1970 tribuis
1820 1904 2002 1969 facultates.
2049 1921 2141 1986 spero

515 2002 600 2067 enim
630 2004 683 2068 vel
711 2005 771 2069 has
792 2006 917 2071 litteras
939 2026 1028 2071 meas
1049 2007 1109 2072 tibi
1131 2026 1226 2092 posse
1249 2007 1391 2087 restitui,
1426 2028 1506 2091 quas
1528 2015 1714 2092 reposcunt,
1749 2009 1802 2091 qui
1827 2014 1880 2073 tuo
1902 2002 2141 2090 iudicio'porti-
2162 2028 2190 2067 ιι

514 2112 609 2171 tores·
627 2105 722 2171 huius
750 2108 848 2175 officii
876 2110 1070 2193 deliguntur.
1118 2130 1158 2176 ea
1184 2131 1277 2193 vero,
1311 2132 1393 2193 quae
1418 2133 1475 2196 pro
1497 2118 1608 2177 mutua
1629 2112 1771 2178 amicitia
1793 2110 1937 2196 dignaris
1960 2110 2138 2191 iniungere,

515 2209 653 2275 libenter
674 2211 864 2295 exequenda
886 2214 1042 2299 suscipio,
1077 2214 1223 2298 quotiens
1245 2213 1432 2280 desiderant
1454 2236 1584 2300 operam
1608 2236 1730 2294 meam,
1764 2234 1844 2297 quos
1865 2213 2142 2280 commendatione

515 2314 732 2396 prosequeris;
760 2316 868 2381 sedai
891 2316 969 2398 quid
990 2323 1047 2382 aut
1068 2317 1292 2401 neglegentius
1314 2324 1370 2397 aut
1393 2319 1495 2384 serius
1518 2319 1648 2384 sortitur
1671 2319 1831 2400 effectum,
1858 2338 1966 2382 eorum
1989 2315 2142 2382 dissimu-

516 2414 638 2496 lationi,
665 2437 744 2500 quos
767 2419 986 2485 commonendi
1009 2440 1085 2485 cura
1108 2420 1235 2500 deserit,
1264 2427 1387 2505 oportet
1409 2421 1560 2490 adscribi.
1600 2428 1740 2488 ceterum
1763 2430 1829 2487 tam
1851 2421 1937 2487 iusta
1959 2428 1992 2487 et
2008 2420 2141 2486 honesta

515 2525 604 2599 sunt,
637 2541 721 2604 quae
747 2521 818 2606 ipse
847 2523 1034 2607 plerumque
1064 2523 1215 2608 delegas,
1249 2532 1284 2589 ut
1307 2525 1384 2589 mihi
1407 2526 1458 2590 vel
1482 2525 1565 2591 ultro
1587 2525 1771 2610 adpetenda
1793 2525 1836 2590 sit
1857 2525 2003 2590 executio
2025 2526 2140 2610 proba·
2162 2543 2189 2582 ιι

514 2621 626 2687 bilium
650 2623 838 2689 litterarum.

1087 2867 1225 2932 LXXXI
1248 2869 1402 2952 (LXXVI)
1435 2890 1465 2933 a.
1486 2873 1569 2935 398?

600 3035 664 3101 Diu
687 3036 810 3102 litteras
832 3045 904 3103 tuas
926 3038 1129 3106 desiderasse
1152 3061 1203 3105 me
1226 3041 1338 3122 fateor,
1366 3061 1499 3125 quarum
1522 3043 1703 3127 adportatio
1726 3043 1941 3129 cxpectationi
1962 3063 2055 3109 meae
2070 3044 2139 3129 ple-

512 3137 645 3203 nissime
675 3139 842 3206 satisfecit.
889 3142 1061 3226 praecipue
1090 3150 1197 3209 autem
1228 3144 1305 3208 mihi
1336 3144 1454 3228 gaudio
1485 3145 1559 3227 fuit,
1593 3145 1678 3229 quod
1709 3155 1740 3212 te
1763 3167 1819 3231 pro
1842 3153 1914 3211 roto
1936 3167 2035 3229 agere
2059 3166 2139 3212 uun-

513 3241 616 3324 tiasti,
650 3242 767 3307 dehinc
797 3246 882 3327 quod
911 3245 1069 3312 adventus
1100 3247 1145 3311 tui
1174 3245 1293 3312 dedisti
1316 3247 1460 3314 obsidem
1484 3250 1706 3334 sponsionem3
1739 3257 1772 3316 et
1793 3249 1943 3333 quoniam
1964 3256 1997 3315 te
2020 3250 2138 3315 mutuis
2157 3264 2186 3307 ιι

513 3341 554 3409 de
584 3363 635 3409 me
664 3365 832 3428 praesumo
862 3349 1023 3431 gaudere,
1057 3357 1129 3434 post
1156 3349 1302 3432 ingentia
1331 3352 1492 3434 pericula,
1526 3372 1609 3434 quae
1639 3353 1727 3418 solus
1753 3352 1787 3416 in
1816 3353 1993 3418 eommunis
2015 3352 2138 3437 patriae

513 3447 751 3531 perturbatione
774 3451 925 3535 toleravi,
957 3452 991 3517 in
1015 3453 1133 3517 bonum
1157 3472 1208 3517 me
1230 3458 1346 3518 statum
1371 3454 1495 3521 redisse
1519 3455 1673 3539 significo.
1722 3461 1886 3540 superest,
1913 3461 1948 3519 ut
1969 3455 2012 3520 ad
2034 3456 2138 3540 pleni-

512 3549 656 3615 tudinem
686 3570 907 3636 prosperornm
938 3555 1061 3621 laetitia
1089 3556 1181 3621 nobis
1212 3563 1343 3641 sperata
1365 3558 1550 3642 proveniat,
1584 3558 1669 3642 quod
1693 3559 1771 3624 mibi
1794 3557 1835 3624 de
1857 3565 1912 3623 tuo
1935 3558 2038 3623 reditu
2062 3577 2137 3642 spo·

512 3652 662 3737 pondisti.
711 3655 794 3721 vale.

1140 3901 1504 3984 uxxmrnxxvm.
2156 3918 2186 3959 ιι

597 4067 703 4131 Pomis
725 4068 789 4132 tuis
811 4069 940 4135 abunde
962 4070 1111 4136 bonorem
1135 4073 1252 4156 scripto
1274 4072 1430 4155 facerem,
1458 4073 1485 4137 si
1507 4073 1667 4155 valerem,
1702 4095 1785 4140 nunc
1806 4076 1958 4141 obsessus
1980 4076 2139 4142 membro-

511 4189 580 4233 rum
604 4170 741 4234 omnium
765 4171 936 4255 doloribus,
964 4173 1118 4238 silvarum
1142 4181 1267 4239 tuarum
1290 4177 1421 4242 laudern
1444 4183 1618 4260 sequestro.
1661 4177 1758 4243 faciet
1780 4177 1931 4261 frequens
1955 4179 2138 4244 humanitas

511 4278 576 4350 tua,
604 4281 638 4338 ut
660 4292 759 4358 saepe
781 4274 863 4340 alias
885 4275 919 4340 in
940 4277 1063 4341 Marsos
1087 4278 1171 4342 bonu
1193 4279 1376 4345 Phaeacum
1400 4281 1557 4346 translata
1580 4282 1789 4347 celebremus.

1119 4535 1294 4601 uxxxru
1319 4537 1522 4620 (uxxvuu.

596 4704 675 4768 Ruri
696 4724 768 4769 cum
790 4706 976 4790 parentibus
1000 4706 1140 4788 otiabar,
1170 4716 1205 4774 ut
1226 4710 1336 4791 algore
1358 4710 1560 4775 Praenestini
1582 4710 1750 4777 diversorii
1771 4711 1974 4797 flagrantiam
1997 4713 2135 4779 torridae
2153 4728 2183 4768 ³⁰

510 4806 643 4872 aestatis
666 4808 883 4875 excluderem.
931 4830 969 4874 eo
991 4830 1042 4876 me
1064 4810 1126 4875 loci
1149 4821 1358 4896 reppererunt
1380 4813 1506 4878 litterae
1529 4821 1621 4896 tuae,
1652 4834 1733 4896 quae
1756 4815 1979 4900 expectatione
2001 4836 2136 4901 prospe-

509 4909 602 4975 rioris
623 4910 735 4976 iudicii
757 4911 913 4996 principio
935 4912 1040 4979 laetus
1063 4915 1174 4999 accepi
1196 4953 1238 4960 —
1261 4935 1400 4998 namque
1423 4916 1465 4981 ad
1488 4917 1548 4982 hoc
1569 4918 1710 4982 locorum
1734 4919 1822 4983 nullo
1845 4939 1897 4984 me
1918 4938 2051 4984 munere
2067 4939 2137 4985 ser-

510 5013 611 5078 monis
634 5013 833 5080 hilaraveras
855 5052 911 5095 -,
939 5015 997 5080 sed
1019 5016 1073 5081 ubi
1097 5037 1207 5081 omnes
1229 5019 1411 5099 molestias,
1438 5038 1519 5102 quas
1542 5019 1781 5111 aemulatore
1805 5021 1965 5102 tolerasti,
1998 5022 2136 5088 sollicita

596 5303 696 5374 largo]
713 5322 790 5370 quare
808 5305 846 5355 5³
948 5312 1032 5372 potius
1050 5311 1180 5360 redumdat
1200 5309 1243 5375 Ν,
1265 5312 1389 5362 redundet
1406 5316 1490 5375 potius
1510 5315 1547 5362 1¹¹
1652 5312 1743 5382 pariat]
1757 5316 1802 5378 F1,
1823 5318 1921 5377 palmae
1935 5314 1979 5378 Ρῖ,
2001 5328 2086 5366 seruat
2100 5318 2136 5365 1³³

508 5394 615 5443 aaran
635 5391 693 5442 FU
796 5393 941 5462 aerumnae]
960 5396 996 5458 11,
1016 5398 1083 5445 ultae
1101 5399 1197 5446 ruinae.
1219 5400 1275 5447 nale
1295 5401 1316 5446 F
1321 5399 1339 5459 ¹,
1359 5401 1455 5449 ruirrae.
1477 5401 1534 5448 nale
1553 5398 1598 5462 Ν,
1618 5402 1712 5450 lninrle
1730 5399 1768 5448 F³

594 5480 654 5530 fet
670 5486 725 5542 poet
744 5483 870 5530 tenuisset
887 5485 961 5531 tusca
986 5481 1028 5545 (F)
1137 5485 1254 5534 bremen
1272 5487 1425 5535 desiderium
1447 5486 1506 5547 (11),
1529 5489 1646 5536 lacunam
1664 5488 1773 5537 iudicavi
1877 5488 1986 5550 tiquam
2009 5488 2051 5550 (Γ)

596 5568 627 5617 10
645 5569 689 5617 hae
708 5581 756 5617 om.
771 5567 799 5618 Γ

593 5653 626 5703 22
641 5657 817 5714 praetulerim.-
837 5662 952 5718 superest
969 5656 998 5704 ad
1018 5657 1202 5718 plenitudinem
1220 5672 1401 5722 prosperorum,
1423 5664 1452 5707 ut
1470 5673 1502 5706 ex
1521 5666 1546 5707 te
1564 5660 1663 5709 laetitia
1683 5661 1756 5708 uobis
1775 5669 1873 5723 operata
1891 5664 2024 5724 proueniat

594 5739 624 5792 31
645 5753 674 5788 eo
691 5755 739 5791 om.
761 5740 787 5789 Γ
