4716 6476
502 498 564 560 240
1098 489 1294 547 SYMMACHI
1313 488 1524 549 EPISTVLAE

447 689 483 749 Π
503 705 542 750 ac
571 683 748 748 familiares
770 701 860 747 meos
883 681 952 747 iure
973 687 1170 747 numeratur.
1216 680 1302 746 hunc
1323 679 1381 745 tibi
1403 680 1437 745 in
1459 699 1588 745 manum
1610 678 1703 744 trado
1725 686 1854 765 petens,
1889 688 1923 745 ut
1945 680 2128 765 exemplum
2349 720 2350 767 p

500 794 629 854 nostrae
657 787 742 852 circa
770 806 843 852 eum
873 784 1065 851 adfectionis
1093 783 1245 863 imiteris;
1278 783 1364 867 quod
1392 790 1424 849 te
1454 781 1567 848 sedulo
1597 801 1768 867 praesumo
1790 783 1959 849 facturum.
2006 783 2130 849 interea
2349 784 2350 869 l

501 889 542 956 de
570 889 763 955 animalibus
793 888 941 954 ludorum
970 888 1140 974 apparatui
1162 886 1395 972 praeparandis
1418 885 1667 952 admonitionem
1690 885 1894 969 frequentare
1916 907 1980 952 non
2002 886 2123 966 desino,
2349 890 2350 965 l

500 1013 572 1059 cum
595 994 700 1058 ineam
725 993 939 1079 sponsionem,
966 994 1046 1073 quod
1067 995 1131 1055 iam
1153 1011 1205 1057 me
1227 990 1320 1056 istius
1342 1009 1438 1055 curae
1460 1009 1596 1055 vacuum
1619 988 1799 1055 reddidisti.
1846 990 2000 1056 mandavi
2021 996 2127 1055 tamen
2349 972 2350 1013 ¹

500 1095 634 1161 Leontio
656 1095 822 1160 monitoris
845 1094 1002 1175 officium,
1033 1094 1083 1159 cui
1107 1114 1216 1159 aurem
1239 1094 1395 1179 praebere
1418 1092 1622 1176 dignaberis,
1649 1093 1677 1158 si
1700 1093 1828 1175 qnando
1850 1093 1922 1178 ipse
1944 1094 2075 1179 publica
2096 1099 2160 1159 eto

502 1199 625 1263 maiora
646 1199 797 1265 tractanti
819 1200 902 1266 hanc
925 1218 1052 1283 quoque
1075 1198 1261 1282 petitionem
1285 1196 1461 1262 domestica
1481 1194 1697 1261 insinuatione
1719 1196 1929 1280 suggesserit,
1976 1197 2062 1263 vale.

1262 1542 1366 1608 XVII.

1148 1697 1208 1763 AD
1236 1697 1478 1762 VENVSTVM,

587 1873 750 1955 integrum
781 1871 859 1935 milri
882 1870 979 1936 situm
1002 1869 1153 1953 praetorii
1176 1869 1239 1935 mei
1262 1875 1295 1935 et
1316 1868 1472 1954 picturam
1495 1869 1658 1951 quandam
1680 1868 1805 1935 fabrilis
1827 1869 1933 1954 operis
1955 1875 2031 1936 ante
2054 1890 2129 1935 ocu-

500 1978 549 2042 los
579 1974 768 2055 conlocasti3
803 1974 849 2039 ita
876 1973 1032 2057 adaperta
1062 1972 1243 2038 distributio
1273 1973 1325 2038 vel
1355 1971 1461 2039 adhuc
1491 1971 1701 2057 adsurgentis
1728 1973 1780 2039 vel
1803 1973 1869 2037 iam
1891 1972 2040 2039 absoluta
2062 1972 2128 2056 sig-
2149 1988 2178 2027 ιο

500 2079 600 2144 navit.
646 2077 814 2142 dissimulo
842 2076 941 2160 igitur
968 2095 1109 2142 meorum
1139 2074 1297 2159 tantisper
1326 2094 1477 2141 accusare
1505 2075 1688 2160 segnitiem,
1721 2075 1776 2159 qui
1797 2076 1831 2141 in
1853 2075 1969 2141 iisdem
1991 2076 2129 2141 molitio-

500 2182 596 2247 nibus
623 2179 834 2246 fabricatione
858 2181 1047 2261 heesemnt,
1082 2178 1157 2245 dnm
1182 2179 1341 2244 suavitate
1362 2178 1502 2263 paginae
1525 2185 1600 2245 turae
1622 2179 1774 2244 mulceor.
1821 2179 1894 2243 volo
1915 2184 2024 2244 tamen
2046 2179 2129 2244 rele-

501 2284 607 2368 gendo
631 2333 1071 2348 ................
1098 2281 1184 2348 tione
1207 2281 1359 2366 castiges.
1407 2282 1509 2348 vicem
1540 2281 1603 2348 mei
1632 2283 1720 2348 fellis
1750 2301 1920 2361 exerceas,
1954 2287 1990 2346 ut
2011 2282 2052 2347 de
2075 2288 2130 2347 tua

501 2387 723 2471 obiurgatione
746 2386 893 2469 coniciet,
918 2392 1040 2469 quanta
1062 2386 1111 2450 illi
1133 2385 1301 2469 pernicies,
1327 2385 1390 2450 nisi
1413 2385 1532 2452 omissa
1553 2385 1721 2466 curaverit,
1753 2405 1793 2451 ex
1815 2404 1888 2450 mea
1909 2384 2130 2468 indignatione

500 2490 675 2557 metuenda
697 2490 747 2556 sit.
2151 2503 2179 2542 ¹³

1179 2833 1288 2898 XVIII
1317 2854 1348 2899 a.
1373 2836 1447 2899 399.

1056 2987 1316 3054 SYMMACHVS
1342 2988 1570 3055 POMPEIAE.

587 3161 702 3226 Votiva
732 3160 862 3227 emersit
891 3160 1033 3240 occasio,
1065 3180 1148 3243 quae
1178 3160 1237 3226 tibi
1267 3159 1471 3227 salutationis
1500 3160 1685 3247 adportaret
1713 3162 1912 3245 obsequium.
1958 3181 2035 3226 nam
2057 3180 2128 3227 curn

501 3268 536 3329 ob
566 3272 747 3348 praeturam
778 3263 837 3328 filii
867 3263 930 3328 mei
960 3263 1137 3330 familiares
1166 3270 1291 3330 nostros
1318 3263 1360 3328 ad
1382 3263 1558 3349 Hispanias
1587 3264 1803 3346 mitteremus,
1837 3263 1953 3347 quibus
1975 3283 2128 3347 equorum

501 3367 658 3434 curulium
686 3367 910 3432 mandavimus
941 3366 1152 3451 emptionem,
1184 3368 1363 3433 litterarum
1393 3367 1515 3432 cultum
1544 3366 1603 3432 tibi
1632 3387 1691 3451 par
1719 3367 1780 3433 fuit
1800 3366 1946 3433 exhiberi
1969 3366 2129 3450 simulque
2147 3379 2178 3421 ²⁰

501 3472 630 3537 adicere
659 3472 870 3556 postulatum,
905 3478 940 3536 ut
968 3472 1185 3537 nobilissimos
1216 3490 1359 3554 quosque
1387 3471 1428 3536 de
1457 3471 1521 3536 tuis
1552 3471 1707 3555 gregibus
1730 3491 1828 3554 equos
1851 3470 1995 3553 digneris
2017 3489 2129 3536 excer-

502 3595 596 3660 pere,
629 3592 708 3657 quos
739 3574 773 3638 in
802 3594 869 3638 rem
898 3574 988 3639 missi
1019 3575 1077 3640 sub
1107 3575 1194 3640 insta
1223 3575 1386 3639 taxatione
1416 3580 1606 3639 mercentur.
1653 3593 1774 3656 quaeso
1802 3572 1916 3657 igitur,
1946 3580 1984 3639 ut
2013 3572 2128 3654 siqua

501 3678 590 3763 apud
619 3684 650 3743 te
679 3677 833 3742 memoria
862 3676 977 3742 domus
1007 3698 1099 3744 meae
1128 3677 1263 3757 residet,
1297 3698 1363 3743 rem
1387 3677 1446 3743 tibi
1468 3677 1555 3741 factu
1578 3676 1723 3757 facilem,
1756 3676 1835 3741 milri
1858 3697 1934 3742 vero
1955 3675 2127 3742 iucundam

502 3788 602 3863 atque
622 3779 902 3846 honoratissimam
925 3780 1162 3864 promptissima
1182 3780 1396 3847 beneficentia
1418 3780 1561 3862 digneris
1583 3779 1737 3847 adnuere.

1174 4124 1300 4190 XVIIII
1328 4145 1360 4189 a.
1379 4126 1452 4188 399.

1059 4278 1318 4345 SYMMACHVS
1341 4277 1571 4344 FLAVIANO.

589 4451 704 4516 Votiva
725 4470 776 4515 me
798 4451 832 4515 in
854 4452 1028 4516 amicitiam
1050 4457 1138 4516 tuam
1161 4470 1260 4516 causa
1282 4450 1422 4532 deducit,
1448 4450 1596 4533 quamvis
1618 4452 1659 4517 ob
1682 4451 1781 4517 decus
1802 4451 1931 4534 generis
1954 4458 1986 4516 et
2007 4471 2128 4516 morum

503 4560 629 4619 tuorum
659 4553 862 4619 familiaritas
890 4560 946 4618 tua
975 4553 1054 4618 mihi
1084 4554 1182 4619 fuerit
1209 4553 1392 4620 ambienda.
1441 4561 1591 4640 praetura
1616 4554 1675 4619 filii
1697 4554 1761 4619 mei
1782 4592 1826 4602 —
1847 4553 1913 4619 fors
1935 4553 2055 4619 dietum
2077 4556 2128 4617 iu-

503 4663 557 4722 vet
577 4694 620 4703 —
642 4657 732 4741 equis
761 4656 926 4723 curulibus
954 4656 1142 4722 instruenda
1171 4663 1231 4723 est.
1279 4656 1400 4722 dudum
1430 4679 1487 4742 per
1515 4676 1604 4724 meos
1630 4708 1779 4722 ......
1806 4657 1959 4741 gregibus
1984 4657 2048 4722 tuis
2072 4676 2128 4741 pe-

502 4759 586 4827 coris
612 4809 1190 4825 .....................
2148 4773 2178 4812 ³⁰

506 4955 663 4962 ———--

589 5072 605 5122 i
624 5071 757 5133 quodiam
775 5087 815 5121 me
833 5071 920 5142 istius]
936 5086 990 5134 epo,
1010 5088 1084 5136 quum
1104 5088 1143 5122 me
1161 5074 1236 5121 istius
1255 5071 1284 5133 Γ,
1305 5080 1334 5122 tu
1353 5087 1393 5121 me
1411 5074 1487 5121 buius
1506 5073 1554 5136 (Π)

592 5156 619 5205 il
642 5159 769 5219 signitism
790 5158 844 5221 (11)
961 5157 993 5208 12
1012 5160 1143 5219 relegendo
1161 5160 1386 5208 assassaaatione
1404 5156 1523 5226 castiges]
1541 5157 1571 5221 Γ,
1592 5160 1725 5220 relegendo
1742 5174 2068 5208 aasaaauaaasaasaaaa
2087 5175 2129 5208 ca·

504 5246 583 5301 attgea
601 5242 661 5308 (Ul,
685 5245 740 5292 noio
757 5250 841 5293 tamen
859 5246 990 5306 relegendo
1008 5246 1057 5293 iter
1073 5244 1219 5306 Capuanum
1237 5244 1366 5294 architecti
1385 5247 1465 5294 nostri
1483 5245 1627 5295 tarditatem
1645 5259 1735 5295 seuera
1752 5248 1862 5296 oratione
1880 5248 1986 5307 mstigea
2003 5253 2030 5295 et
2046 5247 2129 5294 uicem

505 5330 553 5378 mei
571 5329 640 5378 feliis
659 5344 775 5379 exerceas
793 5332 923 5393 Scioppius
1029 5329 1059 5378 13
1078 5327 1172 5397 uicem]
1190 5329 1250 5393 (H),
1272 5336 1301 5379 ut
1318 5333 1400 5380 uicem
1418 5331 1445 5381 Γ

592 5413 622 5465 i'l
641 5428 689 5464 om.
705 5418 728 5463 F
848 5416 879 5465 18
898 5413 1141 5483 cumob]1nrctus,
1163 5430 1220 5463 cnm
1238 5416 1268 5465 ad
1287 5416 1349 5481 (Π),
1370 5416 1401 5465 ad
1420 5417 1442 5464 F
1558 5418 1589 5467 19
1607 5420 1656 5466 mel
1675 5432 1722 5469 om.
1739 5418 1789 5482 (Π)
1907 5419 2039 5467 famulatos
2059 5416 2096 5465 F²

504 5499 650 5568 Hlapauiaa]
669 5502 730 5566 (Il),
751 5503 889 5565 hispaniam
909 5504 932 5549 F
1032 5498 1203 5568 mitteremus]
1222 5501 1274 5565 (Γ),
1294 5504 1411 5552 misimus
1430 5504 1454 5550 F
1564 5503 1596 5552 29
1614 5505 1734 5552 exhibere
1752 5502 1788 5566 (Γ
1788 5510 1795 5568 t
1909 5503 1939 5553 21
1960 5504 2039 5553 adlefo
2058 5502 2094 5553 Ν

504 5601 625 5651 exerpere
642 5585 704 5637 F²r
718 5605 751 5639 m.
859 5587 892 5637 22
910 5589 959 5636 lata
976 5590 1124 5637 tractatione
1143 5585 1181 5635 Fi
1196 5593 1206 5636 l
1222 5604 1256 5638 m.
1362 5588 1395 5638 24
1413 5589 1470 5637 usic
1488 5588 1545 5639 add.
1562 5590 1584 5636 F

590 5671 623 5722 26
642 5674 705 5722 bone
722 5677 792 5737 epist.
812 5687 860 5724 om.
876 5673 936 5741 (H),
955 5678 1052 5735 primm
1069 5673 1147 5723 edidit
1165 5674 1294 5735 Scioppius
1312 5676 1339 5724 ia
1355 5676 1527 5725 Verisimiiium
1544 5677 1561 5723 i.
1583 5677 1645 5723 llll
1662 5679 1691 5725 ll
