4736 6478
917 854 1026 920 xvrn
1046 853 1175 939 mvn).

866 1009 926 1074 nn
954 1008 1223 1073 nrournnvu.
1881 1004 1994 1067 Pru

322 1184 458 1265 Suades,
487 1189 521 1248 nt
543 1181 681 1263 redeam,
708 1201 750 1246 ne
772 1180 823 1247 ius
837 1181 962 1266 praedii
984 1180 1084 1245 nostri
1105 1180 1248 1245 violenta
1262 1179 1426 1264 perturbet
1447 1177 1597 1263 inruptio.
1637 1183 1672 1242 at
1693 1196 1754 1259 ego
1770 1182 1858 1258 puto,

234 1308 297 1353 non
319 1288 426 1352 minus
449 1294 536 1352 tuam
560 1306 669 1351 curam
692 1305 787 1368 quam
810 1305 919 1351 meam
941 1284 1157 1369 praesentiam
1180 1302 1377 1367 promovere.
1425 1281 1547 1347 conicio
1575 1280 1765 1365 exaggerari
1788 1300 1808 1344 a
1829 1285 1861 1345 te

206 1390 386 1474 creligiose
408 1390 502 1456 istam
525 1388 787 1474 trepidationem,
822 1386 898 1452 dum
921 1407 972 1452 me
995 1387 1127 1452 Romam
1152 1385 1261 1452 studes
1284 1386 1422 1451 trabere.
1470 1405 1531 1468 ego
1553 1390 1660 1449 autern
1683 1404 1746 1449 non
1768 1383 1863 1447 modo

235 1514 344 1560 amore
367 1494 422 1558 otii
446 1494 561 1559 abesse
584 1492 765 1575 plusculum
789 1491 894 1574 cupio,
921 1490 979 1556 sed
1002 1490 1078 1574 quia
1100 1490 1195 1555 inane
1219 1489 1289 1571 erit,
1316 1487 1471 1572 quidquid
1495 1494 1613 1553 remoto
1634 1495 1729 1571 atque
1751 1487 1864 1551 incon-

235 1598 320 1663 sulto
348 1616 534 1681 possessore
563 1602 747 1679 temptatur.
803 1593 969 1659 consilium
1000 1601 1109 1660 antem
1138 1593 1184 1658 rei
1214 1592 1360 1676 agendae
1390 1599 1463 1658 tuus
1493 1599 1526 1658 et
1554 1592 1706 1671 aliorum,
1745 1591 1861 1672 quibus

235 1701 323 1767 cordi
344 1721 467 1781 sumus,
493 1705 647 1766 tractatus
669 1698 820 1764 inveniet.
860 1718 951 1764 meae
973 1697 1074 1781 quieti
1095 1698 1205 1762 nullus
1227 1695 1382 1775 invideat3
1409 1696 1485 1779 quio
1509 1695 1637 1779 longius
1659 1693 1864 1780 producenda

236 1813 295 1885 est,
322 1825 394 1869 curn
417 1804 518 1869 ricem
541 1809 681 1871 nostram
705 1802 856 1866 bonorum
880 1801 1053 1867 amicorum
1077 1819 1153 1866 cura
1175 1800 1337 1883 iungatur.
1713 1816 1717 1823 ’

897 2109 1023 2175 xvnn
1051 2110 1196 2194 (xviri).

872 2264 930 2328 nn
953 2264 1222 2329 urosrnnvu.
1588 2339 1597 2346 ,
1885 2266 1987 2327 prs

323 2441 456 2523 Semper
477 2445 509 2504 te
532 2439 565 2503 in
588 2437 692 2523 priore
716 2435 931 2502 adfectionum
954 2456 1097 2501 mearum
1121 2437 1223 2500 fronte
1245 2435 1413 2502 constituo.
1461 2436 1574 2502 merito
1600 2434 1740 2501 incertus
1763 2437 1860 2501 animi

238 2541 451 2625 cognitionem
466 2549 541 2606 tuae
558 2540 671 2606 salutis
688 2547 837 2624 expect03
865 2540 1004 2621 quamsi
1027 2539 1105 2605 mibi
1127 2546 1201 2605 tuus
1217 2560 1320 2606 sermo
1335 2539 1542 2625 praestiterit,
1568 2540 1703 2606 reditum
1719 2547 1861 2605 nostrum

237 2646 386 2711 alacritas
408 2645 561 2711 incitabit.

853 2952 917 3018 xx
937 2952 1081 3037 (xuni)
1115 2973 1146 3018 a.
1166 2955 1239 3017 sos.

867 3107 927 3173 Ab
957 3107 1224 3173 naamanin.
1883 3112 1996 3173 PVM

323 3284 390 3348 Nos
412 3288 501 3347 tuum
527 3289 756 3367 praeoptamus
778 3280 969 3359 adventum3
1003 3286 1037 3344 tu
1067 3279 1180 3345 amicis
1203 3279 1389 3346 muneribus
1418 3279 1579 3348 desideria
1601 3288 1710 3347 nostra
1732 3282 1859 3347 solaris.

240 3386 414 3452 admodum
438 3386 568 3468 quidem
593 3387 733 3451 delector
754 3383 888 3463 oblatis,
922 3382 980 3448 sed
1002 3383 1062 3449 boc
1084 3382 1155 3468 ipso
1178 3382 1284 3449 officio
1306 3382 1425 3448 damna
1446 3383 1613 3449 absentiae
1637 3391 1710 3450 tuae
1733 3385 1864 3468 gravius

238 3491 434 3571 sentiuntnr;
467 3490 612 3575 pleniora
642 3489 726 3554 enim
756 3485 919 3572 praesidia
947 3493 1043 3568 atque
1069 3494 1258 3552 ornamenta
1281 3487 1321 3553 de
1344 3486 1446 3552 amico
1468 3495 1638 3571 praesente
1661 3508 1860 3573 caperemus

190 3614 218 3654 m
237 3602 271 3658 at
291 3615 376 3660 nunc
398 3593 481 3659 inter
502 3593 609 3657 votiva
631 3589 795 3657 candidati
817 3589 882 3654 mei
904 3589 1034 3672 negotia
1056 3597 1088 3655 et
1110 3590 1310 3671 quaestorios
1332 3596 1507 3676 apparatus
1529 3589 1671 3656 fraudari
1700 3611 1758 3657 nos
1788 3612 1864 3658 con-

236 3717 353 3780 queror
382 3695 535 3761 societate
565 3693 768 3759 consiliorum
797 3698 935 3758 tuorum.
981 3699 1147 3758 ettamen
1176 3693 1327 3759 obeunda
1355 3714 1414 3761 nec
1438 3695 1549 3778 procui
1578 3695 1700 3761 locatus
1723 3695 1858 3761 omittis:
1886 3696 1905 3756 2

236 3822 309 3866 narn
334 3806 367 3865 et
387 3804 496 3865 vestes
519 3797 712 3879 subsericas,
739 3816 819 3879 quas
842 3795 988 3861 homines
1011 3796 1073 3862 mei
1096 3804 1169 3881 post
1190 3797 1374 3864 inlationem
1399 3797 1493 3883 pretii
1515 3799 1732 3882 retentabant,
1758 3806 1791 3865 et
1812 3799 1862 3863 in-

237 3912 390 3970 structum
419 3901 577 3983 reliquum
607 3900 819 3965 muneralium
851 3899 1066 3984 praemiorum
1095 3905 1170 3965 tuus
1200 3900 1306 3983 coegit
1334 3901 1513 3967 instinctus.
1568 3909 1643 3984 opto
1671 3902 1770 3986 igitur
1804 3903 1862 3967 tibi

236 4013 415 4091 promptum
439 4003 570 4070 deorum
594 4003 735 4068 favorem
758 4002 959 4085 reditumque
986 4001 1113 4069 felicem
1137 4003 1297 4087 simulque
1318 4025 1390 4086 oro,
1423 4004 1450 4068 si
1480 4004 1545 4069 fors
1577 4004 1703 4070 dederit
1724 4005 1862 4070 faculta-

191 4128 219 4167 πε»
237 4116 318 4192 tern,
346 4108 500 4174 functioni
522 4113 649 4172 nostrae
672 4106 830 4172 interesse
852 4107 1056 4191 deproperes.
1094 4107 1185 4173 cuius
1208 4108 1356 4191 voluptas
1379 4128 1498 4190 magna
1521 4115 1611 4191 parte
1634 4108 1859 4189 cumulabitur,

237 4212 264 4277 si
286 4211 431 4279 laetitiae
453 4218 582 4277 nostrae
604 4211 764 4295 particeps
787 4209 989 4276 desideratus
1012 4210 1198 4276 accesseris.

818 4519 899 4584 xxi
921 4520 1002 4604 (xx)
1044 4542 1075 4585 a.
1096 4521 1276 4585 noanon.

871 4675 930 4740 nn
954 4673 1222 4740 pronianum
1887 4679 1989 4741 prr
2078 4662 2080 4665 ’

323 4845 431 4912 Potuit
452 4845 521 4909 sine
543 4845 659 4911 litteris
681 4846 796 4911 nostris
820 4853 950 4912 sanctus
972 4847 1139 4927 Aurelius,
1175 4847 1202 4911 si
1224 4847 1302 4930 quid
1326 4846 1366 4913 de
1390 4868 1441 4913 me
1462 4867 1653 4931 quaereres,
1679 4848 1857 4933 explicare;

193 4970 220 5010 oo
239 4951 295 5018 sed
318 4949 395 5034 quia
417 4948 586 5014 fastidiosa
608 4949 758 5014 salutatio
780 4957 838 5031 est,
865 4971 948 5033 quac
970 4951 1056 5017 dudo
1079 4970 1223 5016 sermone
1247 4950 1408 5033 defertur,
1438 4950 1526 5015 iunxi
1549 4950 1667 5036 scripta
1689 4952 1859 5017 mandatis.

238 5054 321 5121 bave
344 5052 442 5136 igitur
464 5051 535 5117 dico
557 5051 616 5117 tibi
639 5052 796 5137 simulque
820 5054 986 5139 deprecor,
1019 5060 1055 5121 ut
1077 5053 1251 5120 secundum
1273 5054 1563 5138 commonitorium,
1596 5075 1659 5137 quo
1681 5056 1860 5121 summatim

322 5364 407 5415 inm.
426 5365 476 5414 VM
612 5365 732 5414 ⁴icarum
750 5371 819 5414 tuam
842 5367 862 5415 V
1000 5364 1068 5434 ate]
1091 5372 1164 5417 natae
1187 5365 1235 5415 VM
1371 5364 1502 5434 bantana]
1523 5367 1568 5414 boc
1592 5367 1624 5427 V,
1650 5368 1726 5416 buius
1750 5370 1817 5416 tedio
1837 5368 1864 5415 Μ

239 5454 254 5500 6
271 5451 401 5520 inslsoulto
419 5451 442 5499 P
545 5448 673 5517 dautem]
692 5452 737 5500 boo
759 5452 786 5513 V,
806 5453 883 5501 buius
903 5451 931 5498 M
1034 5452 1049 5501 Β
1067 5451 1142 5521 quin]
1161 5453 1307 5517 commun,
1328 5455 1388 5516 quia
1406 5454 1480 5502 PVM

325 5538 353 5589 11
374 5553 422 5587 orn.
443 5538 486 5586 Vb*

325 5624 356 5674 16
374 5638 422 5672 om.
447 5623 496 5672 VM
652 5623 682 5673 19
701 5624 884 5685 praestante?
1037 5624 1070 5674 22
1089 5630 1186 5685 etpost
1203 5600 1362 5675 retentabant
1379 5639 1427 5673 cnr.
1453 5626 1473 5673 V
1626 5624 1658 5674 23
1677 5626 1724 5674 tibi
1742 5638 1789 5674 mo.
1817 5627 1863 5673 VM

240 5710 270 5760 24
288 5712 330 5759 dei
352 5708 447 5772 uuir)
554 5708 587 5758 25
605 5710 724 5758 uoluntas
743 5710 840 5759 le.
866 5711 886 5757 V

324 5795 357 5845 28
375 5810 423 5844 orn.
442 5796 485 5843 Vi*
585 5794 618 5843 29
636 5797 744 5858 quodV
846 5796 879 5845 30
898 5798 1022 5859 profertur
1040 5798 1063 5843 F
1164 5797 1192 5846 31
1214 5799 1278 5845 habe
1298 5798 1393 5846 le.
1420 5799 1446 5855 V,
1467 5811 1514 5845 auo
1534 5796 1627 5846 Pam.
1650 5798 1672 5844 F

316 5895 343 5946 Q·
357 5895 471 5937 Arsanias
483 5896 629 5936 Stanacum.
1625 5900 1654 5949 17
