4744 6476
1112 454 1309 509 SYMMAGHI
1327 454 1539 509 EPISTVLAE

1008 824 1011 831 '
1088 814 1242 879 (lXVllIl
1263 815 1401 897 lcvllll)
1436 837 1466 880 a.
1487 818 1558 879 394.

458 988 496 1048 Π
602 987 750 1070 Plerique
778 994 810 1051 te
839 986 941 1050 accitu
970 985 1109 1050 consulis
1131 986 1360 1051 Mediolanium
1382 986 1492 1051 venire
1514 985 1728 1069 credidimus,
1761 1007 1837 1071 pars
1859 987 1893 1051 in
1917 987 2027 1051 Gallia
2049 1007 2138 1052 rese-

514 1091 600 1156 disse
633 1091 806 1155 iactabant.
860 1089 944 1154 inter
975 1090 1056 1155 baec
1088 1089 1270 1173 opinionum
1305 1090 1410 1171 varia,
1453 1109 1591 1171 quonam
1625 1089 1780 1154 mittenda
1813 1095 1922 1154 esseut
1954 1090 2137 1169 quaestoria

514 1194 614 1274 dona,
648 1192 804 1258 dubitavi.
851 1198 1020 1276 postquam
1049 1192 1127 1256 mibi
1158 1191 1304 1257 solvendi
1334 1191 1431 1257 officii
1461 1192 1660 1258 occasionem
1683 1191 1794 1256 tribuit
1815 1191 1973 1256 adventus
1996 1196 2132 1273 tuorum,

514 1297 692 1375 clarentio,
730 1295 819 1359 cuius
852 1300 1029 1378 spectatam
1059 1294 1155 1360 tidem
1185 1315 1355 1376 noveram,
1392 1302 1546 1360 consueta
1575 1314 1741 1359 munerum
1756 1292 1949 1360 ‘deserenda
1978 1293 2167 1358 commisit

513 1420 575 1464 non
598 1400 831 1483 aspernabere,
858 1405 894 1462 ut
915 1398 1059 1477 aestimo,
1088 1398 1232 1482 diptycbi
1256 1405 1288 1463 et
1309 1398 1528 1483 apophoretici
1551 1398 1755 1462 oblationem.
1802 1397 2013 1481 nequeenim
2037 1418 2136 1478 grave

513 1510 563 1567 est
592 1501 804 1567 verecundiae
834 1508 909 1566 tuae
939 1501 1108 1566 sollemnia
1136 1507 1169 1566 et
1198 1501 1306 1566 votiva
1335 1502 1509 1586 suscipere.
1556 1520 1733 1582 quaecum
1755 1499 1916 1565 amicitiae
1939 1499 2132 1581 deserantur,

514 1605 652 1690 pertinet
673 1604 717 1669 ad
739 1603 882 1668 caritatis
905 1603 1148 1677 confessionem,
1175 1610 1210 1669 ut
1231 1602 1341 1669 deberi
1364 1603 1424 1668 sibi
1448 1603 1528 1668 baec
1550 1602 1679 1667 animus
1702 1601 1839 1667 sumenti
1861 1601 2066 1683 persuadeat.

1219 1825 1310 1890 exn
1336 1826 1429 1907 (ox).
2357 1840 2358 1889 r

599 1997 776 2063 Ariminum
807 2017 904 2080 saepe
934 1996 1132 2081 praeteriens
1162 1995 1346 2077 magisterio
1377 2003 1431 2061 tuo
1462 1996 1559 2062 didici
1589 1997 1710 2062 amicos
1739 1997 1895 2062 bonorare
1924 1997 2132 2062 munusculis.
2151 2019 2182 2068 ,ιο

513 2121 612 2183 quare
641 2107 694 2166 tuo
722 2101 886 2165 institutus
915 2101 1062 2183 exemplo
1092 2099 1277 2164 necessaria
1299 2099 1371 2164 usui
1395 2100 1499 2182 magis
1522 2099 1663 2183 rependo
1685 2120 1779 2183 quam
1804 2099 1922 2164 deiero.
1969 2120 2053 2181 quae
2075 2100 2136 2164 nisi

513 2211 659 2289 prompta
688 2203 872 2286 dignatione
900 2203 1098 2286 susceperis,
1130 2201 1281 2266 videbere
1311 2222 1414 2266 meam
1447 2202 1635 2267 facilitatem
1658 2202 1699 2267 de
1722 2201 1863 2286 acceptis
1885 2201 2003 2266 totiens
2025 2209 2135 2267 notare

513 2307 707 2373 muneribus.

1202 2527 1310 2593 cxrn
1329 2522 1441 2611 (oxi).

598 2704 782 2787 Promptum
805 2700 883 2766 mibi
905 2707 1002 2782 atquc
1025 2700 1151 2765 declive
1173 2700 1337 2781 negotium
1361 2698 1537 2780 credidisti,
1563 2699 1681 2782 inquo
1704 2701 1827 2765 nullum
1849 2701 1955 2765 nisum
1978 2701 2036 2766 tibi
2059 2722 2136 2786 ope·
2155 2720 2183 2760 ¹⁵

512 2825 566 2871 rac
589 2824 681 2871 meae
703 2804 844 2870 vendito.
885 2803 1004 2888 quippe
1027 2803 1080 2866 nbi
1103 2802 1238 2886 primum
1261 2802 1470 2886 spectabilem
1493 2802 1594 2867 virum
1612 2803 1766 2869 Faustum
1789 2810 1844 2868 tua
1867 2804 2018 2888 epistula,
2044 2825 2134 2870 meus

512 2927 616 2973 senno
638 2907 804 2988 convenit,
836 2915 871 2971 ut
892 2905 990 2989 Epiro
1013 2905 1227 2989 mancipium,
1261 2905 1381 2987 dequo
1404 2905 1586 2987 ambigitis,
1611 2905 1645 2969 in
1668 2926 1803 2971 examen
1826 2914 1988 2985 accersat,
2014 2926 2136 2989 nequa-

511 3030 607 3092 quam
637 3009 825 3075 adversatus
858 3016 908 3075 est
940 3008 1121 3092 postulatis.
1176 3027 1270 3092 spero
1304 3007 1417 3090 igitur,
1454 3007 1558 3073 accitu
1592 3008 1661 3073 eius
1694 3009 1785 3075 brevi
1817 3008 1929 3075 adfore
1962 3008 2132 3089 bominem,

511 3133 605 3195 quem
636 3119 776 3178 vestrum
808 3112 900 3177 alteri
924 3110 1115 3195 disceptatio
1139 3110 1310 3175 familiaris
1332 3109 1506 3176 adiudicat.
1555 3109 1613 3175 sed
1635 3111 1675 3176 de
1699 3111 1758 3176 boc
1781 3112 1860 3177 satis
1883 3111 2051 3176 verborum
2074 3118 2132 3175 est.

511 3223 543 3281 te
566 3222 687 3280 oratum
711 3216 799 3294 volo,
827 3221 862 3280 ut
884 3234 941 3278 nos
965 3213 1102 3279 subinde
1124 3213 1311 3296 scriptorum
1335 3213 1454 3279 honore
1477 3214 1667 3297 locupletes,
1693 3222 1726 3279 et
1747 3214 1833 3298 quod
1855 3235 1939 3280 nunc
1961 3233 2060 3279 causa
2082 3234 2134 3278 oo
2153 3232 2182 3273 so

511 3325 607 3400 gente
629 3317 744 3399 iecisti,
770 3318 803 3383 id
826 3316 969 3383 amicitia
993 3317 1137 3381 hortante
1159 3336 1221 3381 non
1245 3317 1389 3381 deseras.

1058 3538 1182 3603 cxxn
1205 3537 1318 3621 (exuo
1351 3559 1382 3603 a.
1402 3541 1585 3604 aon-asa.

597 3713 843 3779 Praesumebum
877 3711 1005 3794 quidem
1040 3709 1195 3775 iustitiam
1229 3719 1316 3775 tuam
1353 3708 1459 3774 fratris
1488 3711 1552 3775 mei
1581 3710 1728 3793 Magnilli
1758 3712 1892 3775 sinceris
1921 3712 2046 3776 actilms
2076 3710 2135 3776 ad-

510 3816 666 3899 futuram,
701 3816 759 3882 sed
787 3815 852 3881 tide
875 3814 1063 3897 cognitionis
1086 3813 1214 3893 audita,
1249 3833 1345 3894 quum
1368 3813 1460 3877 bonis
1483 3813 1630 3879 omuibus
1652 3814 1896 3879 adventantium
1919 3835 2023 3880 sermo
2045 3823 2135 3899 pate

510 3919 604 4002 iecit,
637 3918 808 3984 admodum
839 3918 1019 4000 gratulatus
1049 3937 1136 3994 suru,
1170 3915 1256 3998 (quod
1285 3915 1333 3980 illi
1363 3926 1499 4000 aequum
1530 3916 1670 3982 iudicem
1700 3916 1825 3983 fortuna
1855 3917 2026 4002 praestitit.
2073 3938 2134 4001 ago
2154 3938 2181 3978 a

509 4023 608 4106 igitur
628 4023 752 4105 gratias
774 4041 831 4106 pro
854 4020 949 4085 amici
973 4020 1046 4099 itui
1069 4019 1257 4099 securitate,
1291 4019 1381 4084 ouius
1404 4019 1696 4085 innocentissimam
1720 4020 1818 4084 vitam
1842 4020 2021 4086 sententiae
2044 4021 2134 4085 testi-

508 4125 615 4192 monio
644 4122 864 4210 conprobasti,
899 4130 931 4188 et
960 4143 1054 4206 spero
1077 4121 1345 4207 contemplatione
1368 4129 1423 4188 tua
1445 4122 1534 4188 brevi
1557 4129 1681 4188 ceteras
1702 4121 1867 4187 infortunii
1891 4123 1960 4188 cius
1983 4122 2136 4204 reliquias

510 4227 758 4293 submovendas.
804 4228 913 4308 itaque
945 4231 979 4290 ut
1001 4224 1180 4309 promptius
1202 4232 1310 4307 partes
1333 4224 1497 4307 ingenitae
1519 4224 1577 4289 tibi
1600 4224 1772 4307 aequitatis
1794 4225 1956 4310 adripias,
1989 4231 2136 4310 precator

510 4329 639 4409 accedo,
665 4349 787 4395 memor
809 4348 936 4412 semper
959 4328 1085 4392 iuturus
1107 4327 1253 4393 beneficii
1276 4327 1333 4406 tui,
1360 4327 1388 4392 si
1411 4347 1494 4406 eum,
1521 4347 1614 4410 quem
1631 4334 1813 4393 constanter
1828 4348 1968 4411 purgare
1984 4327 2136 4411 dignatus

509 4453 556 4509 es,
581 4431 712 4498 tandem
736 4432 890 4497 secentas
914 4431 1012 4514 plena
1034 4432 1222 4514 respexerit.
1732 4506 1742 4535 1
2154 4453 2183 4491 so

1168 4652 1309 4718 exunt
1331 4653 1474 4735 (exin).
1527 4648 1533 4671 ·

596 4827 771 4892 Plurimum
794 4824 969 4909 voluptatis
992 4844 1031 4889 ex
1054 4824 1168 4889 litteris
1191 4825 1255 4889 tuis
1277 4830 1351 4889 ante
1375 4824 1560 4909 capiebam,
1590 4845 1674 4890 niuno
1696 4824 1888 4890 lacrimabili
1911 4825 2134 4909 conquestione

510 4937 648 4996 mentem
679 4929 818 5012 legentis
846 4928 1001 4992 infuscas.
1048 4927 1101 4992 ubi
1132 4927 1191 4991 illa
1219 4926 1405 5012 prudentia,
1439 4948 1522 5009 quae
1550 4935 1581 4992 te
1610 4934 1643 4992 et
1672 4936 1805 4992 naturae
1836 4928 1918 4993 bono
1942 4939 1968 4992 et
1990 4936 2131 4994 veterum

596 5225 611 5273 2
629 5225 798 5273 mediolanum
820 5224 870 5284 (Π)
1001 5223 1016 5271 5
1036 5219 1172 5289 clarentio]
1195 5220 1253 5284 (Γ),
1272 5224 1392 5270 clarentio
1412 5223 1465 5283 (Π)
1594 5222 1610 5271 8
1629 5225 1738 5270 sumenti
1757 5219 1918 5288 persuadent]
1935 5236 1988 5283 epo,
2009 5223 2133 5270 sumentis

510 5311 613 5360 suadeat
634 5310 694 5372 (H),
716 5312 841 5357 sumentis
858 5316 974 5370 agnoscat
994 5307 1039 5368 (Γ)

597 5396 627 5444 17
646 5397 677 5444 de
695 5410 745 5457 quo
763 5397 889 5456 ambigitis
907 5391 948 5460 ln]
967 5393 1066 5455 Mereor,
1089 5394 1119 5441 de
1138 5396 1247 5453 ambiget
1265 5395 1305 5442 siu
1326 5394 1377 5456 (Π)

595 5481 628 5530 24
647 5483 717 5530 nobis
735 5484 851 5529 omnibns
868 5482 1007 5541 Scioppius,
1025 5482 1204 5540 moetnlcrim:
1223 5481 1308 5541 pronis
1326 5482 1429 5528 auribus
1551 5480 1583 5528 25
1601 5483 1758 5544 praestiterit
1778 5477 1822 5541 (Γ)
1943 5478 1977 5527 to
1996 5476 2049 5545 tui]
2069 5479 2110 5543 (Π
2114 5478 2130 5539 l,

509 5566 571 5615 dalet
590 5567 697 5629 Medias,
718 5570 797 5616 nostri
817 5568 941 5626 Kiersiinp
1046 5565 1078 5614 27
1098 5566 1307 5628 contemplatione
1324 5568 1362 5614 tul
1382 5567 1520 5627 Scioppius,
1541 5568 1755 5614 commendatione
1773 5572 1816 5613 tna
1834 5580 1876 5627 epo
1981 5564 2014 5614 28
2033 5579 2133 5627 promp-

509 5649 573 5718 tius]
593 5652 648 5713 tr).
668 5659 797 5716 promptus
817 5653 869 5713 (HJ

597 5738 629 5787 32
648 5736 836 5804 oorrquestione]
856 5741 961 5789 locatas,
982 5738 1165 5799 conquisitione
1184 5738 1213 5785 ΙΙ
1317 5738 1348 5786 33
1368 5734 1405 5803 et]
1426 5739 1532 5797 lirratus,
1554 5754 1602 5785 om.
1621 5738 1672 5799 (ΙΙ)
