4686 6472
801 502 851 556 DE
870 501 1067 559 strennum
1085 501 1291 559 EPISTVLIS.
1753 502 1869 568 XXIII

228 722 365 789 Ausonii
397 729 553 810 receptae
573 745 632 810 per
659 723 740 791 duos
770 725 875 792 fontes
904 726 997 793 nobis
1023 726 1161 794 traditae
1187 733 1281 810 suut,
1321 726 1377 810 qui
1407 727 1469 794 etsi
1494 747 1559 793 non
1588 748 1629 794 ex
1655 726 1870 814 autographis

230 842 421 928 scriptorum
455 843 561 928 ducti,
600 845 678 913 inde
710 867 731 911 a
764 848 893 913 sacculo
926 853 1035 914 tamen
1066 848 1176 932 quinto
1209 848 1340 915 ineunte
1374 846 1487 913 rivulis
1520 846 1659 915 diversis
1692 848 1864 916 fluxerunt.

230 983 344 1030 omnes
376 970 484 1031 autem
518 964 675 1051 epistulas
709 974 783 1053 post
812 974 945 1034 mortem
978 968 1117 1035 auctoris
1148 991 1169 1035 a
1197 967 1363 1048 010010
1393 967 1543 1034 Memmio
1573 968 1768 1055 Symmacho
1801 969 1868 1035 filio

229 1084 301 1151 eius
335 1083 440 1152 editas
474 1105 562 1170 esse,
599 1107 642 1153 ex
673 1085 934 1173 inscriptionibus
966 1089 1119 1155 librorum
1148 1089 1236 1155 tertii
1266 1088 1368 1172 quinti
1398 1087 1515 1154 decium
1548 1089 1665 1175 partim
1694 1090 1728 1156 in
1758 1088 1868 1156 codice

230 1205 379 1272 Parisino
400 1206 517 1293 partim
539 1226 599 1291 per
620 1208 842 1294 apographum
865 1208 936 1275 eius
950 1208 1149 1276 Divionense
1165 1210 1302 1276 servatis
1317 1209 1529 1293 discimus⁴²).
1575 1217 1703 1297 tempus
1718 1207 1868 1277 editionis

232 1346 274 1392 00
304 1347 340 1394 re
373 1325 535 1408 delinitur,
572 1327 657 1412 quod
685 1328 844 1413 epistulae
877 1329 921 1395 ad
948 1331 1092 1396 Attalum
1127 1331 1197 1415 (Vll
1226 1333 1360 1414 15-05)
1395 1330 1430 1396 10
1463 1330 1683 1398 collectionem
1717 1337 1867 1418 receptae

231 1453 323 1526 sunt,
360 1467 445 1530 quae
480 1453 649 1533 postquam
678 1448 831 1515 Alaricho
868 1457 997 1517 auctore
1026 1471 1057 1516 a.
1084 1454 1147 1515 409
1180 1471 1354 1537 purpuram
1383 1451 1537 1536 sumpsit,
1578 1458 1635 1518 aut
1671 1450 1775 1519 omitti
1808 1451 1869 1518 00-

232 1568 371 1633 buerunt
398 1573 456 1633 aut
485 1575 571 1635 certe
601 1568 863 1654 inscriptionibus
892 1570 1028 1655 privari,
1062 1577 1098 1637 ut
1122 1570 1166 1636 ad
1187 1571 1363 1638 Maximum
1387 1576 1420 1637 et
1440 1570 1622 1654 Eugenium
1645 1572 1867 1656 satellitesque

231 1707 342 1753 eornm
372 1687 512 1774 scriptae
543 1695 601 1756 aut
631 1688 856 1756 desiderantur
881 1697 938 1755 ant
967 1691 1050 1757 inter
1080 1712 1259 1777 anonymas
1288 1691 1441 1758 librorum
1465 1691 1570 1758 octavi
1592 1700 1626 1760 et
1645 1692 1721 1760 noni
1752 1693 1865 1759 latent.

232 1808 319 1892 quod
339 1829 436 1875 nemo
459 1816 545 1876 certe
567 1808 658 1875 casui
679 1809 882 1876 tribuendum
906 1830 979 1877 esse
1002 1811 1139 1896 putabit,
1166 1813 1220 1898 qui
1239 1812 1501 1896 consideraverit,
1527 1813 1651 1879 nullum
1672 1813 1707 1879 iu
1722 1813 1869 1900 epistulis

231 1929 307 2014 plus
336 1930 508 2014 nongentis
539 1930 643 1997 iocum
673 1929 822 2016 reperiri,
855 1930 911 2014 qui
933 1937 1077 2017 apertam
1107 1933 1439 1999 commemorationem
1469 1931 1638 1999 honestam
1660 1941 1867 2019 tyrannorum

232 2049 454 2133 mutuatu).
502 2071 574 2117 cum
596 2051 695 2135 igitur
716 2050 756 2130 Q.
773 2050 925 2118 Aurelius
949 2052 1162 2138 Symmachus
1185 2074 1216 2119 a.
1237 2056 1299 2118 400
1322 2060 1465 2119 mortuus
1487 2053 1538 2136 sit,
1566 2054 1776 2140 epistularum
1798 2075 1869 2121 cor-

232 2189 294 2255 pus
323 2170 409 2236 inter
436 2189 538 2237 annos
560 2174 624 2236 403
647 2178 679 2237 00
701 2174 764 2236 408
795 2171 953 2257 prodiisse
977 2172 1084 2240 debet.
1131 2192 1191 2240 nec
1214 2193 1346 2259 parvam
1370 2173 1573 2257 diligentiam
1595 2173 1682 2240 iilius
1704 2175 1864 2257 adhibuit,

233 2310 303 2356 cum
334 2290 390 2376 pio
418 2289 550 2357 editoris
571 2311 703 2358 munere
732 2291 937 2376 iungeretur;
971 2313 1045 2358 uam
1068 2294 1215 2377 quamvis
1238 2293 1341 2360 maior
1362 2295 1573 2380 epistularum
1604 2315 1756 2362 numerus
1779 2297 1868 2362 eius-

232 2411 319 2477 modi
349 2411 408 2493 sit,
442 2418 477 2477 ut
505 2410 548 2478 ad
577 2412 754 2496 quemlibet
783 2411 947 2480 hominem
977 2413 1059 2480 mitti
1082 2414 1261 2500 potuerint,
1295 2423 1328 2482 et
1349 2413 1564 2502 Symmachus
1586 2415 1657 2481 siue
1679 2416 1745 2481 ullo
1768 2416 1866 2484 dubio

233 2531 345 2598 eodem
368 2532 517 2617 exemplo
539 2531 583 2597 ad
605 2533 714 2618 plures
736 2553 975 2618 nonnumquam
998 2533 1177 2618 scripserit,
1203 2535 1238 2600 in
1260 2555 1301 2601 00
1321 2543 1430 2602 tamen
1452 2536 1662 2621 epistularum
1684 2537 1868 2605 simillima-

234 2671 303 2717 rum
326 2652 420 2738 copia
442 2652 526 2719 duae
556 2658 680 2719 tantum
703 2653 762 2719 sub
785 2652 923 2718 diversis
953 2653 1135 2720 nominibus
1163 2655 1320 2740 repetitae
1351 2662 1439 2737 sunt,
1473 2656 1704 2723 11140=v
1728 2662 1742 2721 1
1775 2665 1808 2724 et
1834 2659 1868 2723 Π

235 2774 273 2836 07
290 2801 331 2827 =
346 2773 409 2838 VH
424 2775 478 2838 53.
525 2773 584 2839 sed
606 2773 688 2840 haec
709 2771 881 2856 diligentia
902 2773 935 2840 in
959 2775 1093 2841 materia
1115 2775 1300 2858 colligenda
1315 2775 1468 2859 substitit,
1493 2775 1528 2840 in
1544 2775 1722 2860 digerenda
1743 2779 1866 2844 nullam

234 2911 363 2977 operam
394 2893 581 2975 collocavit,
616 2892 678 2958 nisi
708 2893 795 2976 quod
824 2893 927 2960 editor
956 2894 1114 2979 epistulas
1136 2894 1180 2961 ad
1209 2894 1339 2962 eosdem
1368 2895 1514 2962 homines
1539 2897 1657 2964 missas
1688 2916 1746 2983 per
1768 2898 1867 2964 libros

234 3019 355 3097 septem
385 3014 508 3100 priores
538 3014 728 3100 composuit.
775 3020 943 3099 praeterea
971 3035 1075 3100 neque
1103 3014 1255 3101 temporis
1284 3015 1362 3081 ordo
1392 3017 1580 3084 observatus
1610 3025 1660 3084 est
1685 3039 1791 3103 neque
1813 3039 1864 3101 ea,

233 3153 316 3215 qnae
338 3142 530 3218 argumento
553 3134 742 3216 cohaerent,
773 3133 943 3201 coniuncta
965 3143 1055 3218 sunt3
1090 3136 1231 3222 exempli
1253 3136 1359 3220 gratia
1381 3137 1556 3223 epistulae,
1591 3137 1708 3223 quibus
1731 3139 1867 3226 scriptor

234 3252 377 3320 Ausonio
401 3254 443 3321 00
466 3256 633 3321 consulatu
656 3262 788 3340 accepto
810 3256 992 3339 gratulatur
1019 3257 1044 3339 (1
1067 3260 1108 3322 00
1131 3263 1164 3324 00
1186 3258 1259 3340 00),
1293 3278 1358 3323 000
1378 3256 1599 3326 intercedente
1622 3258 1814 3326 dirimuntur
1835 3267 1869 3328 et

234 3372 278 3438 ita
299 3374 516 3456 collocantur,
542 3381 578 3441 ut
599 3381 743 3460 tempore
764 3375 921 3460 posterior
942 3376 1080 3460 priorem
1102 3377 1295 3464 praecedat;
1330 3379 1416 3462 quod
1437 3385 1473 3444 ut
1494 3387 1702 3464 agnoscatur,
1730 3401 1794 3446 non
1816 3381 1867 3446 iu-

233 3666 289 3701 men
311 3658 334 3700 ie
357 3666 431 3701 caena
454 3655 547 3703 interea
569 3652 603 3703 00
627 3654 694 3703 titius
716 3655 845 3703 hettonem
864 3653 1021 3718 perduxerit,
1051 3656 1109 3704 haee
1134 3660 1156 3705 tc
1181 3656 1391 3717 procumbendum
1415 3661 1513 3720 putaui.
1550 3659 1613 3708 titre
1637 3662 1720 3722 primo
1741 3662 1811 3721 epist.
1832 3661 1865 3708 26

235 3741 311 3802 (nune
330 3738 373 3801 30)
394 3743 541 3802 impressum
558 3746 582 3789 et
599 3743 626 3790 in
647 3740 765 3803 Siphnnii
782 3744 952 3803 manuscripto
969 3741 1050 3791 codiee
1067 3745 1185 3803 00000000
1202 3745 1308 3791 visitur:
1337 3744 1391 3793 ‘ihi
1407 3760 1446 3794 me
1463 3750 1487 3794 et
1502 3751 1631 3807 parentem
1649 3751 1673 3795 et
1690 3748 1815 3807 ornicum,
1841 3750 1865 3794 et

229 3828 252 3873 a·
269 3825 330 3888 quid
347 3831 452 3889 utroque
470 3826 569 3875 0000000
586 3832 630 3889 eet,
651 3826 785 3877 chartomm
803 3825 882 3886 fuisse
899 3827 1018 3877 eeneieti’.
1055 3828 1098 3877 000
1114 3829 1185 3889 ionpe
1202 3832 1284 3878 certor
1300 3844 1355 3879 meo
1373 3834 1457 3880 animo
1476 3833 1547 3882 ieetio
1565 3837 1609 3893 eat,
1629 3845 1744 3896 0000000
1756 3831 1866 3881 suidas

231 3915 253 3958 et
270 3910 411 3961 Bertiniuat
435 3913 545 3963 00000001
560 3913 709 3962 membranis
727 3916 844 3963 restituo:
879 3913 933 3963 ‘lbi
950 3930 988 3963 me
1006 3914 1049 3963 tibi
1066 3919 1207 3975 ciperente
1225 3920 1248 3963 00
1266 3919 1345 3965 amieo
1363 3922 1387 3966 et
1403 3921 1425 3965 ei
1443 3933 1467 3980 q.
1486 3932 1513 3967 u.
1534 3934 1556 3967 0.
1575 3922 1618 3980 eet,
1638 3932 1659 3967 0.
1680 3917 1701 3978 f.
1722 3916 1810 3966 eenet'.
1829 3943 1865 3954 -

231 3996 298 4044 hunc
315 3997 393 4057 igitur
410 3998 492 4047 iocum
511 4012 543 4047 ex
563 4000 670 4048 Ausonii
690 4001 799 4062 epistula
817 4000 979 4062 desumptum
1001 4002 1034 4065 (p.
1056 3998 1096 4061 18,
1115 4000 1153 4064 10)
1177 4002 1310 4064 Scioppius
1327 4004 1358 4052 00
1378 4003 1519 4063 Symmachi
1537 4006 1649 4054 00101000
1666 4019 1744 4065 egene
1762 4004 1865 4064 corrigit

231 4088 257 4131 et
279 4083 377 4132 0001000
395 4084 535 4144 Symmachi
558 4089 610 4133 tem
628 4084 817 4148 Sipbanianum
839 4100 915 4148 quam
933 4087 1087 4137 Fuldensem
1112 4101 1169 4137 eum
1192 4090 1349 4140 continuisse
1372 4091 1444 4140 dicit.
1482 4096 1554 4140 extat
1575 4096 1662 4140 autem
1686 4091 1761 4140 testis
1784 4090 1864 4140 multo

230 4170 370 4232 antiquior,
398 4169 431 4218 00
454 4183 503 4232 quo
520 4169 600 4231 Vogel
618 4185 659 4220 me
677 4172 807 4220 certiorem
825 4173 888 4222 iecit
905 4178 931 4222 et
949 4175 977 4222 in
996 4173 1108 4223 editione
1127 4174 1238 4223 Euuodii
1255 4176 1316 4224 0010
1334 4184 1553 4228 monumentorum
1571 4178 1711 4227 collectioni
1729 4176 1865 4227 inserenda

230 4255 313 4303 100100
330 4260 434 4306 aeturus
453 4260 506 4320 est3
530 4256 657 4320 siquidem
675 4259 807 4321 episcopus
826 4259 976 4325 1101000010,
996 4275 1147 4324 quamquam
1166 4262 1263 4310 nullam
1281 4268 1410 4325 praeterea
1427 4265 1536 4313 Ausonii
1554 4266 1669 4314 notitiam
1687 4264 1778 4327 prodit,
1799 4263 1864 4312 hanc

231 4341 285 4390 eiua
311 4342 448 4403 epistulam
471 4343 548 4391 simul
570 4357 627 4392 cum
645 4344 785 4404 Symmachi
806 4347 924 4408 operibus
948 4346 1101 4409 compilavit.
1139 4361 1222 4410 neque
1240 4353 1281 4397 est
1298 4362 1342 4398 our
1360 4352 1493 4412 miremur,
1520 4353 1601 4402 hlium
1619 4351 1794 4401 testimonium
1811 4355 1863 4398 tam

230 4426 394 4477 honorificum
412 4430 470 4491 virt,
487 4431 533 4492 qui
550 4435 578 4478 et
594 4431 621 4478 in
639 4444 667 4479 re
684 4432 784 4492 publiea
801 4437 827 4480 et
844 4433 872 4481 in
891 4434 984 4482 litteris
1002 4448 1129 4482 summum
1148 4435 1188 4482 001
1206 4436 1326 4497 temporis
1343 4437 1425 4486 iocum
1442 4438 1594 4501 obtinuerat,
1615 4437 1646 4487 00
1664 4438 1742 4501 patris
1759 4436 1862 4498 iugenio

231 4513 258 4560 10
275 4527 365 4577 eorpus
383 4516 550 4577 epistularum
568 4518 623 4565 etus
641 4518 775 4579 recepisse.
1092 4538 1095 4543 ·

318 4599 361 4662 40)
385 4603 416 4662 Q.
441 4601 527 4650 Aureli
551 4601 691 4663 Symmachi
708 4619 734 4652 0.
753 4617 774 4652 c.
800 4605 909 4653 00000000
930 4604 1052 4654 ordinarii
1072 4607 1232 4667 eputoinrum
1256 4607 1316 4656 iiber
1334 4609 1366 4655 1}
1386 4609 1486 4668 eapiieit
1510 4608 1590 4659 001000
1610 4614 1667 4670 post
1690 4612 1745 4659 siue
1767 4608 1862 4657 obitum

230 4701 246 4733 0
264 4683 295 4744 O.
315 4686 394 4734 Fabio
413 4686 528 4737 Memmio
546 4688 690 4752 0900000000
707 4704 733 4739 0.
753 4705 775 4738 c.
796 4691 862 4753 (0110,
890 4693 977 4753 incipit
994 4692 1055 4740 iiber
1072 4693 1119 4739 111
1137 4691 1245 4752 feliciter
1261 4694 1290 4742 P.
1329 4693 1359 4752 Q.
1379 4694 1444 4744 Aur.
1464 4695 1604 4758 Symmachi
1621 4712 1646 4745 o.
1666 4711 1688 4746 0.
1708 4690 1802 4762 0[000.]
1819 4708 1861 4743 or-
1889 4705 1891 4710 ·

230 4770 312 4821 tiburi
336 4774 499 4833 epietoiarum
521 4774 583 4823 iiber
600 4770 673 4840 111[1
692 4771 816 4843 capliettJ,
841 4778 929 4838 incipit
946 4778 1007 4826 iiber
1027 4778 1048 4826 V
1063 4779 1142 4827 editus
1159 4783 1214 4840 poet
1231 4782 1284 4828 eius
1301 4780 1393 4829 obitum
1413 4796 1429 4830 0
1448 4779 1477 4839 O.
1498 4783 1560 4831 10100
1580 4782 1634 4846 (010)
1656 4781 1770 4830 Memmio
1789 4780 1862 4842 Sym-

228 4856 313 4905 macho
332 4859 438 4920 feiieiter
455 4860 483 4908 P.
523 4859 552 4918 0.
574 4861 671 4909 Aurelii
688 4859 829 4924 Symmachi
847 4864 1005 4923 epietoiaeum
1023 4864 1064 4912 lib.
1086 4865 1111 4912 Χ
1126 4869 1256 4914 continens
1272 4869 1386 4928 epistolae
1403 4867 1541 4928 familiares
1558 4868 1591 4917 00
1609 4872 1778 4930 0000000οο000,
1806 4880 1863 4914 een·

229 4946 321 4994 tentiae
342 4947 481 4995 amatoriae
505 4951 528 4994 et
551 4947 691 5007 opuscula:
713 4947 792 4996 editue
815 4954 870 5009 poet
893 4952 945 4997 ciue
962 4950 1054 4998 obitum
1073 4965 1088 4997 0
1108 4948 1138 5008 O.
1159 4951 1246 5000 Flauio
1268 4954 1321 5017 (οἰ0)
1343 4952 1458 5003 Memmio
1475 4954 1621 5017 8000000000
1638 4973 1662 5007 a.
1683 4970 1704 5005 0.
1728 4949 1783 5018 (Π).
1819 4954 1862 5001 in·

230 5032 334 5094 scriptio
358 5033 489 5081 01001111οι0
511 5034 539 5082 10
563 5033 677 5094 1100110011
702 5034 886 5096 exemplaribus
910 5036 1041 5085 nonnuliis
1064 5038 1093 5085 iu
1110 5038 1185 5087 initio
1202 5039 1282 5088 totius
1300 5042 1407 5103 corporis
1425 5044 1551 5104 reperitur
1568 5046 1597 5091 ut
1613 5044 1640 5091 10
1658 5041 1773 5090 Parisino
1793 5036 1859 5088 isos

229 5131 294 5167 mee.
315 5118 394 5167 xm:
423 5118 555 5168 Shnmachi
578 5121 628 5166 uiri
649 5122 788 5169 eoneuiorie
805 5119 922 5183 epiamm
939 5126 962 5169 00
979 5122 1134 5172 Summum
1150 5127 1305 5185 nepotianum
1322 5130 1448 5177 0000010000
1466 5126 1537 5190 epioe
1553 5129 1693 5192 familiae-ee
1710 5126 1743 5176 00
1760 5128 1859 5174 unicos.

231 5205 303 5266 incip
319 5205 380 5253 iiber
398 5201 428 5251 1⁰
443 5205 525 5254 editue
541 5209 596 5266 poet
614 5207 667 5254 eiue
684 5205 779 5255 obitum
797 5222 813 5256 a
832 5206 923 5266 Quinta
941 5209 1030 5258 Flauio
1050 5208 1133 5258 M‘ento
1150 5211 1259 5260 eiusdem
1277 5211 1410 5262 Simmachi
1426 5213 1485 5276 (1000.

316 5290 360 5351 43)
380 5290 423 5351 00,
444 5290 477 5341 26
498 5296 626 5352 praeterea
649 5291 748 5341 domim
766 5298 789 5341 et
805 5296 914 5355 principi
931 5300 1015 5345 nostro
1033 5295 1066 5344 00
1083 5294 1240 5355 reformatam
1257 5299 1371 5358 tarpitott
1388 5301 1440 5347 etue
1458 5298 1571 5348 sedulam
1588 5302 1667 5360 mepta
1686 5312 1760 5360 00000
1774 5311 1861 5359 parem

230 5380 345 5438 00000000,
366 5391 430 5426 auro
448 5377 627 5427 000000000ωο
645 5377 789 5440 diptychum
805 5382 870 5428 miei.
908 5380 952 5443 oi,
974 5380 1004 5431 is
1022 5383 1153 5445 velimque,
1174 5386 1196 5431 ei
1214 5386 1249 5431 ita
1267 5383 1342 5444 facite
1360 5382 1433 5443 foetu
1445 5388 1489 5445 est,
1510 5384 1572 5432 hanc
1583 5385 1776 5448 munificentiam
1786 5385 1860 5443 prim

229 5465 291 5524 eipia
308 5463 459 5525 Libycarum
481 5464 613 5524 iaepttione
633 5469 737 5514 mutari.
777 5464 834 5527 1³7,
857 5465 889 5517 10
915 5469 1007 5517 interea
1025 5468 1125 5518 domino
1144 5474 1167 5516 et
1182 5472 1291 5531 principi
1308 5474 1392 5520 nostro
1410 5473 1508 5533 eiusque
1527 5473 1554 5519 in
1570 5484 1608 5518 me
1627 5469 1804 5532 impotentiae
1822 5473 1861 5529 epi

227 5562 272 5609 per
288 5550 421 5611 epistulam
439 5552 533 5610 prutina
551 5550 582 5599 ed
600 5551 747 5613 Eugenium
764 5553 867 5614 quidem
885 5554 1015 5603 referenda
1032 5562 1106 5616 suut,
1131 5556 1175 5603 000
1199 5556 1245 5605 hoc
1268 5570 1351 5619 neque
1368 5557 1449 5606 editor
1465 5569 1548 5618 nsque
1566 5555 1645 5605 lector
1661 5568 1795 5615 agnoscere
1812 5569 1859 5618 po·

229 5640 340 5686 merant
377 5636 521 5697 Eugenium
540 5637 622 5684 viram
640 5638 808 5688 010010010οω
827 5639 964 5689 Ricomsris
982 5642 1090 5690 amicum
1112 5640 1161 5702 (89,
1183 5641 1225 5694 00.
1247 5641 1288 5703 lh)
1310 5643 1418 5692 eundem
1436 5643 1531 5702 101000,
1554 5642 1598 5704 qui
1615 5647 1703 5703 postea
1721 5657 1858 5705 purpuram

229 5723 344 5786 sumpsit,
365 5734 449 5785 neque
466 5724 593 5772 aihrmare
612 5738 696 5788 neque
715 5739 804 5786 negare
821 5725 919 5789 ausim;
938 5726 967 5775 10
984 5733 1069 5777 autem
1088 5741 1134 5790 pro
1151 5733 1220 5777 certo
1230 5730 1388 5791 pronuntiari
1399 5733 1490 5791 potest,
1510 5728 1657 5777 Memmium
1671 5726 1859 5791 Symmachum,

228 5822 284 5857 curu
300 5809 346 5858 bas
363 5810 486 5873 epistulas
503 5811 634 5871 relegeret,
653 5811 685 5860 00
703 5817 808 5882 tyranno
826 5826 876 5861 non
895 5815 1026 5873 mgitaese.
