4736 6478
931 498 1129 560 nnsnnn.
1543 577 1546 582 ,
1781 503 1841 568 113

139 674 147 689 ’
219 696 261 764 ad
282 694 379 763 fidem
401 694 559 763 foedaris:
584 700 693 762 nostra
714 695 833 761 caritas
856 693 954 779 adyto
978 699 1139 779 pectorum
1163 692 1363 760 recondatur.
1410 692 1483 779 ipsa
1504 691 1659 758 habitatio
1680 692 1785 758 cordis
1807 692 1841 757 in
1864 694 1976 757 PVM

219 806 326 886 operto
349 807 415 880 cst3
444 796 521 865 inde
543 818 595 864 me
617 804 674 864 tua
696 816 773 864 cura
792 783 956 883 respiciat.
1002 795 1062 863 sed
1084 817 1147 864 non
1170 804 1220 865 est
1240 816 1347 863 meum
1370 795 1505 863 formam
1528 795 1705 862 scribendis
1727 795 1843 862 litteris

219 904 312 985 dare;
339 903 423 971 illud
444 910 568 969 tantum
591 901 713 987 cogites
735 901 817 983 volo,
845 921 917 967 cum
941 900 985 966 sis
1007 900 1050 966 ad
1072 899 1323 987 praedicandum
1346 900 1602 983 liberalissimus,
1628 920 1741 986 parum
1765 899 1843 965 mihi

220 1007 321 1073 videri
350 1024 465 1092 posse,
498 1005 585 1088 quod
607 1026 628 1071 a
650 1012 682 1071 te
704 1003 836 1087 laudor,
868 1004 932 1070 nisi
961 1004 1102 1090 amplius
1125 1003 1258 1089 obligor.
1306 1010 1474 1089 praeterea
1503 1004 1585 1071 seire
1612 1005 1754 1088 postulo,
1788 1005 1886 1069 curt

189 1117 348 1177 enervata
369 1110 403 1176 in
425 1109 614 1194 praemissis
637 1108 819 1174 nominibus
841 1108 958 1175 uostris
980 1115 1125 1175 vetustas
1146 1108 1285 1174 defuerit
1305 1107 1483 1174 litterarum
1506 1106 1709 1173 contextioni.
1756 1107 1844 1172 iuvet

220 1213 302 1280 alios
324 1213 417 1279 titulo
439 1211 646 1279 sublimitatis
668 1211 795 1293 adtolli,
821 1231 882 1295 ego
904 1209 1164 1295 magnificentiae
1186 1212 1436 1296 appellationem
1452 1229 1575 1277 recuso.
1613 1210 1675 1275 nisi
1695 1208 1776 1276 forte
1792 1231 1843 1276 me

217 1315 386 1401 inprobum
413 1322 524 1401 putas,
556 1312 642 1399 quod
663 1314 775 1382 honori
796 1321 851 1381 tuo
874 1313 988 1381 eadem
1010 1314 1229 1380 delenimenta
1250 1334 1313 1380 non
1335 1312 1457 1380 defero.
1504 1333 1594 1379 amor
1615 1312 1708 1378 fictus
1729 1312 1763 1377 in
1784 1312 1844 1378 illa

219 1421 318 1486 verba
347 1418 573 1498 summittitur;
614 1417 775 1483 amicitiae
809 1418 914 1483 cultus
947 1418 1107 1505 ingenuus
1140 1424 1201 1484 est.
1254 1418 1330 1484 alba
1362 1416 1524 1483 velamina
1555 1437 1618 1481 non
1651 1416 1843 1499 segmentati

218 1523 355 1590 amictus
385 1520 482 1588 fidem
512 1521 661 1588 vestiant.
710 1541 773 1603 quo
804 1520 883 1585 mibi
913 1521 998 1586 altus
1027 1520 1227 1587 reverentiae
1255 1519 1398 1605 gradus?
1441 1519 1542 1585 amari
1577 1540 1597 1584 a
1631 1520 1729 1584 fratre
1758 1519 1843 1584 malo

172 1648 200 1688 m
217 1646 315 1710 quam
339 1644 471 1709 susprcr.

804 1880 982 1947 XXXXHI
1020 1902 1051 1946 a.
1070 1883 1250 1947 aot-398.

855 2019 915 2085 AD
941 2018 1196 2086 MINERVIVM.

303 2194 467 2261 Eusebius
489 2192 659 2259 familiaris
682 2201 732 2259 est
753 2213 861 2273 meus3
887 2191 974 2258 idem
990 2199 1083 2257 vetus
1098 2192 1214 2278 privati
1229 2192 1323 2257 miles
1344 2192 1462 2258 aerarii
1484 2192 1540 2259 diu
1563 2193 1671 2274 morbo
1693 2194 1842 2262 obstante

216 2299 372 2382 obsequio
402 2305 457 2364 tuo
486 2296 599 2363 defuit.
647 2294 787 2361 orandus
817 2294 896 2360 mibi
924 2314 979 2377 es,
1011 2315 1053 2361 ne
1079 2295 1166 2361 inter
1194 2295 1318 2362 resides
1347 2295 1526 2362 adnotetur.
1574 2295 1632 2362 sed
1660 2297 1843 2383 impetratio

171 2426 199 2465 rc
216 2401 331 2467 veniae
354 2421 419 2465 non
440 2399 592 2482 mauebit,
617 2398 681 2464 nisi
696 2398 745 2463 illi
761 2396 886 2482 aliquid
901 2397 1048 2463 beneficii
1063 2398 1254 2482 propitiatus
1268 2398 1438 2464 adieceris.
1461 2402 1464 2405 ’
1477 2418 1599 2482 quaeso
1614 2400 1723 2483 igitur,
1749 2401 1844 2485 llagi-

217 2503 325 2569 tandis
348 2523 406 2587 per
420 2502 580 2568 Etruriam
604 2501 722 2568 debitis
744 2501 882 2586 publicis
904 2500 1152 2567 sollicitudinem
1176 2522 1295 2567 navare
1310 2502 1468 2583 iubeatur,
1494 2511 1530 2568 ut
1545 2503 1662 2587 longae
1676 2504 1843 2569 absentiae

219 2607 346 2691 culpam
370 2605 644 2672 commendatione
666 2604 776 2688 aliqua
798 2604 917 2670 laboris
939 2611 1097 2671 amoveat.

800 2946 805 2961 ,
849 2879 1043 2944 XXXXIIII
1072 2899 1103 2944 a.
1123 2881 1208 2945 397?

854 3016 914 3081 AD
942 3016 1196 3081 MINERVIVM.

170 3216 198 3258 no
302 3190 437 3273 Semper
466 3187 597 3272 quidem
626 3188 705 3254 mibi
734 3188 885 3255 salutatio
915 3208 936 3254 a
965 3195 997 3254 te
1028 3186 1171 3273 profecta
1192 3187 1345 3272 gaudium
1369 3196 1472 3271 creat,
1505 3188 1563 3255 sed
1591 3209 1632 3256 ea
1653 3191 1837 3276 praecipue,

215 3313 298 3376 quae
322 3291 535 3357 familiaribus
556 3292 758 3378 adportanda
779 3292 994 3358 committitur.
1041 3291 1141 3357 adicit
1169 3292 1252 3358 enim
1282 3292 1409 3376 scriptia
1436 3292 1536 3376 digna
1562 3294 1709 3377 quaesitu
1738 3304 1772 3361 et
1799 3295 1840 3361 de

215 3404 247 3462 te
269 3395 368 3463 tradit
388 3395 530 3480 auditui,
562 3396 590 3462 si
612 3394 816 3480 quid'defnit
838 3394 977 3461 lectioni.
1024 3396 1114 3462 velut
1135 3416 1219 3462 nunc
1241 3395 1408 3462 Sabostius
1437 3403 1544 3464 vester
1571 3405 1644 3482 post
1668 3398 1839 3485 epistulam

215 3506 302 3565 tuom
325 3498 482 3565 redditam
505 3506 656 3581 quantam
679 3497 775 3581 mihi,
805 3497 890 3563 satin
917 3519 958 3563 ex
980 3505 1053 3566 voto
1075 3519 1208 3583 ageres,
1241 3498 1418 3565 sciscitanti
1439 3499 1615 3584 imaginem
1637 3503 1840 3586 praesentiae

215 3610 289 3669 tuae
311 3601 488 3688 praestitit!
529 3600 614 3666 idem
637 3621 721 3666 nunc
742 3601 783 3666 de
805 3601 871 3666 otio
893 3621 975 3683 meo,
1002 3622 1086 3685 quae
1108 3602 1191 3669 velis
1212 3622 1320 3685 nosse,
1345 3602 1498 3686 narrabit,
1523 3623 1598 3669 narn
1620 3625 1671 3671 me
1692 3605 1726 3670 iu
1749 3606 1840 3671 silvis

170 3732 199 3779 a
217 3704 431 3772 laurentibus
453 3704 632 3770 eontinatus
655 3712 705 3769 est
726 3704 825 3770 rurali
854 3704 1074 3771 inhaerentem
1103 3706 1214 3789 quieti.
1261 3707 1340 3791 quid
1369 3706 1453 3773 enim
1483 3708 1587 3792 magis
1609 3707 1840 3775 adsectandum

215 3818 264 3875 est
296 3808 389 3891 mihi,
429 3806 579 3873 sarcienti
617 3828 854 3891 nonnumquam
892 3808 1128 3892 valetudinem,
1169 3809 1343 3876 declinanti
1373 3830 1470 3895 saepe
1499 3812 1625 3895 turbas,
1662 3812 1839 3879 litterarum

217 3933 344 3997 semper
364 3911 579 3977 innocentiam
602 3910 772 3993 diligenti?

817 4168 974 4234 XXXXV
999 4189 1031 4234 a.
1051 4171 1233 4233 too—397.

854 4305 913 4370 AD
940 4305 1196 4372 MINERVIVM.

49 4538 54 4552 .
170 4508 198 4548 ru
301 4478 437 4544 Fiducia
459 4476 538 4542 mihi
560 4477 625 4542 atili
648 4486 744 4559 atque
766 4477 888 4560 ingenii
910 4478 974 4543 mei
996 4479 1087 4543 nulla
1108 4486 1168 4561 est,
1194 4478 1253 4545 sed
1275 4486 1331 4545 tua
1350 4480 1532 4564 benignitas
1547 4500 1646 4548 ausus
1661 4502 1749 4550 meos
1763 4504 1838 4571 pro

217 4593 321 4651 vocat.
367 4582 441 4648 misi
469 4581 568 4664 igitur
596 4581 638 4648 ad
667 4581 878 4656 eruditionem
907 4588 994 4648 tuam
1026 4581 1108 4649 duas
1134 4583 1350 4649 oratiunculas
1378 4590 1521 4669 nostras,
1553 4605 1686 4668 quarum
1710 4607 1774 4653 una
1795 4587 1838 4653 ad
1960 4648 1965 4661 ,

216 4685 343 4772 Polybii
367 4685 468 4750 lilium
491 4684 655 4768 pertinens
677 4705 718 4750 ex
740 4684 859 4751 recenti
882 4685 1012 4769 negotio
1034 4693 1112 4751 nata
1134 4694 1193 4769 est,
1219 4688 1322 4753 altera
1344 4687 1476 4771 dudum,
1503 4708 1574 4754 cum
1597 4709 1648 4755 res
1670 4690 1702 4754 in
1725 4699 1837 4757 senatu

216 4791 409 4873 agitaretur,
442 4808 463 4852 a
490 4807 543 4853 me
571 4793 686 4872 parata
714 4807 799 4852 nunc
826 4808 922 4872 opere
952 4788 1090 4871 largiore
1120 4796 1215 4856 aucta
1236 4790 1402 4874 processit.
1449 4791 1525 4857 huic
1545 4799 1766 4875 argumentum
1790 4801 1840 4860 est

216 4893 384 4979 repudiata
406 4908 561 4973 censura,
594 4910 688 4972 quarn
718 4895 795 4955 tunc
823 4891 921 4957 totius
943 4899 1074 4957 senatus
1096 4892 1221 4976 fugavit
1242 4894 1427 4959 auctoritas.
1469 4896 1543 4960 nolo
1566 4896 1690 4961 mireris
1711 4897 1838 4980 gravis-

169 5024 198 5064 us
215 4996 329 5061 simum
360 4994 504 5060 ordinem
534 4993 752 5078 magisterium
784 4994 959 5078 respuisse.
1005 4995 1039 5059 iu
1066 4995 1209 5061 oratioue
1239 5004 1346 5062 noema
1376 5019 1439 5063 uon
1468 4998 1558 5064 leves
1580 5018 1695 5065 causas
1717 5000 1837 5066 vitatae

215 5099 309 5165 huius
333 5097 500 5183 potestatis
523 5095 678 5163 invenies.

300 5378 418 5428 imaum
437 5378 519 5425 estV
622 5376 817 5425 Ssubmlttll'
918 5378 1101 5436 ingennan

275 5503 279 5509 .
303 5464 333 5514 l2
350 5479 398 5515 om.
419 5463 467 5512 VM
571 5462 602 5513 13
620 5462 749 5511 familiaris
767 5460 817 5529 est]
834 5463 1045 5512 familiarissimus
1064 5462 1108 5528 (Γ)

302 5550 334 5600 la
350 5565 399 5599 om.
418 5549 466 5597 VM
568 5548 601 5598 23
619 5554 673 5597 tum
687 5548 732 5597 PV
833 5564 909 5611 qnam
921 5547 1015 5612 tamI',
1036 5557 1158 5613 qrrautnm
1171 5549 1204 5612 Φ,
1224 5566 1298 5612 qnam
1312 5551 1348 5611 M,
1368 5553 1491 5613 quandam
1504 5550 1634 5612 dctoppim
1738 5552 1771 5602 tt
1790 5569 1837 5603 ue-

214 5637 334 5700 ltspnosac
351 5637 375 5684 P
476 5638 587 5686 nunaunt
609 5635 629 5684 V
731 5636 764 5686 26
781 5638 870 5685 curbae
888 5635 942 5697 PV,
962 5651 1033 5685 curas
1053 5637 1176 5698 Ktcsclinp

300 5722 334 5772 29
351 5737 399 5771 om.
418 5722 467 5769 VM
552 5722 585 5772 32
603 5724 689 5786 pollblt
707 5722 755 5770 Vm
840 5725 968 5772 exercenti
981 5724 1004 5770 P
1089 5724 1121 5772 33
1140 5725 1236 5772 hlch
1287 5734 1291 5743 ·
1327 5722 1360 5771 35
1378 5723 1567 5787 respuisseml'
1652 5727 1738 5786 tuom.
1757 5726 1805 5773 VM
1931 5768 1934 5775 .

216 5814 294 5862 atate
318 5810 344 5872 V,
366 5805 474 5872 leuitate
492 5809 522 5873 P,
541 5811 567 5857 lu
587 5810 631 5857 tali
648 5823 675 5858 re
695 5809 723 5856 Μ

292 5910 319 5961 Q.
333 5911 446 5950 Arnum
460 5910 608 5951 sumanus.
1599 5913 1630 5963 15
