4736 6478
525 483 584 542 146
1119 480 1314 535 SYMMACHI
1333 482 1544 540 EPISTVLAE

399 669 507 730 PVM
523 667 702 734 discedenti
724 670 886 752 negotium
914 721 1091 734 .......
1118 670 1361 737 lectissimorum
1392 673 1542 738 iuvenum
1566 674 1684 740 'litiani
1714 684 1810 760 atque
1833 677 1963 763 Helpidi
1994 678 2058 744 fida
2087 701 2141 746 ex-

522 772 699 857 ploratione
721 772 942 857 disquirerem.
989 795 1121 856 quorum
1150 774 1229 839 mibi
1257 783 1446 861 praeceptor
1467 776 1516 841 vir
1537 776 1679 860 prudens
1701 785 1733 843 et
1755 780 1882 847 nescius
1904 782 2144 865 gratificationis

521 873 674 954 adseruit,
701 896 773 941 esse
795 876 915 941 inillis
939 877 1103 942 scientiam
1126 877 1204 942 iuris
1226 877 1375 944 idoneam
1398 879 1492 945 nimis
1515 880 1547 945 in
1569 901 1680 946 omnes
1696 902 1773 949 usus
1788 883 1946 951 iudiciarii
1962 892 1995 952 et
2008 885 2144 952 forensis

522 978 631 1043 officii.
678 1000 763 1045 nunc
784 987 873 1044 tuum
896 988 946 1045 est
968 979 1104 1063 optimos
1125 981 1259 1047 iuvenes
1281 981 1456 1062 advocare,
1490 1003 1622 1065 quorum
1652 985 1790 1051 indolem
1813 987 1948 1053 militiae
1970 988 2022 1054 vel
2045 988 2145 1055 bono-

522 1081 610 1147 ribus
632 1082 696 1147 iam
719 1089 864 1166 paratam
888 1103 950 1148 non
972 1082 1070 1149 debet
1092 1083 1225 1149 ulterius
1248 1086 1483 1170 procrastinare
1506 1087 1676 1153 cunctatio.
2165 1112 2177 1150 s

1173 1358 1293 1424 cxxv
1315 1359 1493 1442 (murro.

1097 1514 1356 1580 srunncnvs
1379 1514 1569 1581 crunam.

609 1684 756 1769 Prompte
779 1683 951 1750 favendum
975 1693 1025 1750 cst
1047 1685 1182 1751 honesta
1203 1685 1422 1771 cupientibus,
1457 1693 1491 1751 ut
1512 1688 1695 1772 probabiles
1717 1691 1898 1756 voluntates
1920 1692 2027 1757 alieno
2049 1694 2144 1758 etiam

523 1787 671 1851 iurentur
692 1786 820 1852 adnisu.
867 1795 1060 1873 quapropter
1089 1789 1161 1873 opis
1187 1788 1333 1871 indigum
1362 1808 1435 1854 esee
1461 1809 1524 1855 non
1546 1791 1651 1876 patior
1672 1792 1814 1858 Felicem
1837 1793 2075 1861 sanctissimum
2096 1796 2147 1861 iu-

523 1909 636 1954 venem
666 1890 709 1955 ad
739 1891 891 1956 electiora
921 1891 1115 1957 madentem.
1163 1892 1218 1974 qui
1241 1892 1295 1957 nbi
1318 1892 1377 1958 fori
1400 1893 1512 1958 urbani
1536 1892 1753 1960 dissensiones
1776 1903 1884 1981 utpote
1906 1897 2036 1980 ingenio
2059 1899 2145 1965 mitis
2165 1917 2193 1957 ¹⁰

523 1992 701 2073 exhorruit,
735 1993 917 2060 modestiori
947 1994 1163 2061 causidicinae
1192 1995 1271 2060 dare
1293 2015 1409 2060 nomen
1431 1995 1590 2073 adfectat;
1624 2017 1719 2079 quem
1741 2019 1833 2064 meus
1855 2020 1981 2084 quoque
2004 2001 2147 2068 hortatus

523 2096 689 2162 animavit.
736 2097 892 2182 spopondi
920 2098 1004 2164 enim
1035 2098 1137 2163 bonae
1166 2097 1267 2163 indoli
1297 2105 1330 2164 et
1350 2098 1493 2163 moribus
1515 2096 1691 2165 defaecatis
1715 2121 1916 2185 nequaquam
1940 2102 2050 2169 defore
2072 2111 2146 2169 tuae

524 2200 639 2264 mentis
661 2200 826 2266 auxilium.
875 2222 951 2284 ergo
979 2208 1128 2267 exoratus
1157 2221 1196 2266 ac
1225 2200 1332 2266 facilis
1361 2221 1424 2265 non
1454 2208 1488 2267 ut
1517 2201 1715 2287 transfugam
1740 2204 1828 2270 sedis
1850 2205 1999 2287 alterius,
2033 2206 2090 2271 sed
2114 2214 2148 2272 ut

523 2302 752 2368 adfectatorem
780 2303 840 2368 fori
866 2304 1030 2387 quietioris
1060 2304 1271 2388 amplectere;
1304 2302 1358 2386 qui
1387 2303 1445 2368 tibi
1468 2303 1723 2387 †beneficiisque
1752 2306 1898 2387 debebit,
1932 2306 2088 2391 quidquid
2117 2309 2147 2373 ei

523 2426 563 2471 ex
586 2406 691 2471 officio
713 2407 816 2473 bonae
839 2407 985 2473 fortunae
1007 2416 1062 2474 aut
1083 2407 1316 2474 commoditatis
1339 2407 1521 2473 accesserit.
2167 2431 2195 2470 ra

1085 2680 1222 2746 axam
1242 2682 1417 2763 (uxxnrn
1457 2704 1488 2747 a.
1506 2686 1579 2748 aar.

1107 2835 1366 2903 erumnosus
1388 2837 1561 2903 rncrmo.

607 3009 731 3075 bonoso
753 3010 873 3093 optimo
897 3009 965 3073 viro
987 3014 1113 3093 etpost
1135 3007 1282 3072 militiam
1306 3008 1481 3091 palatinam
1504 3009 1634 3091 gemina
1655 3010 1943 3077 administrationis
1961 3013 2144 3096 integritate

521 3112 692 3197 conspicuo
716 3111 947 3178 discussionem
970 3110 1076 3196 pontis
1097 3131 1136 3177 ac
1159 3110 1313 3176 basilicae
1336 3130 1439 3177 novae
1461 3112 1645 3197 praeceptio
1673 3121 1813 3196 augusta
1841 3114 2024 3191 mandavit;
2062 3117 2146 3200 quod

520 3235 636 3280 munus
659 3236 784 3281 summa
806 3214 869 3282 fide
892 3221 925 3282 et
946 3214 1116 3300 vigilantia
1137 3214 1238 3299 possit
1258 3214 1409 3299 implere,
1441 3214 1469 3280 si
1499 3216 1588 3280 solus
1618 3215 1798 3282 istiusmodi
1828 3217 1985 3283 examinis
2015 3208 2067 3284 ius
2089 3219 2147 3284 ba·
2166 3236 2195 3278 m

520 3319 621 3384 beret.
668 3339 742 3384 nam
765 3319 923 3403 Cyriades
945 3340 975 3383 v.
1003 3339 1031 3384 c.
1057 3337 1165 3384 comes
1187 3325 1219 3383 et
1240 3317 1462 3399 mechanicus,
1495 3319 1549 3401 qui
1572 3318 1692 3384 dudum
1716 3319 1880 3404 impensas
1902 3322 2007 3405 operis
2031 3322 2147 3387 utrius-
2255 3367 2258 3374 -

520 3441 582 3505 que
604 3422 766 3502 tractavit,
798 3422 832 3488 in
860 3412 1045 3489 societatem
1077 3419 1287 3487 discussionis
1315 3420 1477 3487 admissus
1510 3424 1580 3504 [est]
1615 3441 1728 3508 saepe,
1762 3430 1797 3489 ut
1823 3423 1955 3503 dicitur,
1988 3445 2010 3490 a
2031 3425 2146 3491 Bonosi

479 3524 631 3609 toptimi
660 3525 721 3590 viri
749 3525 997 3610 investigatione
1027 3525 1186 3591 dissentit.
1235 3524 1309 3591 binc
1331 3525 1383 3605 fit,
1418 3532 1453 3591 ut
1481 3524 1660 3610 inquisitio,
1693 3546 1777 3608 quae
1806 3547 1864 3611 per
1893 3547 1990 3592 unum
2020 3534 2147 3594 strenue

521 3635 631 3712 posset
653 3629 781 3712 agitari,
808 3629 942 3695 artificio
965 3629 1103 3713 quodam
1126 3627 1305 3712 interpositi
1328 3627 1513 3694 certaminis
1536 3628 1719 3708 differatur3
1751 3636 1847 3712 atque
1869 3628 1943 3694 ideo
1967 3630 2080 3696 metuit
2101 3631 2148 3696 vir

522 3732 674 3798 honestus
696 3732 853 3812 Bonosus,
880 3753 921 3798 ne
943 3732 1004 3797 sibi
1026 3730 1171 3798 invidiae
1193 3732 1254 3811 sit,
1279 3732 1366 3815 quod
1387 3731 1468 3798 tanti
1490 3732 1611 3815 negotii
1634 3731 1741 3798 adbuc
1762 3739 1854 3798 nutat
1875 3734 2020 3798 effectus.
2067 3754 2147 3817 qna·
2167 3750 2196 3792 rs

521 3842 651 3921 propter
672 3843 753 3919 crat,
780 3844 814 3902 ut
835 3835 863 3900 si
886 3835 958 3918 quis
980 3843 1040 3917 est,
1066 3835 1123 3918 qui
1144 3856 1175 3899 v.
1194 3855 1222 3900 c.
1241 3835 1412 3920 Cyriadem
1433 3841 1526 3920 putat
1547 3835 1617 3901 eius
1640 3836 1757 3920 operis,
1784 3834 1869 3918 qnod
1890 3835 1976 3900 idem
1994 3836 2148 3920 Cyriades

521 3944 597 4004 ante
620 3939 758 4019 curavit,
793 3938 891 4005 etiam
914 3938 1128 4004 discussorem
1151 3957 1225 4004 esse
1249 3937 1384 4018 debere,
1418 3938 1480 4004 sibi
1506 3938 1587 4004 baec
1608 3938 1759 4004 molestia
1781 3938 1985 4018 donabatur,
2019 3939 2046 4003 si
2075 3960 2148 4005 vero

521 4042 592 4126 ipse
615 4041 689 4108 bnic
710 4042 839 4124 negotio
861 4041 989 4107 videtur
1010 4040 1257 4121 adcommodus,
1289 4040 1331 4106 ad
1354 4062 1390 4107 se
1411 4048 1533 4107 tautum
1560 4040 1795 4125 disquisitionis
1824 4061 1950 4107 summa
1979 4043 2144 4125 pertineat.

481 4146 500 4206 3
523 4165 599 4229 ergo
621 4164 729 4210 amore
751 4144 959 4230 reipublicae,
987 4142 1077 4210 cuius
1100 4143 1256 4209 utilitates
1273 4144 1357 4210 inter
1373 4144 1546 4229 praecipua
1560 4152 1593 4211 ct
1607 4144 1710 4230 prima
1725 4144 1946 4230 conplecteris,
1973 4145 2148 4211 clarissimo

524 4256 556 4314 et
573 4248 701 4313 inlustri
720 4249 787 4314 viro
803 4248 964 4333 praefecto
980 4247 1114 4330 dignare
1131 4296 1289 4312 .......
1308 4248 1462 4329 conferre,
1488 4255 1645 4330 quatenus
1661 4249 1778 4314 lacuna
1791 4252 1951 4312 tantorum
1967 4256 2146 4333 sumptuum
2167 4266 2197 4306 ac

525 4350 653 4417 remotis
675 4350 926 4417 contentionibus
948 4350 1127 4435 detegatur.
1175 4370 1269 4435 spero
1292 4350 1378 4416 enim
1401 4351 1479 4432 fore,
1506 4358 1541 4417 ut
1563 4352 1764 4417 cessantibus
1786 4349 1879 4416 novis
1900 4352 2148 4434 expensionibus

524 4454 689 4538 utriusque
711 4454 817 4540 operis
839 4453 1026 4539 perfectioni
1049 4460 1274 4538 usurpatorum
1298 4472 1423 4519 summa
1445 4454 1595 4520 sufficiat.

611 4748 621 4797 1
644 4749 806 4798 descendenti
825 4747 871 4795 Pl
886 4762 931 4808 na,
952 4747 1096 4796 descedenti
1115 4747 1134 4792 V
1235 4751 1362 4808 negotium
1380 4750 1572 4797 lectissimorum
1591 4748 1637 4796 Pl
1651 4764 1685 4797 m.
1704 4748 1731 4806 V,
1752 4748 1881 4807 negotium
1899 4748 2035 4797 iniunxistl
2053 4753 2082 4797 ut
2098 4748 2148 4796 lec-

522 4838 674 4885 tissimorum
693 4835 800 4896 Pam,
820 4834 969 4882 iniunxeras
987 4839 1016 4881 nt
1034 4835 1161 4896 negotium
1178 4835 1370 4883 lectissimorum
1390 4834 1424 4893 Μ,
1451 4835 1553 4895 supple:
1573 4834 1701 4893 negotium
1720 4834 1822 4895 dedisti,
1843 4838 1872 4882 ut
1889 4847 2021 4896 processus
2040 4835 2147 4883 lectissi-

523 4937 618 4971 morum
636 4924 760 4970 luuennm
777 4924 816 4970 cet
833 4921 911 4970 simile
928 4919 987 4983 quid
1107 4920 1194 4969 ticiani
1217 4919 1264 4967 Vld
1384 4922 1463 4984 elpidi
1483 4920 1506 4968 P
1630 4920 1646 4969 2
1665 4917 1717 4987 mili
1881 4918 1897 4967 t
1914 4934 2021 4982 quarum
2044 4921 2146 4977 Viciu,

522 5009 581 5071 quia
601 5008 630 5056 Μ

608 5096 623 5144 'l
643 5094 805 5157 Symmachus
817 5090 943 5159 Limenia]
954 5092 983 5155 P,
1003 5093 1026 5142 ῑ.
1040 5094 1125 5142 llclnic
1138 5094 1168 5154 F,
1188 5107 1237 5142 orn.
1255 5092 1277 5140 V
1379 5092 1395 5141 a
1413 5107 1463 5155 qua
1474 5107 1534 5156 prae
1546 5094 1601 5155 opis
1620 5092 1638 5137 V
1743 5090 1770 5140 ll
1791 5092 1951 5140 causidicali
2056 5091 2086 5143 12
2105 5108 2148 5156 po·

523 5184 599 5245 paridi
617 5182 711 5231 le.
831 5179 862 5229 li
881 5176 938 5246 qni]
956 5180 1018 5242 quid
1041 5179 1062 5227 V
1164 5180 1211 5228 tibi
1230 5176 1419 5246 beneficiisque]
1438 5179 1487 5241 PF,
1509 5181 1555 5228 tibi
1573 5180 1702 5227 beneflciis
1724 5179 1750 5241 V,
1771 5178 1832 5238 sort.
1853 5178 1923 5227 scrib.
1944 5181 1989 5241 qni
2008 5180 2055 5228 tibi
2073 5180 2149 5228 berro-

524 5271 573 5318 tlcii
592 5271 671 5317 instar
689 5282 769 5330 usque
788 5267 891 5315 debebit
1533 5280 1535 5285 ’

611 5354 641 5403 17
659 5369 708 5404 orn.
733 5353 782 5401 VM
920 5351 953 5402 20
972 5354 1057 5401 minus
1076 5352 1099 5399 P
1228 5356 1313 5414 posset
1330 5351 1353 5398 P
1370 5354 1386 5399 2
1403 5368 1437 5400 m.
1460 5350 1537 5413 Μ(Γ]
1677 5350 1708 5400 21
1729 5365 1786 5399 nam
1805 5348 1934 5418 Cyriades]
1954 5352 2062 5411 laenas,
2082 5365 2150 5413 pam·

522 5441 636 5501 cyriades
656 5440 709 5502 PV,
729 5440 903 5502 panchiriades
924 5439 959 5498 Μ,
979 5453 1035 5487 eum
1054 5439 1165 5499 cyriades
1183 5437 1210 5486 Γ
1331 5451 1419 5500 operas
1439 5437 1462 5484 P
1599 5436 1631 5486 22
1651 5444 1690 5486 est
1707 5437 1755 5487 ciet.
1777 5438 1876 5486 rosetus
2016 5436 2049 5485 23
2068 5443 2151 5484 stren-

523 5541 573 5577 uus
596 5528 616 5575 V
729 5526 762 5575 25
780 5540 830 5588 qna
848 5527 936 5590 pporat
958 5526 984 5585 V,
1004 5539 1054 5588 qua
1071 5526 1098 5573 iu
1117 5539 1143 5573 ro
1161 5527 1227 5587 petit
1245 5525 1274 5573 Μ
1383 5522 1416 5573 28
1434 5525 1592 5573 adranutum
1615 5524 1642 5585 V,
1663 5524 1693 5571 ad
1712 5538 1837 5572 sonuum
1856 5523 1884 5571 Μ
1996 5524 2030 5572 30
2049 5524 2150 5582 dignare

523 5617 636 5664 conferre
655 5613 741 5672 PVM,
768 5615 871 5675 supple:
897 5614 1001 5673 dignare
1019 5612 1158 5671 adstruere,
1178 5618 1282 5662 eatenus
1300 5612 1454 5660 necessarias
1472 5613 1498 5658 in
1517 5611 1714 5659 aedificationem
1733 5624 1859 5673 expensas
1877 5612 1964 5658 dueum
1983 5609 2074 5657 debere
2092 5622 2151 5656 con·

523 5704 597 5759 ferre,
617 5706 744 5762 quatenns
761 5704 784 5749 ct
802 5714 825 5761 q.
839 5714 859 5748 s.
880 5700 919 5747 vet
936 5700 1015 5747 smrlle
1033 5698 1092 5761 quid
1212 5696 1242 5748 31
1263 5693 1478 5765 contentionibus]
1497 5696 1532 5759 Μ,
1552 5696 1739 5747 intentionibus
1758 5696 1804 5744 PV
1925 5696 1998 5747 erotis
2017 5695 2064 5745 Pr
2080 5711 2112 5743 m.
2134 5695 2154 5743 V

524 5785 556 5836 32
575 5788 687 5848 sequitur
704 5788 730 5833 ln
750 5784 778 5831 Μ
794 5788 864 5845 epist.
886 5787 918 5835 98
