4722 6470
1007 488 1274 547 OHRONOLOGIA
1292 488 1580 548 ssstuAcffiAaA.

895 717 1088 780 transcendis
1110 718 1213 779 senior
1235 717 1367 779 donatus
1389 736 1515 779 mernere
1538 717 1668 779 Gbrisli:

811 838 840 879 to
980 818 1028 882 bic
1050 827 1095 882 est
1116 838 1210 882 uerius
1231 819 1341 897 bonos,
1367 820 1442 882 baec
1464 827 1518 882 luo
1539 819 1693 882 nobilitas.

893 920 1051 984 laetabare
1070 926 1162 1002 prius
1185 941 1307 983 mensae
1329 923 1443 1004 repolis
1465 921 1590 999 bonore,

978 1026 1127 1107 principis
1151 1026 1299 1107 alloquio,
1324 1027 1407 1109 repis
1429 1028 1587 1088 amicitia.-

893 1147 975 1189 aunc
993 1128 1122 1209 propior
1147 1128 1265 1191 Christo
1287 1137 1463 1191 sanctorum
1486 1127 1555 1190 sede
1573 1130 1689 1209 politus

980 1232 1046 1293 luce
1067 1250 1148 1293 nouo
1166 1231 1305 1313 frueris,
1332 1233 1391 1293 luac
1414 1232 1469 1294 libi
1491 1231 1630 1294 Gbristus
1652 1231 1747 1294 adest.

811 1349 840 1391 sa
894 1352 1100 1414 anumquom
1122 1333 1256 1415 deflende
1279 1336 1358 1397 tuis!
1380 1353 1448 1397 cum
1471 1336 1535 1396 cito
1557 1342 1694 1396 maneret

977 1439 1115 1518 corporis
1139 1444 1230 1519 alque
1252 1445 1340 1500 ortus
1363 1439 1491 1519 spiritus
1513 1437 1566 1500 bos
1589 1445 1720 1519 reperet,

889 1540 1011 1621 primus
1034 1558 1106 1601 eros
1128 1541 1265 1622 nullique
1283 1549 1411 1622 patrum
1433 1542 1545 1603 uirtute
1567 1541 1736 1603 secundus:

978 1662 1060 1704 nnnc
1082 1652 1247 1706 renovatus
1270 1644 1361 1707 babes
1381 1651 1561 1726 perpetuam
1583 1645 1717 1725 requiem

894 1745 1028 1807 candido
1047 1745 1190 1827 fuscatus
1212 1747 1301 1809 nullo
1322 1747 1478 1809 velamina
1500 1747 1592 1827 culpa

808 1864 839 1906 so
979 1855 1008 1910 et
1028 1867 1126 1910 novus
1149 1850 1276 1911 insuetis
1299 1849 1399 1910 incolo
1421 1848 1589 1911 liminibus.

891 1951 938 2014 bis
960 1952 1064 2013 solare
1085 1959 1167 2029 tuos,
1193 1971 1379 2034 quamquam
1401 1952 1517 2015 solacia
1539 1959 1656 2013 nutesto

977 2056 1082 2136 pratia
1104 2074 1165 2117 non
1187 2064 1335 2138 onomat,
1359 2058 1481 2138 prolia,
1508 2054 1640 2130 Gbrisle,
1664 2062 1729 2117 tuo.

892 2157 968 2217 uiuit
990 2157 1022 2217 in
1044 2164 1172 2219 aeterna
1189 2158 1338 2238 paradisi
1358 2157 1427 2219 sede
1449 2157 1571 2233 beatus,

977 2262 1032 2341 qui
1052 2279 1131 2336 nova
1155 2260 1300 2323 decedens
1322 2264 1459 2322 muneris
1481 2260 1612 2322 aetberii

807 2380 839 2421 os
893 2364 1070 2425 uestimento
1091 2364 1177 2440 tulit,
1203 2383 1261 2445 quo
1283 2363 1473 2447 duaiprante
1495 2363 1595 2424 Belial

977 2470 1066 2528 cessit
1088 2474 1116 2528 et
1138 2468 1298 2549 inpemuil,
1323 2466 1372 2528 bic
1392 2467 1469 2529 nibil
1489 2485 1554 2528 esse
1576 2485 1676 2529 suum.

890 2567 970 2631 bunc
991 2575 1041 2646 lu,
1069 2569 1202 2647 Obriste,
1228 2569 1328 2631 eboris
1352 2571 1462 2653 iunpas
1485 2568 1662 2633 caelestibus
1684 2588 1754 2645 oro,

977 2678 1004 2734 te
1027 2680 1119 2734 canat
1140 2679 1168 2735 el
1186 2672 1346 2754 placidum
1368 2674 1479 2755 iupiter
1501 2674 1650 2753 aspiciat,

890 2790 963 2854 eque
985 2781 1034 2837 luo
1057 2792 1176 2854 semper
1198 2774 1325 2869 dilectus
1346 2774 1476 2865 pendeat
1497 2794 1564 2849 ore,

688 2960 693 2973 λ
807 2892 838 2933 eo
978 2879 1135 2940 ancilium
1157 2878 1257 2941 suboli
1278 2878 1473 2961 eaniupioque
1492 2878 1637 2961 ferlenls.

486 2988 523 3055 C.
548 2989 575 3055 Ι.
601 2991 639 3055 L.
664 2986 709 3056 st
734 2995 816 3056 1756
838 2993 964 3078 positus
985 3000 1060 3062 onte
1082 3016 1113 3062 a.
1141 2999 1215 3062 395.

566 3128 599 3228 8)1
622 3145 744 3212 Romae
766 3142 799 3211 in
822 3146 934 3214 eodem
957 3149 1132 3216 mausoleo.

894 3277 1044 3342 Sublimes
1066 3283 1203 3363 quisquis
1227 3282 1338 3344 tumuli
1358 3281 1521 3343 miraberis
1544 3299 1650 3358 arces,

975 3382 1073 3445 dices:
1096 3393 1230 3465 mantus
1252 3393 1337 3460 mat,
1363 3385 1416 3466 qui
1439 3383 1552 3446 Probus
1573 3383 1622 3445 bic
1643 3385 1721 3447 situs
1744 3386 1805 3447 estl

892 3484 1067 3548 consulibus
1086 3489 1214 3567 proavis
1237 3488 1409 3569 socerisque
1431 3495 1459 3549 et
1480 3487 1602 3549 consule
1625 3488 1742 3564 maior,

978 3589 1057 3669 quod
1077 3592 1214 3671 peminos
1237 3591 1344 3653 consul
1366 3589 1500 3652 reddidit
1521 3592 1587 3671 ipse
1609 3590 1722 3652 domos.

825 3708 839 3747 s
890 3692 1065 3772 praefectus
1088 3701 1196 3773 quarto
1217 3701 1309 3756 totum
1331 3693 1459 3755 dilectus
1478 3712 1537 3773 per
1559 3693 1678 3769 orbem,

979 3795 1033 3857 sed
1051 3796 1142 3877 fama
1164 3814 1318 3872 emersus,
1339 3796 1491 3877 'quidquid
1513 3799 1547 3858 in
1569 3796 1640 3858 orbe
1662 3797 1814 3859 bominum
1837 3808 1892 3861 est.

889 3903 1027 3960 aeternos
1049 3896 1120 3975 bear,
1147 3901 1255 3976 Romo,
1281 3897 1336 3961 tibi
1356 3900 1412 3981 qui
1430 3907 1565 3980 posceret
1587 3918 1702 3976 annos,

975 4020 1032 4063 cur
1053 4020 1113 4063 aon
1136 4009 1207 4080 voto
1230 4003 1276 4063 tui
1297 4003 1380 4064 oimit
1401 4002 1443 4064 od
1464 4012 1559 4084 usqne
1581 4001 1652 4064 boni
1660 4003 1671 4062 l

889 4121 962 4164 nam
983 4122 1052 4165 cum
1073 4123 1133 4167 sem
1154 4105 1246 4166 denos
1268 4106 1380 4167 mensis
1403 4104 1603 4187 suspenderet
1625 4125 1739 4182 annos,

807 4222 836 4262 io
977 4206 1106 4268 dilectae
1126 4208 1240 4291 premio
1262 4216 1372 4289 raptus
1396 4212 1429 4272 in
1452 4208 1559 4270 aetbro
1584 4208 1708 4270 Probae.

891 4309 944 4371 sed
962 4311 1094 4390 periisse
1119 4309 1248 4373 Probum
1271 4313 1388 4373 meritis
1408 4331 1467 4392 pro
1490 4310 1602 4374 talibus
1625 4311 1706 4373 absit

974 4413 1101 4490 credas,
1127 4416 1236 4489 Romo,
1261 4421 1367 4476 tuum:
1392 4416 1469 4476 uiuit
1490 4422 1518 4476 et
1539 4421 1628 4476 astro
1650 4421 1745 4490 tenet,

890 4515 1013 4577 virtutis
1033 4515 1107 4590 fidei
1124 4518 1250 4597 pietatis
1272 4516 1395 4579 bononis
1419 4518 1556 4593 amicus,

974 4637 1091 4699 parcus
1113 4638 1202 4699 opum
1225 4620 1322 4696 nulli,
1349 4621 1456 4703 larpus
1479 4628 1507 4681 et
1530 4622 1594 4701 ipse
1616 4621 1676 4681 sui.

808 4738 837 4779 ts
891 4721 1026 4783 solamen
1050 4725 1129 4784 tanti
1149 4724 1266 4785 conium
1289 4730 1389 4785 tomen
1411 4725 1523 4805 optimo
1547 4725 1645 4786 luctus

974 4825 1028 4888 boc
1053 4824 1150 4887 Proba
1172 4828 1282 4889 sortita
1304 4835 1364 4903 est,
1390 4830 1497 4909 iunpot
1517 4836 1552 4890 ut
1573 4846 1656 4889 urna
1676 4847 1789 4909 pares,

887 4926 985 5008 felioc,
1010 4928 1068 4989 beu
1091 4929 1219 4989 nimium
1237 4928 1334 5009 felia,
1360 4929 1439 4991 dum,
1455 4931 1520 4992 vitu
1541 4937 1679 4992 maneret

974 5031 1064 5113 dipno
1087 5032 1191 5093 iuncta
1214 5033 1296 5109 viro,
1322 5032 1417 5115 dipaa
1439 5034 1532 5094 simul
1554 5033 1680 5095 tumulo.

478 5147 514 5213 Ο.
540 5149 567 5213 Ι.
595 5150 631 5214 L.
657 5152 702 5216 VI
728 5153 943 5221 sisebutus
970 5156 1177 5241 praecedenti
1205 5157 1369 5239 adiectus,
1403 5164 1573 5243 postquam
1597 5157 1750 5243 Olybrius
1779 5165 1812 5225 et
1832 5158 1990 5225 Probinus
2012 5161 2109 5227 Probi

476 5268 535 5334 lilii
558 5272 706 5338 consules
728 5273 803 5339 iacti
828 5282 902 5341 sunt
923 5296 954 5342 a.
981 5280 1054 5341 395.
1101 5296 1175 5342 nam
1198 5298 1230 5343 v.
1256 5280 1274 5341 3
1298 5280 1420 5342 consule
1442 5283 1559 5361 maior,
1585 5280 1664 5363 quod
1685 5283 1822 5363 peminas
1846 5283 1954 5344 consul
1976 5283 2111 5346 reddidit

477 5391 541 5471 ipse
564 5392 666 5456 domos
688 5393 765 5459 vitio
787 5394 918 5478 quidem
941 5402 997 5461 aut
1018 5396 1179 5481 lapicidae
1201 5403 1257 5463 aut
1272 5397 1423 5483 Maphaei
1439 5398 1543 5483 Vegii,
1569 5398 1624 5483 qui
1647 5399 1735 5464 solus
1758 5398 1842 5465 huno
1865 5378 1993 5466 tilulum
2013 5401 2104 5484 vidit,

476 5508 662 5592 inquinatus
685 5531 757 5579 esse
778 5513 905 5580 ridetur
925 5533 1031 5597 nsque
1052 5515 1150 5582 facile
1173 5516 1282 5583 sanari
1303 5523 1417 5602 potest,
1445 5517 1503 5584 ssd
1524 5518 1675 5603 geminas
1691 5518 1815 5600 domus,
1842 5540 2013 5603 quaecum
2029 5540 2108 5587 con-

476 5631 584 5695 sulatu
606 5633 796 5699 coniunctae
817 5632 1035 5716 nominantur,
1070 5634 1125 5701 vix
1146 5636 1190 5702 ed
1211 5637 1310 5703 aliam
1332 5658 1400 5704 rem
1423 5638 1535 5705 referri
1557 5647 1709 5723 possunt,
1742 5659 1839 5724 quam
1868 5639 1912 5705 ad
1941 5639 2107 5727 geminum

438 5771 442 5775 ·
477 5749 622 5818 familiae
644 5753 806 5836 honorem,
832 5775 927 5838 quem
948 5752 1087 5821 filiorum
1110 5757 1277 5824 consulatu
1300 5766 1482 5844 acceperut.
