4746 6472
488 506 531 566 66
1090 500 1288 558 SYMMAOHI
1304 499 1516 557 EPISTVLAE

391 692 424 754 P
444 692 463 753 2
486 690 623 775 ςὶιιιιιιιι.
671 697 704 757 et
728 690 878 774 quoniam
902 711 1064 756 servorum
1088 711 1146 776 per
1167 689 1301 757 limitem
1324 690 1430 756 facilis
1452 690 1595 757 inventio
1618 697 1651 757 et
1673 692 1810 776 pretium
1833 690 1918 756 solet
1938 709 2011 757 esse
2033 691 2115 756 tole-

488 793 608 876 rabile,
640 815 737 877 quam
768 793 907 860 maxime
934 800 966 860 te
989 793 1158 879 deprecor,
1192 801 1228 860 ut
1248 814 1306 880 per
1327 794 1473 860 homiues
1496 800 1642 860 strenuos
1663 793 1778 878 viginti
1799 793 1930 859 iuvenes
1951 793 2115 877 praedicto

488 897 616 980 negotio
631 904 843 981 congruentes
857 895 972 962 iubeas
987 896 1166 982 conparari.
1213 897 1248 962 in
1263 917 1359 981 quam
1374 917 1442 963 rem
1460 949 1467 962 .
1486 949 1493 962 .
1510 948 1517 962 .
1537 946 1544 961 .
1563 896 1682 962 solidos
1696 897 1740 962 ad
1754 903 1786 962 te
1802 896 1875 963 misi
1889 895 2002 963 hahita
2015 897 2115 962 aesti-

488 1000 628 1066 matione
651 1000 825 1085 hominum,
850 1019 984 1083 quorum
1007 1020 1071 1066 non
1092 999 1196 1067 forma
1218 1000 1276 1067 scd
1297 1006 1388 1068 aetas
1410 1007 1444 1067 et
1465 1000 1588 1067 sanitas
1609 999 1761 1084 eligenda
1783 1006 1842 1068 est.

979 1362 1162 1429 cxxvuu
1183 1361 1372 1443 (uxxmu)
1404 1367 1480 1426 ana
1494 1381 1526 1427 a.
1545 1363 1619 1425 sse.

408 1502 472 1564 cn
955 1501 1215 1567 erumnosus
1237 1498 1455 1565 solumne
1477 1498 1646 1564 nanum.

574 1673 678 1738 Fratri
702 1680 807 1739 nostro
824 1674 1046 1739 Andromacho
1068 1692 1179 1739 omues
1200 1673 1304 1738 honae
1319 1677 1405 1737 artes
1419 1670 1598 1737 familiares
1614 1677 1697 1752 sunt,
1723 1671 1783 1737 sed
1797 1691 1874 1755 prae
1888 1669 2005 1736 ceteris
2021 1669 2110 1748 fides,

488 1796 553 1858 qua
575 1780 739 1861 spectatus
762 1776 840 1842 mihi
862 1784 950 1842 tuum
974 1796 1099 1860 quoque
1122 1781 1212 1861 optat
1233 1774 1387 1840 iudicium
1409 1772 1577 1840 demereri.
1617 1774 1727 1856 itaque
1749 1772 1826 1839 dum
1848 1780 1880 1839 te
1895 1772 2029 1858 expetit,
2054 1772 2115 1837 iter

488 1878 647 1943 inbecillis
670 1899 769 1962 grave
791 1879 981 1961 gracilitatis
1004 1899 1082 1945 suae
1105 1877 1225 1943 oblitus
1246 1876 1388 1943 intravit.
1436 1876 1517 1943 haec
1546 1876 1597 1941 illi
1619 1876 1759 1943 maxime
1781 1875 1843 1942 fuit
1864 1894 1964 1941 causa
1985 1894 2043 1960 pro
2065 1874 2115 1938 vi·

448 1983 467 2044 2
490 1979 588 2061 ribus,
616 1987 650 2046 ut
672 1981 753 2046 solet
773 1982 961 2066 plerumque
983 1981 1110 2046 animus
1132 2000 1191 2065 spe
1213 1986 1246 2046 et
1267 1979 1388 2065 gaudio
1403 1980 1546 2045 morbum
1563 1980 1683 2045 levare.
1723 1979 1866 2045 advertis
1883 1978 1993 2062 igitur,
2018 1997 2113 2061 quam
2138 1998 2167 2038 ιο

488 2087 632 2167 prompto
662 2088 695 2148 et
723 2084 834 2167 patulo
861 2083 1021 2150 amicitiae
1044 2084 1116 2149 sinu
1139 2083 1354 2169 receptandus
1378 2082 1435 2164 sit,
1469 2082 1524 2167 qui
1547 2082 1594 2148 tui
1616 2082 1812 2149 desiderium
1835 2080 2011 2148 valetudini
2035 2099 2114 2145 suae

488 2185 649 2270 praetulit.
696 2186 773 2267 quid
796 2187 911 2272 plural
943 2186 1146 2271 adpetendus
1169 2187 1227 2252 tihi
1249 2186 1346 2269 foret,
1379 2185 1495 2252 uisite
1519 2193 1631 2272 sponte
1654 2192 1852 2269 sequeretur.
1899 2203 1976 2267 ergo
1998 2181 2115 2249 adcur-

488 2287 570 2354 renti
599 2288 784 2372 religiosam
813 2310 942 2355 manum
971 2290 1117 2375 porrige,
1151 2297 1187 2355 ut
1211 2289 1266 2372 qui
1287 2296 1320 2355 te
1342 2289 1431 2356 novit
1452 2289 1622 2356 virtutihus
1644 2288 1857 2374 superiorem,
1888 2286 2113 2352 communitate

488 2411 598 2475 parem
620 2390 750 2458 sentiat.

1001 2754 1123 2818 cxxx
1144 2753 1347 2836 (uxxvnn)
1384 2760 1459 2819 ane
1474 2774 1505 2818 a.
1525 2758 1598 2818 ace.

954 2890 1215 2955 suunrcuvs
1237 2889 1455 2956 staurano
1479 2891 1647 2956 susum.

574 3062 838 3128 Commendatum
868 3062 947 3128 mihi
977 3084 998 3129 a
1027 3062 1126 3128 fratre
1148 3081 1220 3127 meo
1242 3061 1366 3129 Hilario
1388 3061 1491 3127 virum
1514 3062 1754 3130 devotissimum
1778 3063 1943 3128 'litianum
1966 3081 2028 3146 quo
2050 3061 2116 3125 alio

488 3186 617 3252 possum
640 3164 796 3231 beneficio
817 3166 990 3247 munerari,
1016 3186 1112 3249 quam
1134 3171 1170 3231 ut
1191 3186 1265 3231 eum
1288 3172 1399 3231 sancto
1422 3166 1543 3251 pectori
1564 3172 1618 3232 tuo
1640 3188 1703 3232 nou
1725 3165 1948 3251 aspernandus
1971 3172 2118 3250 precator

489 3270 670 3336 insinuem?
706 3275 740 3334 et
761 3288 855 3353 spero
878 3268 1022 3353 petitioni
1045 3289 1137 3334 meae
1160 3287 1323 3335 cessuram
1346 3268 1552 3353 facilitatem,
1583 3269 1711 3353 quando
1733 3290 1772 3335 eo
1794 3268 1901 3335 studio
1923 3274 2020 3351 atque
2042 3288 2115 3353 pro—

488 3371 592 3457 posito
614 3391 660 3453 es,
688 3380 722 3436 ut
743 3370 846 3436 instar
866 3371 992 3455 gratiae
1014 3372 1147 3454 habeas,
1174 3371 1203 3437 si
1225 3372 1284 3438 tibi
1305 3371 1482 3456 probabilis
1504 3371 1628 3438 amicus
1649 3372 1793 3439 accedat.
1840 3373 1924 3438 vale.
2135 3396 2167 3436 ao

990 3731 1129 3796 LXXXI
1149 3731 1293 3815 [LXXX]
1329 3731 1435 3797 hieme
1451 3753 1481 3797 a.
1502 3734 1611 3819 393st.

435 3872 468 3935 P
954 3869 1215 3934 sYMMAchs
1236 3870 1454 3936 FLAVIANO
1478 3869 1644 3936 FRATRI.

571 4042 675 4108 Filius
705 4048 812 4107 noster
833 4042 1046 4126 Symmachus
1071 4048 1203 4126 peracto
1225 4061 1356 4107 munere
1379 4041 1550 4109 candidato
1572 4044 1667 4108 offert
1687 4043 1747 4109 tihi
1770 4043 1855 4109 dona
1877 4042 2060 4125 quaestoria
2082 4050 2115 4108 et

485 4152 611 4212 ceteras
640 4144 895 4212 necessitudines
924 4150 1050 4210 nostras
1078 4144 1151 4230 pari
1173 4144 1291 4210 honore
1313 4145 1494 4231 participat.
1542 4165 1664 4228 quaeso
1684 4145 1801 4230 igitur,
1836 4152 1872 4211 ut
1893 4146 1963 4212 eius
1985 4145 2113 4211 nomine

486 4247 642 4334 diptycha
669 4256 702 4314 et
730 4248 929 4333 apophoreta
957 4247 1122 4333 suscipere
1151 4247 1346 4332 dignemini,
1379 4247 1434 4331 qui
1464 4249 1635 4335 apparatui
1667 4249 1737 4315 eins
1767 4250 1863 4335 plura
1892 4257 1925 4316 et
1945 4250 2114 4335 praeclara
2132 4273 2165 4315 rs

446 4351 655 4418 ttrihuistis.
703 4358 868 4436 praeterea
897 4350 1027 4417 domino
1055 4356 1087 4416 et
1116 4349 1253 4436 principi
1282 4357 1391 4418 nostro
1419 4352 1463 4416 ad
1485 4351 1687 4418 referendam
1709 4352 1854 4435 largitati
1874 4352 1944 4418 eius
1967 4352 2113 4418 sedulam

487 4455 591 4539 magis
613 4474 710 4537 quam
733 4474 842 4538 parem
866 4455 1014 4538 gratiam,
1040 4473 1118 4520 auro
1141 4453 1371 4520 circumdatum
1395 4455 1580 4539 diptychum
1604 4455 1689 4521 misi.
1729 4463 1853 4522 ceteros
1875 4474 2018 4539 quosque
2032 4455 2113 4520 ami-

487 4578 542 4624 cos
571 4557 722 4623 chameis
749 4557 964 4643 pugillaribus
992 4565 1024 4624 et
1053 4557 1231 4623 canistellis
1253 4559 1417 4642 argenteis
1440 4559 1604 4624 honoravi.
1650 4564 1726 4625 tuae
1747 4558 1847 4643 igitur
1868 4559 2022 4644 potestati
2043 4566 2114 4626 tuo-

486 4681 549 4743 que
571 4660 702 4727 arhitrio
724 4660 896 4744 committo,
921 4668 958 4727 ut
979 4668 1133 4748 oportune
1156 4660 1303 4746 siugulis,
1329 4682 1414 4744 quae
1436 4661 1537 4728 missa
1559 4670 1642 4745 suut,
1669 4664 1853 4729 offerantur.

572 5022 588 5072 l
606 5023 707 5071 lunonis
726 5022 749 5071 Ρ
850 5022 866 5070 3
884 5036 936 5071 rem
954 5024 1047 5073 solidos
1065 5023 1094 5086 P,
1114 5024 1205 5073 merda
1221 5038 1354 5085 maenas,-
1373 5024 1434 5085 (ort.
1456 5039 1508 5074 rem
1527 5024 1553 5073 ll
1571 5026 1662 5075 solidos
1766 5027 1781 5076 4
1800 5026 1934 5087 deligenda
1955 5025 1999 5089 (Γ)

571 5111 692 5159 sorar
792 5108 806 5157 'l
826 5109 971 5159 sudromsec
991 5111 1013 5157 P
1115 5110 1131 5160 8
1150 5113 1193 5174 qul
1212 5116 1340 5174 spectatus
1359 5113 1388 5173 F,
1414 5125 1465 5174 qua
1482 5118 1632 5175 expectatus
1651 5112 1673 5160 P
1775 5114 1863 5162 urereri
1884 5113 1906 5159 F
2011 5111 2041 5161 lo
2058 5114 2113 5174 plo-

486 5210 562 5258 raque
582 5196 604 5242 F
705 5197 845 5244 morborum
865 5196 887 5242 F

574 5280 605 5331 16
622 5282 710 5330 aad
826 5279 856 5330 i'l
875 5281 1012 5342 hyrmos
1127 5281 1158 5333 18
1177 5298 1307 5333 muneram
1328 5285 1350 5331 F
1460 5281 1500 5350 ot]
1520 5285 1614 5333 Phar.
1630 5286 1659 5347 F,
1680 5284 1820 5333 eitle.
1928 5291 2014 5335 namo
2031 5300 2079 5334 om.
2094 5287 2117 5333 F

488 5367 518 5417 19
535 5368 677 5449 ppettlloul
696 5367 718 5416 P
820 5369 961 5430 praeposito
979 5367 1026 5417 Pl
1041 5386 1075 5419 m.

570 5452 603 5501 ll
622 5449 854 5520 nomine]1nretos,
875 5454 1012 5503 homino?
1115 5455 1148 5505 25
1166 5457 1266 5520 dyptica
1278 5462 1305 5505 et
1317 5452 1481 5521 apofereta?
1583 5455 1617 5505 26
1636 5453 1776 5525 praeterea]
1789 5458 1894 5517 lamae,
1915 5464 2046 5522 propterea
2058 5458 2082 5506 P

484 5540 650 5603 largitatis?
751 5538 784 5588 ll
803 5539 933 5605 dypticum
953 5539 975 5588 P
