<?xml version="1.0" encoding="UTF-8"?>
<!DOCTYPE html PUBLIC "-//W3C//DTD XHTML 1.0 Transitional//EN"
    "http://www.w3.org/TR/xhtml1/DTD/xhtml1-transitional.dtd">
<html xmlns="http://www.w3.org/1999/xhtml" xml:lang="en" lang="en">
 <head>
  <title>
</title>
<meta http-equiv="Content-Type" content="text/html;charset=utf-8" />
  <meta name='ocr-system' content='tesseract 3.04.00' />
  <meta name='ocr-capabilities' content='ocr_page ocr_carea ocr_par ocr_line ocrx_word'/>
</head>
<body>
  <div class='ocr_page' id='page_1' title='image "./qaureliisymmach00seecgoog_0095.png"; bbox 0 0 4722 6470; ppageno 0'>
   <div class='ocr_carea' id='block_1_1' title="bbox 478 423 1582 520">
    <p class='ocr_par' dir='ltr' id='par_1_1' title="bbox 478 423 1582 520">
     <span class='ocr_line' id='line_1_1' title="bbox 478 423 1582 520; baseline -0.01 0"><span class='ocrx_word' id='word_1_1' title='bbox 478 454 679 520; x_wconf 80' lang='lat' dir='ltr'>LXXXVIII</span> <span class='ocrx_word' id='word_1_2' title='bbox 1001 448 1267 509; x_wconf 79' lang='lat' dir='ltr'><em>asserendam</em></span> <span class='ocrx_word' id='word_1_3' title='bbox 1286 423 1582 509; x_wconf 70' lang='lat' dir='ltr'><em>sunnncsiiru.</em></span> 
     </span>
    </p>
   </div>
   <div class='ocr_carea' id='block_1_2' title="bbox 428 662 2200 4014">
    <p class='ocr_par' dir='ltr' id='par_1_2' title="bbox 469 662 2110 2208">
     <span class='ocr_line' id='line_1_2' title="bbox 477 662 2109 762; baseline 0.001 -19"><span class='ocrx_word' id='word_1_4' title='bbox 477 662 508 743; x_wconf 86' lang='lat' dir='ltr'><em>a.</em></span> <span class='ocrx_word' id='word_1_5' title='bbox 545 680 608 742; x_wconf 92' lang='grc'><em>369</em></span> <span class='ocrx_word' id='word_1_6' title='bbox 616 681 684 762; x_wconf 74' lang='lat'><em>⁴⁰⁴).</em></span> <span class='ocrx_word' id='word_1_7' title='bbox 713 664 1049 744; x_wconf 77' lang='lat' dir='ltr'><em>¹administrationem</em></span> <span class='ocrx_word' id='word_1_8' title='bbox 1086 676 1157 743; x_wconf 89' lang='lat' dir='ltr'><em>eius</em></span> <span class='ocrx_word' id='word_1_9' title='bbox 1195 679 1328 744; x_wconf 88' lang='lat' dir='ltr'><em>summis</em></span> <span class='ocrx_word' id='word_1_10' title='bbox 1364 675 1519 743; x_wconf 80' lang='lat' dir='ltr'><strong>laudibus</strong></span> <span class='ocrx_word' id='word_1_11' title='bbox 1552 685 1644 743; x_wconf 89' lang='lat' dir='ltr'><em>ornat</em></span> <span class='ocrx_word' id='word_1_12' title='bbox 1676 675 1867 742; x_wconf 80' lang='lat' dir='ltr'><strong>Ammianus</strong></span> <span class='ocrx_word' id='word_1_13' title='bbox 1900 677 2109 744; x_wconf 75' lang='lat' dir='ltr'><strong>Marcellinus</strong></span> 
     </span>
     <span class='ocr_line' id='line_1_3' title="bbox 475 786 2110 883; baseline 0 -20"><span class='ocrx_word' id='word_1_14' title='bbox 475 797 602 863; x_wconf 83' lang='lat' dir='ltr'>XXVII</span> <span class='ocrx_word' id='word_1_15' title='bbox 624 802 654 881; x_wconf 98' lang='grc'><em>9,</em></span> <span class='ocrx_word' id='word_1_16' title='bbox 682 800 720 864; x_wconf 88' lang='lat'><em>8:</em></span> <span class='ocrx_word' id='word_1_17' title='bbox 752 799 827 862; x_wconf 84' lang='lat' dir='ltr'><em>baec</em></span> <span class='ocrx_word' id='word_1_18' title='bbox 856 801 936 863; x_wconf 88' lang='lat' dir='ltr'><em>inter</em></span> <span class='ocrx_word' id='word_1_19' title='bbox 960 786 1175 862; x_wconf 67' lang='lat' dir='ltr'><em>muneratus</em></span> <span class='ocrx_word' id='word_1_20' title='bbox 1201 799 1429 881; x_wconf 75' lang='lat' dir='ltr'><strong><em>praefecturam</em></strong></span> <span class='ocrx_word' id='word_1_21' title='bbox 1459 797 1546 861; x_wconf 88' lang='lat' dir='ltr'><em>urbis</em></span> <span class='ocrx_word' id='word_1_22' title='bbox 1573 797 1734 860; x_wconf 78' lang='lat' dir='ltr'><strong><em>sublimius</em></strong></span> <span class='ocrx_word' id='word_1_23' title='bbox 1763 817 1880 861; x_wconf 86' lang='lat' dir='ltr'><em>curans</em></span> <span class='ocrx_word' id='word_1_24' title='bbox 1899 819 1958 881; x_wconf 91' lang='lat' dir='ltr'><em>per</em></span> <span class='ocrx_word' id='word_1_25' title='bbox 1981 803 2110 883; x_wconf 86' lang='lat' dir='ltr'><em>inteqri-</em></span> 
     </span>
     <span class='ocr_line' id='line_1_4' title="bbox 475 918 2108 1003; baseline 0.001 -21"><span class='ocrx_word' id='word_1_26' title='bbox 475 923 547 982; x_wconf 90' lang='lat' dir='ltr'><em>iutis</em></span> <span class='ocrx_word' id='word_1_27' title='bbox 573 921 753 1002; x_wconf 78' lang='lat' dir='ltr'><em>multiplices</em></span> <span class='ocrx_word' id='word_1_28' title='bbox 776 929 862 985; x_wconf 88' lang='lat' dir='ltr'><em>actus</em></span> <span class='ocrx_word' id='word_1_29' title='bbox 885 929 913 984; x_wconf 94' lang='lat' dir='ltr'><em>et</em></span> <span class='ocrx_word' id='word_1_30' title='bbox 930 920 1108 1003; x_wconf 78' lang='lat' dir='ltr'><em>probitatis,</em></span> <span class='ocrx_word' id='word_1_31' title='bbox 1142 918 1249 1002; x_wconf 88' lang='lat' dir='ltr'><em>quibus</em></span> <span class='ocrx_word' id='word_1_32' title='bbox 1272 919 1310 981; x_wconf 90' lang='lat' dir='ltr'><em>ab</em></span> <span class='ocrx_word' id='word_1_33' title='bbox 1333 919 1556 982; x_wconf 78' lang='lat' dir='ltr'><em>adulescentiae</em></span> <span class='ocrx_word' id='word_1_34' title='bbox 1578 919 1760 981; x_wconf 84' lang='lat' dir='ltr'><em>rudimentis</em></span> <span class='ocrx_word' id='word_1_35' title='bbox 1784 920 1946 1001; x_wconf 86' lang='lat' dir='ltr'><em>inclaruit,</em></span> <span class='ocrx_word' id='word_1_36' title='bbox 1980 921 2108 1002; x_wconf 85' lang='lat' dir='ltr'><em>adeptus</em></span> 
     </span>
     <span class='ocr_line' id='line_1_5' title="bbox 474 1040 2110 1125; baseline 0.001 -24"><span class='ocrx_word' id='word_1_37' title='bbox 474 1048 529 1122; x_wconf 88' lang='lat' dir='ltr'><em>esi,</em></span> <span class='ocrx_word' id='word_1_38' title='bbox 557 1041 588 1103; x_wconf 90' lang='lat' dir='ltr'><em>id</em></span> <span class='ocrx_word' id='word_1_39' title='bbox 610 1042 689 1124; x_wconf 87' lang='lat' dir='ltr'><em>quod</em></span> <span class='ocrx_word' id='word_1_40' title='bbox 710 1061 786 1104; x_wconf 90' lang='lat' dir='ltr'><em>raro</em></span> <span class='ocrx_word' id='word_1_41' title='bbox 808 1043 961 1125; x_wconf 84' lang='lat' dir='ltr'><em>continqit,</em></span> <span class='ocrx_word' id='word_1_42' title='bbox 987 1050 1022 1103; x_wconf 90' lang='lat' dir='ltr'><em>ut</em></span> <span class='ocrx_word' id='word_1_43' title='bbox 1043 1060 1110 1103; x_wconf 89' lang='lat' dir='ltr'><em>cum</em></span> <span class='ocrx_word' id='word_1_44' title='bbox 1134 1043 1301 1121; x_wconf 77' lang='lat' dir='ltr'><em>timeretur,</em></span> <span class='ocrx_word' id='word_1_45' title='bbox 1329 1060 1462 1103; x_wconf 90' lang='lat' dir='ltr'><em>amorem</em></span> <span class='ocrx_word' id='word_1_46' title='bbox 1485 1060 1546 1102; x_wconf 91' lang='lat' dir='ltr'><em>non</em></span> <span class='ocrx_word' id='word_1_47' title='bbox 1565 1040 1707 1123; x_wconf 83' lang='lat' dir='ltr'><em>perderet</em></span> <span class='ocrx_word' id='word_1_48' title='bbox 1729 1042 1842 1103; x_wconf 88' lang='lat' dir='ltr'><em>ciuium</em></span> <span class='ocrx_word' id='word_1_49' title='bbox 1864 1042 1968 1104; x_wconf 87' lang='lat' dir='ltr'><em>minus</em></span> <span class='ocrx_word' id='word_1_50' title='bbox 1983 1042 2110 1122; x_wconf 80' lang='lat' dir='ltr'><em>firmari</em></span> 
     </span>
     <span class='ocr_line' id='line_1_6' title="bbox 473 1161 2108 1245; baseline -0.001 -22"><span class='ocrx_word' id='word_1_51' title='bbox 473 1162 595 1224; x_wconf 85' lang='lat' dir='ltr'><em>solitum</em></span> <span class='ocrx_word' id='word_1_52' title='bbox 626 1181 702 1245; x_wconf 84' lang='lat' dir='ltr'><em>erqa</em></span> <span class='ocrx_word' id='word_1_53' title='bbox 731 1163 845 1225; x_wconf 89' lang='lat' dir='ltr'><em>iudices</em></span> <span class='ocrx_word' id='word_1_54' title='bbox 870 1161 1064 1242; x_wconf 75' lang='lat' dir='ltr'><em>formidatos.</em></span> <span class='ocrx_word' id='word_1_55' title='bbox 1118 1162 1204 1223; x_wconf 79' lang='lat' dir='ltr'><em>merus</em></span> <span class='ocrx_word' id='word_1_56' title='bbox 1233 1162 1412 1225; x_wconf 89' lang='lat' dir='ltr'><em>auctoritate</em></span> <span class='ocrx_word' id='word_1_57' title='bbox 1440 1163 1587 1243; x_wconf 89' lang='lat' dir='ltr'><em>iustisque</em></span> <span class='ocrx_word' id='word_1_58' title='bbox 1613 1162 1752 1223; x_wconf 76' lang='grc'>66666116</span> <span class='ocrx_word' id='word_1_59' title='bbox 1782 1162 1947 1244; x_wconf 78' lang='lat' dir='ltr'><em>suffraqiis</em></span> <span class='ocrx_word' id='word_1_60' title='bbox 1977 1163 2108 1224; x_wconf 90' lang='lat' dir='ltr'><em>tumultu</em></span> 
     </span>
     <span class='ocr_line' id='line_1_7' title="bbox 474 1281 2107 1364; baseline -0.001 -21"><span class='ocrx_word' id='word_1_61' title='bbox 474 1282 578 1360; x_wconf 85' lang='lat' dir='ltr'><em>lenito,</em></span> <span class='ocrx_word' id='word_1_62' title='bbox 612 1301 699 1364; x_wconf 88' lang='lat' dir='ltr'><em>quem</em></span> <span class='ocrx_word' id='word_1_63' title='bbox 721 1282 960 1344; x_wconf 80' lang='lat' dir='ltr'><em>christianorum</em></span> <span class='ocrx_word' id='word_1_64' title='bbox 982 1284 1087 1364; x_wconf 81' lang='lat' dir='ltr'><em>mrqia</em></span> <span class='ocrx_word' id='word_1_65' title='bbox 1108 1283 1315 1361; x_wconf 89' lang='lat' dir='ltr'><em>concitarunt,</em></span> <span class='ocrx_word' id='word_1_66' title='bbox 1339 1283 1487 1363; x_wconf 88' lang='lat' dir='ltr'><em>pulsoque</em></span> <span class='ocrx_word' id='word_1_67' title='bbox 1515 1282 1622 1343; x_wconf 89' lang='lat' dir='ltr'><em>Vrsino</em></span> <span class='ocrx_word' id='word_1_68' title='bbox 1645 1281 1710 1343; x_wconf 89' lang='lat' dir='ltr'><em>alta</em></span> <span class='ocrx_word' id='word_1_69' title='bbox 1732 1282 1816 1361; x_wconf 89' lang='lat' dir='ltr'><em>quies</em></span> <span class='ocrx_word' id='word_1_70' title='bbox 1835 1289 1932 1362; x_wconf 90' lang='lat' dir='ltr'><em>purta</em></span> <span class='ocrx_word' id='word_1_71' title='bbox 1951 1286 2107 1363; x_wconf 89' lang='lat' dir='ltr'><em>proposito</em></span> 
     </span>
     <span class='ocr_line' id='line_1_8' title="bbox 472 1401 2107 1485; baseline 0.001 -23"><span class='ocrx_word' id='word_1_72' title='bbox 472 1404 584 1463; x_wconf 89' lang='lat' dir='ltr'><em>ciuium</em></span> <span class='ocrx_word' id='word_1_73' title='bbox 609 1404 814 1464; x_wconf 86' lang='lat' dir='ltr'><em>Romanorum</em></span> <span class='ocrx_word' id='word_1_74' title='bbox 843 1404 1004 1484; x_wconf 88' lang='lat' dir='ltr'><em>aptissima</em></span> <span class='ocrx_word' id='word_1_75' title='bbox 1034 1411 1062 1465; x_wconf 89' lang='lat' dir='ltr'><em>et</em></span> <span class='ocrx_word' id='word_1_76' title='bbox 1091 1402 1282 1464; x_wconf 80' lang='lat' dir='ltr'><em>adulescebat</em></span> <span class='ocrx_word' id='word_1_77' title='bbox 1309 1402 1409 1485; x_wconf 88' lang='lat' dir='ltr'><em>qloria</em></span> <span class='ocrx_word' id='word_1_78' title='bbox 1427 1401 1591 1483; x_wconf 87' lang='lat' dir='ltr'><em>praeclari</em></span> <span class='ocrx_word' id='word_1_79' title='bbox 1611 1403 1739 1464; x_wconf 84' lang='lat' dir='ltr'><em>rectoris</em></span> <span class='ocrx_word' id='word_1_80' title='bbox 1758 1401 1856 1482; x_wconf 90' lang='lat' dir='ltr'><em>plura</em></span> <span class='ocrx_word' id='word_1_81' title='bbox 1879 1411 1907 1463; x_wconf 90' lang='lat' dir='ltr'><em>et</em></span> <span class='ocrx_word' id='word_1_82' title='bbox 1927 1402 2019 1465; x_wconf 88' lang='lat' dir='ltr'><em>utilia</em></span> <span class='ocrx_word' id='word_1_83' title='bbox 2041 1404 2107 1464; x_wconf 91' lang='lat' dir='ltr'><em>dis-</em></span> 
     </span>
     <span class='ocr_line' id='line_1_9' title="bbox 469 1521 2106 1606; baseline 0.001 -23"><span class='ocrx_word' id='word_1_84' title='bbox 469 1524 698 1605; x_wconf 73' lang='lat' dir='ltr'><em>ponentis⁴⁰⁶].·</em></span> <span class='ocrx_word' id='word_1_85' title='bbox 730 1541 861 1606; x_wconf 88' lang='lat' dir='ltr'><em>namque</em></span> <span class='ocrx_word' id='word_1_86' title='bbox 889 1531 917 1585; x_wconf 91' lang='lat' dir='ltr'><em>et</em></span> <span class='ocrx_word' id='word_1_87' title='bbox 945 1526 1109 1585; x_wconf 80' lang='lat' dir='ltr'><em>maeniana</em></span> <span class='ocrx_word' id='word_1_88' title='bbox 1136 1523 1262 1585; x_wconf 85' lang='lat' dir='ltr'><em>sustulit</em></span> <span class='ocrx_word' id='word_1_89' title='bbox 1288 1524 1391 1584; x_wconf 81' lang='lat' dir='ltr'><em>orinia</em></span> <span class='ocrx_word' id='word_1_90' title='bbox 1417 1521 1575 1602; x_wconf 79' lang='lat' dir='ltr'><em>fabricari</em></span> <span class='ocrx_word' id='word_1_91' title='bbox 1594 1525 1705 1583; x_wconf 81' lang='lat' dir='ltr'><em>Romae</em></span> <span class='ocrx_word' id='word_1_92' title='bbox 1730 1523 1845 1603; x_wconf 82' lang='lat' dir='ltr'><em>priscis</em></span> <span class='ocrx_word' id='word_1_93' title='bbox 1876 1540 1991 1604; x_wconf 91' lang='lat' dir='ltr'><em>quoquc</em></span> <span class='ocrx_word' id='word_1_94' title='bbox 2013 1528 2106 1585; x_wconf 89' lang='lat' dir='ltr'><em>vetita</em></span> 
     </span>
     <span class='ocr_line' id='line_1_10' title="bbox 472 1642 2106 1725; baseline 0.001 -21"><span class='ocrx_word' id='word_1_95' title='bbox 472 1642 587 1725; x_wconf 86' lang='lat' dir='ltr'><em>leqibus</em></span> <span class='ocrx_word' id='word_1_96' title='bbox 620 1651 648 1705; x_wconf 91' lang='lat' dir='ltr'><em>et</em></span> <span class='ocrx_word' id='word_1_97' title='bbox 680 1643 826 1706; x_wconf 85' lang='lat' dir='ltr'><em>discrevit</em></span> <span class='ocrx_word' id='word_1_98' title='bbox 859 1643 898 1704; x_wconf 93' lang='lat' dir='ltr'><em>ab</em></span> <span class='ocrx_word' id='word_1_99' title='bbox 931 1643 1057 1705; x_wconf 84' lang='lat' dir='ltr'><em>aedibus</em></span> <span class='ocrx_word' id='word_1_100' title='bbox 1091 1645 1191 1705; x_wconf 88' lang='lat' dir='ltr'><em>sacris</em></span> <span class='ocrx_word' id='word_1_101' title='bbox 1217 1645 1414 1725; x_wconf 87' lang='lat' dir='ltr'><em>priuatarum</em></span> <span class='ocrx_word' id='word_1_102' title='bbox 1441 1644 1577 1723; x_wconf 88' lang='lat' dir='ltr'><em>parietes</em></span> <span class='ocrx_word' id='word_1_103' title='bbox 1606 1642 1712 1704; x_wconf 89' lang='lat' dir='ltr'><em>iisdem</em></span> <span class='ocrx_word' id='word_1_104' title='bbox 1742 1643 1945 1705; x_wconf 76' lang='lat' dir='ltr'><em>inverecunde</em></span> <span class='ocrx_word' id='word_1_105' title='bbox 1974 1663 2106 1706; x_wconf 78' lang='lat' dir='ltr'><em>ememor</em></span> 
     </span>
     <span class='ocr_line' id='line_1_11' title="bbox 469 1762 2106 1847; baseline 0.001 -23"><span class='ocrx_word' id='word_1_106' title='bbox 469 1763 668 1846; x_wconf 85' lang='lat' dir='ltr'><em>ponderaque</em></span> <span class='ocrx_word' id='word_1_107' title='bbox 693 1784 751 1845; x_wconf 87' lang='lat' dir='ltr'><em>par</em></span> <span class='ocrx_word' id='word_1_108' title='bbox 779 1765 916 1847; x_wconf 74' lang='lat' dir='ltr'><em>lupianus</em></span> <span class='ocrx_word' id='word_1_109' title='bbox 945 1765 1076 1826; x_wconf 87' lang='lat' dir='ltr'><em>instituit</em></span> <span class='ocrx_word' id='word_1_110' title='bbox 1100 1765 1283 1844; x_wconf 87' lang='lat' dir='ltr'><em>uniuersas,</em></span> <span class='ocrx_word' id='word_1_111' title='bbox 1315 1782 1384 1826; x_wconf 89' lang='lat' dir='ltr'><em>cum</em></span> <span class='ocrx_word' id='word_1_112' title='bbox 1407 1762 1551 1825; x_wconf 84' lang='lat' dir='ltr'><em>aviditati</em></span> <span class='ocrx_word' id='word_1_113' title='bbox 1571 1763 1735 1824; x_wconf 86' lang='lat' dir='ltr'><em>multorum</em></span> <span class='ocrx_word' id='word_1_114' title='bbox 1759 1782 1802 1824; x_wconf 80' lang='lat' dir='ltr'><em>em</em></span> <span class='ocrx_word' id='word_1_115' title='bbox 1824 1762 1949 1826; x_wconf 82' lang='lat' dir='ltr'><em>libidine</em></span> <span class='ocrx_word' id='word_1_116' title='bbox 1972 1767 2106 1826; x_wconf 86' lang='lat' dir='ltr'><em>trutinas</em></span> 
     </span>
     <span class='ocr_line' id='line_1_12' title="bbox 470 1882 2102 1966; baseline 0.001 -22"><span class='ocrx_word' id='word_1_117' title='bbox 470 1886 700 1965; x_wconf 89' lang='lat' dir='ltr'><em>conponentium</em></span> <span class='ocrx_word' id='word_1_118' title='bbox 733 1887 856 1947; x_wconf 89' lang='lat' dir='ltr'><em>occurri</em></span> <span class='ocrx_word' id='word_1_119' title='bbox 886 1884 1034 1965; x_wconf 88' lang='lat' dir='ltr'><em>nequiret.</em></span> <span class='ocrx_word' id='word_1_120' title='bbox 1082 1886 1114 1946; x_wconf 87' lang='lat' dir='ltr'><em>in</em></span> <span class='ocrx_word' id='word_1_121' title='bbox 1147 1883 1367 1946; x_wconf 67' lang='lat' dir='ltr'><em>mantuanae</em></span> <span class='ocrx_word' id='word_1_122' title='bbox 1400 1902 1472 1944; x_wconf 85' lang='lat' dir='ltr'><em>uero</em></span> <span class='ocrx_word' id='word_1_123' title='bbox 1506 1883 1609 1945; x_wconf 89' lang='lat' dir='ltr'><em>litibus</em></span> <span class='ocrx_word' id='word_1_124' title='bbox 1643 1891 1713 1945; x_wconf 88' lang='lat' dir='ltr'><em>unte</em></span> <span class='ocrx_word' id='word_1_125' title='bbox 1747 1884 1825 1945; x_wconf 87' lang='lat' dir='ltr'><em>alies</em></span> <span class='ocrx_word' id='word_1_126' title='bbox 1855 1882 1887 1944; x_wconf 92' lang='lat' dir='ltr'><em>id</em></span> <span class='ocrx_word' id='word_1_127' title='bbox 1917 1886 2102 1966; x_wconf 88' lang='lat' dir='ltr'><em>impetrauit,</em></span> 
     </span>
     <span class='ocr_line' id='line_1_13' title="bbox 470 2002 2105 2087; baseline 0.001 -22"><span class='ocrx_word' id='word_1_128' title='bbox 470 2005 549 2085; x_wconf 87' lang='lat' dir='ltr'><em>quod</em></span> <span class='ocrx_word' id='word_1_129' title='bbox 577 2005 735 2068; x_wconf 87' lang='lat' dir='ltr'><em>laudando</em></span> <span class='ocrx_word' id='word_1_130' title='bbox 764 2008 896 2067; x_wconf 87' lang='lat' dir='ltr'><em>Brutum</em></span> <span class='ocrx_word' id='word_1_131' title='bbox 923 2006 1041 2067; x_wconf 87' lang='lat' dir='ltr'><em>Tullius</em></span> <span class='ocrx_word' id='word_1_132' title='bbox 1070 2005 1181 2085; x_wconf 77' lang='lat' dir='ltr'><em>refert,</em></span> <span class='ocrx_word' id='word_1_133' title='bbox 1214 2012 1248 2067; x_wconf 97' lang='lat' dir='ltr'><em>ut</em></span> <span class='ocrx_word' id='word_1_134' title='bbox 1277 2023 1344 2067; x_wconf 89' lang='lat' dir='ltr'><em>cum</em></span> <span class='ocrx_word' id='word_1_135' title='bbox 1373 2003 1451 2067; x_wconf 87' lang='lat' dir='ltr'><em>nibil</em></span> <span class='ocrx_word' id='word_1_136' title='bbox 1480 2003 1522 2065; x_wconf 93' lang='lat' dir='ltr'><em>ad</em></span> <span class='ocrx_word' id='word_1_137' title='bbox 1549 2004 1682 2087; x_wconf 85' lang='lat' dir='ltr'><em>qratiam</em></span> <span class='ocrx_word' id='word_1_138' title='bbox 1710 2002 1841 2085; x_wconf 73' lang='lat' dir='ltr'><em>faceret,</em></span> <span class='ocrx_word' id='word_1_139' title='bbox 1874 2006 1977 2066; x_wconf 86' lang='lat' dir='ltr'><em>omnia</em></span> <span class='ocrx_word' id='word_1_140' title='bbox 2006 2012 2105 2067; x_wconf 90' lang='lat' dir='ltr'><em>tumen</em></span> 
     </span>
     <span class='ocr_line' id='line_1_14' title="bbox 469 2124 1160 2208; baseline -0.001 -20"><span class='ocrx_word' id='word_1_141' title='bbox 469 2134 565 2208; x_wconf 79' lang='lat' dir='ltr'><em>prata</em></span> <span class='ocrx_word' id='word_1_142' title='bbox 588 2126 767 2188; x_wconf 85' lang='lat' dir='ltr'><em>uiderentur</em></span> <span class='ocrx_word' id='word_1_143' title='bbox 789 2144 864 2206; x_wconf 88' lang='lat' dir='ltr'><em>esse,</em></span> <span class='ocrx_word' id='word_1_144' title='bbox 891 2145 969 2207; x_wconf 89' lang='lat' dir='ltr'><em>quae</em></span> <span class='ocrx_word' id='word_1_145' title='bbox 989 2124 1160 2206; x_wconf 73' lang='lat' dir='ltr'><em>factitabat.</em></span> 
     </span>
    </p>

    <p class='ocr_par' dir='ltr' id='par_1_3' title="bbox 428 2242 2200 4014">
     <span class='ocr_line' id='line_1_15' title="bbox 555 2242 2107 2330; baseline 0.001 -22"><span class='ocrx_word' id='word_1_146' title='bbox 555 2243 763 2311; x_wconf 76' lang='lat' dir='ltr'><em>Praefectura</em></span> <span class='ocrx_word' id='word_1_147' title='bbox 790 2243 890 2327; x_wconf 82' lang='lat' dir='ltr'><em>igitur</em></span> <span class='ocrx_word' id='word_1_148' title='bbox 919 2242 1067 2328; x_wconf 89' lang='lat' dir='ltr'><em>deposita</em></span> <span class='ocrx_word' id='word_1_149' title='bbox 1096 2264 1136 2309; x_wconf 87' lang='lat' dir='ltr'><em>ea</em></span> <span class='ocrx_word' id='word_1_150' title='bbox 1165 2242 1354 2310; x_wconf 89' lang='lat' dir='ltr'><em>auctoritate</em></span> <span class='ocrx_word' id='word_1_151' title='bbox 1382 2243 1414 2308; x_wconf 94' lang='lat' dir='ltr'><em>in</em></span> <span class='ocrx_word' id='word_1_152' title='bbox 1438 2249 1553 2309; x_wconf 88' lang='lat' dir='ltr'><em>senatu</em></span> <span class='ocrx_word' id='word_1_153' title='bbox 1576 2263 1679 2327; x_wconf 86' lang='lat' dir='ltr'><em>eaque</em></span> <span class='ocrx_word' id='word_1_154' title='bbox 1701 2243 1809 2328; x_wconf 78' lang='lat' dir='ltr'><em>gratia</em></span> <span class='ocrx_word' id='word_1_155' title='bbox 1832 2243 1920 2330; x_wconf 88' lang='lat' dir='ltr'><em>apud</em></span> <span class='ocrx_word' id='word_1_156' title='bbox 1942 2245 2107 2329; x_wconf 80' lang='lat' dir='ltr'><em>Augustos</em></span> 
     </span>
     <span class='ocr_line' id='line_1_16' title="bbox 468 2361 2200 2449; baseline 0.001 -19"><span class='ocrx_word' id='word_1_157' title='bbox 468 2364 612 2448; x_wconf 84' lang='lat' dir='ltr'><em>vigebat,</em></span> <span class='ocrx_word' id='word_1_158' title='bbox 638 2370 674 2430; x_wconf 93' lang='lat' dir='ltr'><em>ut</em></span> <span class='ocrx_word' id='word_1_159' title='bbox 696 2364 724 2430; x_wconf 93' lang='lat' dir='ltr'><em>si</em></span> <span class='ocrx_word' id='word_1_160' title='bbox 746 2382 886 2446; x_wconf 90' lang='lat' dir='ltr'><em>quares</em></span> <span class='ocrx_word' id='word_1_161' title='bbox 908 2362 1072 2429; x_wconf 82' lang='lat' dir='ltr'><em>difficilior</em></span> <span class='ocrx_word' id='word_1_162' title='bbox 1092 2363 1295 2449; x_wconf 92' lang='lat' dir='ltr'><em>impetranda</em></span> <span class='ocrx_word' id='word_1_163' title='bbox 1318 2370 1397 2446; x_wconf 90' lang='lat' dir='ltr'><em>erat,</em></span> <span class='ocrx_word' id='word_1_164' title='bbox 1422 2363 1611 2448; x_wconf 89' lang='lat' dir='ltr'><em>plerumque</em></span> <span class='ocrx_word' id='word_1_165' title='bbox 1633 2363 1668 2428; x_wconf 96' lang='lat' dir='ltr'><em>in</em></span> <span class='ocrx_word' id='word_1_166' title='bbox 1690 2361 1907 2446; x_wconf 83' lang='lat' dir='ltr'><em>legationibus</em></span> <span class='ocrx_word' id='word_1_167' title='bbox 1922 2365 2044 2431; x_wconf 86' lang='lat' dir='ltr'><em>ordinis</em></span> <span class='ocrx_word' id='word_1_168' title='bbox 2060 2366 2103 2431; x_wconf 87' lang='lat' dir='ltr'><em>ad</em></span> <span class='ocrx_word' id='word_1_169' title='bbox 2185 2376 2200 2389; x_wconf 79' lang='lat'><strong><em>‘</em></strong></span> 
     </span>
     <span class='ocr_line' id='line_1_17' title="bbox 472 2483 2105 2570; baseline -0.001 -19"><span class='ocrx_word' id='word_1_170' title='bbox 472 2485 656 2552; x_wconf 90' lang='lat' dir='ltr'><em>comitatum</em></span> <span class='ocrx_word' id='word_1_171' title='bbox 679 2484 788 2549; x_wconf 90' lang='lat' dir='ltr'><em>missis</em></span> <span class='ocrx_word' id='word_1_172' title='bbox 810 2484 914 2549; x_wconf 88' lang='lat' dir='ltr'><em>locum</em></span> <span class='ocrx_word' id='word_1_173' title='bbox 936 2483 1114 2569; x_wconf 88' lang='lat' dir='ltr'><em>prinoipem</em></span> <span class='ocrx_word' id='word_1_174' title='bbox 1137 2483 1379 2568; x_wconf 73' lang='lat' dir='ltr'><em>abnuebatur).</em></span> <span class='ocrx_word' id='word_1_175' title='bbox 1425 2490 1594 2569; x_wconf 89' lang='lat' dir='ltr'><em>praeterea</em></span> <span class='ocrx_word' id='word_1_176' title='bbox 1616 2490 1743 2549; x_wconf 89' lang='lat' dir='ltr'><em>statuae</em></span> <span class='ocrx_word' id='word_1_177' title='bbox 1766 2485 1797 2550; x_wconf 90' lang='lat' dir='ltr'><em>ei</em></span> <span class='ocrx_word' id='word_1_178' title='bbox 1821 2484 1909 2551; x_wconf 92' lang='lat' dir='ltr'><em>etin</em></span> <span class='ocrx_word' id='word_1_179' title='bbox 1931 2486 2105 2570; x_wconf 82' lang='lat' dir='ltr'><em>provinciis</em></span> 
     </span>
     <span class='ocr_line' id='line_1_18' title="bbox 480 2603 2104 2690; baseline 0.001 -21"><span class='ocrx_word' id='word_1_180' title='bbox 480 2605 590 2690; x_wconf 83' lang='lat' dir='ltr'><em>(inser.</em></span> <span class='ocrx_word' id='word_1_181' title='bbox 617 2608 645 2689; x_wconf 86' lang='grc'><em>2)</em></span> <span class='ocrx_word' id='word_1_182' title='bbox 674 2604 761 2672; x_wconf 87' lang='lat' dir='ltr'><em>etin</em></span> <span class='ocrx_word' id='word_1_183' title='bbox 782 2604 862 2670; x_wconf 93' lang='lat' dir='ltr'><em>urbe</em></span> <span class='ocrx_word' id='word_1_184' title='bbox 884 2612 1011 2671; x_wconf 85' lang='lat' dir='ltr'><em>erectae</em></span> <span class='ocrx_word' id='word_1_185' title='bbox 1034 2606 1183 2687; x_wconf 83' lang='lat' dir='ltr'><em>sunt⁴⁰⁷),</em></span> <span class='ocrx_word' id='word_1_186' title='bbox 1209 2603 1264 2687; x_wconf 89' lang='lat' dir='ltr'><em>qui</em></span> <span class='ocrx_word' id='word_1_187' title='bbox 1287 2605 1388 2670; x_wconf 89' lang='lat' dir='ltr'><em>honor</em></span> <span class='ocrx_word' id='word_1_188' title='bbox 1409 2604 1538 2670; x_wconf 90' lang='lat' dir='ltr'><em>saeculo</em></span> <span class='ocrx_word' id='word_1_189' title='bbox 1561 2611 1673 2688; x_wconf 91' lang='lat' dir='ltr'><em>quarto</em></span> <span class='ocrx_word' id='word_1_190' title='bbox 1695 2605 1794 2671; x_wconf 90' lang='lat' dir='ltr'><em>multo</em></span> <span class='ocrx_word' id='word_1_191' title='bbox 1816 2605 1919 2671; x_wconf 90' lang='lat' dir='ltr'><em>maior</em></span> <span class='ocrx_word' id='word_1_192' title='bbox 1940 2605 2104 2689; x_wconf 88' lang='lat' dir='ltr'><em>rariorque</em></span> 
     </span>
     <span class='ocr_line' id='line_1_19' title="bbox 475 2723 2107 2811; baseline 0 -19"><span class='ocrx_word' id='word_1_193' title='bbox 475 2733 545 2792; x_wconf 88' lang='lat' dir='ltr'><em>erut</em></span> <span class='ocrx_word' id='word_1_194' title='bbox 564 2745 663 2810; x_wconf 85' lang='lat' dir='ltr'><em>quam</em></span> <span class='ocrx_word' id='word_1_195' title='bbox 686 2732 761 2792; x_wconf 87' lang='lat' dir='ltr'><em>ante</em></span> <span class='ocrx_word' id='word_1_196' title='bbox 776 2724 971 2791; x_wconf 86' lang='lat' dir='ltr'><em>Diocletiani</em></span> <span class='ocrx_word' id='word_1_197' title='bbox 992 2724 1173 2810; x_wconf 91' lang='lat' dir='ltr'><em>imperium.</em></span> <span class='ocrx_word' id='word_1_198' title='bbox 1221 2723 1279 2790; x_wconf 89' lang='lat' dir='ltr'><em>sed</em></span> <span class='ocrx_word' id='word_1_199' title='bbox 1301 2723 1402 2789; x_wconf 89' lang='lat' dir='ltr'><em>nihilo</em></span> <span class='ocrx_word' id='word_1_200' title='bbox 1424 2723 1531 2790; x_wconf 92' lang='lat' dir='ltr'><em>minus</em></span> <span class='ocrx_word' id='word_1_201' title='bbox 1553 2744 1734 2809; x_wconf 82' lang='lat' dir='ltr'><em>perennes</em></span> <span class='ocrx_word' id='word_1_202' title='bbox 1756 2725 1937 2808; x_wconf 89' lang='lat' dir='ltr'><em>quindecim</em></span> <span class='ocrx_word' id='word_1_203' title='bbox 1961 2726 2107 2811; x_wconf 85' lang='lat' dir='ltr'><em>privatus</em></span> 
     </span>
     <span class='ocr_line' id='line_1_20' title="bbox 474 2844 2103 2930; baseline 0.002 -20"><span class='ocrx_word' id='word_1_204' title='bbox 474 2846 639 2928; x_wconf 82' lang='lat' dir='ltr'><em>remansit,</em></span> <span class='ocrx_word' id='word_1_205' title='bbox 666 2865 768 2929; x_wconf 89' lang='lat' dir='ltr'><em>usque</em></span> <span class='ocrx_word' id='word_1_206' title='bbox 791 2844 866 2910; x_wconf 95' lang='lat' dir='ltr'><em>dum</em></span> <span class='ocrx_word' id='word_1_207' title='bbox 889 2846 1059 2930; x_wconf 80' lang='lat' dir='ltr'><em>gentilium</em></span> <span class='ocrx_word' id='word_1_208' title='bbox 1082 2850 1192 2930; x_wconf 87' lang='lat' dir='ltr'><em>partes</em></span> <span class='ocrx_word' id='word_1_209' title='bbox 1208 2844 1356 2910; x_wconf 82' lang='lat' dir='ltr'><em>Gratiani</em></span> <span class='ocrx_word' id='word_1_210' title='bbox 1378 2851 1479 2910; x_wconf 88' lang='lat' dir='ltr'><em>morte</em></span> <span class='ocrx_word' id='word_1_211' title='bbox 1501 2864 1601 2911; x_wconf 84' lang='lat' dir='ltr'><em>novas</em></span> <span class='ocrx_word' id='word_1_212' title='bbox 1623 2845 1659 2911; x_wconf 90' lang='lat' dir='ltr'><em>in</em></span> <span class='ocrx_word' id='word_1_213' title='bbox 1680 2846 1757 2913; x_wconf 87' lang='lat' dir='ltr'><em>aula</em></span> <span class='ocrx_word' id='word_1_214' title='bbox 1778 2846 1864 2912; x_wconf 83' lang='lat' dir='ltr'><em>vires</em></span> <span class='ocrx_word' id='word_1_215' title='bbox 1886 2855 2000 2913; x_wconf 89' lang='lat' dir='ltr'><em>nactae</em></span> <span class='ocrx_word' id='word_1_216' title='bbox 2016 2854 2103 2913; x_wconf 87' lang='lat' dir='ltr'><em>sunt.</em></span> 
     </span>
     <span class='ocr_line' id='line_1_21' title="bbox 476 2964 2106 3058; baseline 0.001 -26"><span class='ocrx_word' id='word_1_217' title='bbox 476 2973 544 3032; x_wconf 92' lang='lat' dir='ltr'><em>tum</em></span> <span class='ocrx_word' id='word_1_218' title='bbox 574 2965 660 3033; x_wconf 91' lang='lat' dir='ltr'><em>enim</em></span> <span class='ocrx_word' id='word_1_219' title='bbox 690 2965 882 3050; x_wconf 87' lang='lat' dir='ltr'><em>Symmacho</em></span> <span class='ocrx_word' id='word_1_220' title='bbox 912 2964 1075 3050; x_wconf 88' lang='lat' dir='ltr'><em>praefecto</em></span> <span class='ocrx_word' id='word_1_221' title='bbox 1105 2965 1176 3032; x_wconf 90' lang='lat' dir='ltr'><em>urbi</em></span> <span class='ocrx_word' id='word_1_222' title='bbox 1205 2973 1311 3031; x_wconf 89' lang='lat' dir='ltr'><em>creato</em></span> <span class='ocrx_word' id='word_1_223' title='bbox 1340 2965 1565 3030; x_wconf 83' lang='lat' dir='ltr'><em>Praetextatus</em></span> <span class='ocrx_word' id='word_1_224' title='bbox 1595 2966 1829 3051; x_wconf 83' lang='lat' dir='ltr'><em>praefecturam</em></span> <span class='ocrx_word' id='word_1_225' title='bbox 1849 2968 2017 3058; x_wconf 88' lang='lat' dir='ltr'><em>praeterio</em></span> <span class='ocrx_word' id='word_1_226' title='bbox 2046 2988 2106 3054; x_wconf 87' lang='lat' dir='ltr'><em>per</em></span> 
     </span>
     <span class='ocr_line' id='line_1_22' title="bbox 473 3084 2102 3171; baseline 0.001 -19"><span class='ocrx_word' id='word_1_227' title='bbox 473 3086 602 3152; x_wconf 87' lang='lat' dir='ltr'><em>Italiam</em></span> <span class='ocrx_word' id='word_1_228' title='bbox 624 3086 766 3171; x_wconf 89' lang='lat' dir='ltr'><em>aceepit;</em></span> <span class='ocrx_word' id='word_1_229' title='bbox 792 3105 872 3170; x_wconf 85' lang='lat' dir='ltr'><em>quoe</em></span> <span class='ocrx_word' id='word_1_230' title='bbox 893 3086 1103 3169; x_wconf 81' lang='lat' dir='ltr'><em>magistratus</em></span> <span class='ocrx_word' id='word_1_231' title='bbox 1125 3086 1266 3152; x_wconf 91' lang='lat' dir='ltr'><em>inierunt</em></span> <span class='ocrx_word' id='word_1_232' title='bbox 1278 3084 1362 3151; x_wconf 88' lang='lat' dir='ltr'><em>inter</em></span> <span class='ocrx_word' id='word_1_233' title='bbox 1377 3084 1448 3151; x_wconf 88' lang='lat' dir='ltr'><em>dies</em></span> <span class='ocrx_word' id='word_1_234' title='bbox 1468 3088 1506 3150; x_wconf 96' lang='grc'><em>19</em></span> <span class='ocrx_word' id='word_1_235' title='bbox 1522 3085 1591 3150; x_wconf 84' lang='grc' dir='ltr'>Ι66.</span> <span class='ocrx_word' id='word_1_236' title='bbox 1609 3093 1641 3152; x_wconf 91' lang='lat' dir='ltr'><em>et</em></span> <span class='ocrx_word' id='word_1_237' title='bbox 1657 3090 1693 3149; x_wconf 83' lang='lat'><em>21</em></span> <span class='ocrx_word' id='word_1_238' title='bbox 1712 3086 1790 3152; x_wconf 88' lang='lat' dir='ltr'><em>Mai.</em></span> <span class='ocrx_word' id='word_1_239' title='bbox 1808 3107 1839 3151; x_wconf 86' lang='lat' dir='ltr'><em>a.</em></span> <span class='ocrx_word' id='word_1_240' title='bbox 1859 3088 1933 3152; x_wconf 88' lang='grc'>384.</span> <span class='ocrx_word' id='word_1_241' title='bbox 1974 3109 2006 3153; x_wconf 83' lang='lat' dir='ltr'><em>v.</em></span> <span class='ocrx_word' id='word_1_242' title='bbox 2024 3088 2102 3154; x_wconf 82' lang='lat' dir='ltr'><em>adn</em></span> 
     </span>
     <span class='ocr_line' id='line_1_23' title="bbox 474 3205 2103 3292; baseline 0.002 -22"><span class='ocrx_word' id='word_1_243' title='bbox 474 3209 548 3272; x_wconf 86' lang='grc'>216.</span> <span class='ocrx_word' id='word_1_244' title='bbox 597 3206 790 3292; x_wconf 90' lang='lat' dir='ltr'><em>paulopost</em></span> <span class='ocrx_word' id='word_1_245' title='bbox 812 3207 909 3272; x_wconf 91' lang='lat' dir='ltr'><em>etiam</em></span> <span class='ocrx_word' id='word_1_246' title='bbox 931 3206 1035 3272; x_wconf 88' lang='lat' dir='ltr'><em>maius</em></span> <span class='ocrx_word' id='word_1_247' title='bbox 1058 3207 1186 3290; x_wconf 81' lang='lat' dir='ltr'><em>signum</em></span> <span class='ocrx_word' id='word_1_248' title='bbox 1208 3205 1330 3272; x_wconf 84' lang='lat' dir='ltr'><em>favoris</em></span> <span class='ocrx_word' id='word_1_249' title='bbox 1352 3205 1490 3288; x_wconf 82' lang='lat' dir='ltr'><em>Augusti</em></span> <span class='ocrx_word' id='word_1_250' title='bbox 1517 3205 1659 3291; x_wconf 87' lang='lat' dir='ltr'><em>accepit,</em></span> <span class='ocrx_word' id='word_1_251' title='bbox 1692 3207 1893 3274; x_wconf 90' lang='lat' dir='ltr'><em>consulatum</em></span> <span class='ocrx_word' id='word_1_252' title='bbox 1921 3207 1956 3273; x_wconf 94' lang='lat' dir='ltr'><em>in</em></span> <span class='ocrx_word' id='word_1_253' title='bbox 1984 3229 2103 3273; x_wconf 84' lang='lat' dir='ltr'><em>annum</em></span> 
     </span>
     <span class='ocr_line' id='line_1_24' title="bbox 474 3326 2103 3413; baseline 0.002 -22"><span class='ocrx_word' id='word_1_254' title='bbox 474 3329 548 3407; x_wconf 82' lang='lat'><em>385,</em></span> <span class='ocrx_word' id='word_1_255' title='bbox 574 3326 633 3393; x_wconf 88' lang='grc'><em>666</em></span> <span class='ocrx_word' id='word_1_256' title='bbox 654 3333 730 3393; x_wconf 86' lang='lat' dir='ltr'><em>ante</em></span> <span class='ocrx_word' id='word_1_257' title='bbox 752 3347 848 3411; x_wconf 90' lang='lat' dir='ltr'><em>quam</em></span> <span class='ocrx_word' id='word_1_258' title='bbox 871 3327 978 3393; x_wconf 82' lang='lat' dir='ltr'><em>fasces</em></span> <span class='ocrx_word' id='word_1_259' title='bbox 1001 3333 1151 3411; x_wconf 85' lang='lat' dir='ltr'><em>sumeret,</em></span> <span class='ocrx_word' id='word_1_260' title='bbox 1176 3332 1321 3392; x_wconf 88' lang='lat' dir='ltr'><em>mortuus</em></span> <span class='ocrx_word' id='word_1_261' title='bbox 1343 3328 1468 3408; x_wconf 66' lang='grc'>666111).</span> <span class='ocrx_word' id='word_1_262' title='bbox 1517 3346 1582 3409; x_wconf 91' lang='lat' dir='ltr'><em>qua</em></span> <span class='ocrx_word' id='word_1_263' title='bbox 1603 3347 1637 3392; x_wconf 89' lang='lat' dir='ltr'><em>re</em></span> <span class='ocrx_word' id='word_1_264' title='bbox 1660 3327 1788 3410; x_wconf 81' lang='lat' dir='ltr'><em>cognita</em></span> <span class='ocrx_word' id='word_1_265' title='bbox 1804 3332 1959 3393; x_wconf 88' lang='lat' dir='ltr'><em>recusavit</em></span> <span class='ocrx_word' id='word_1_266' title='bbox 1970 3333 2103 3413; x_wconf 86' lang='lat' dir='ltr'><em>populus</em></span> 
     </span>
     <span class='ocr_line' id='line_1_25' title="bbox 472 3448 2104 3535; baseline 0.001 -23"><span class='ocrx_word' id='word_1_267' title='bbox 472 3450 631 3513; x_wconf 89' lang='lat' dir='ltr'><em>sollemnes</em></span> <span class='ocrx_word' id='word_1_268' title='bbox 654 3448 765 3513; x_wconf 84' lang='lat' dir='ltr'><em>tbeutri</em></span> <span class='ocrx_word' id='word_1_269' title='bbox 785 3450 954 3532; x_wconf 87' lang='lat' dir='ltr'><em>uoluptates</em></span> <span class='ocrx_word' id='word_1_270' title='bbox 975 3450 1212 3532; x_wconf 82' lang='lat' dir='ltr'><em>memoriamque</em></span> <span class='ocrx_word' id='word_1_271' title='bbox 1234 3451 1299 3510; x_wconf 90' lang='lat' dir='ltr'><em>eius</em></span> <span class='ocrx_word' id='word_1_272' title='bbox 1321 3450 1481 3511; x_wconf 86' lang='lat' dir='ltr'><em>inlustrem</em></span> <span class='ocrx_word' id='word_1_273' title='bbox 1504 3450 1600 3512; x_wconf 90' lang='lat' dir='ltr'><em>multu</em></span> <span class='ocrx_word' id='word_1_274' title='bbox 1622 3450 1843 3512; x_wconf 85' lang='lat' dir='ltr'><em>adclamatione</em></span> <span class='ocrx_word' id='word_1_275' title='bbox 1872 3459 1999 3514; x_wconf 89' lang='lat' dir='ltr'><em>testatus</em></span> <span class='ocrx_word' id='word_1_276' title='bbox 2026 3472 2104 3535; x_wconf 81' lang='lat' dir='ltr'><em>qra-</em></span> 
     </span>
     <span class='ocr_line' id='line_1_26' title="bbox 428 3569 2099 3663; baseline 0.002 -32"><span class='ocrx_word' id='word_1_277' title='bbox 428 3598 436 3615; x_wconf 94' lang='lat'><strong>·</strong></span> <span class='ocrx_word' id='word_1_278' title='bbox 473 3573 551 3633; x_wconf 85' lang='lat' dir='ltr'><em>viler</em></span> <span class='ocrx_word' id='word_1_279' title='bbox 573 3572 631 3654; x_wconf 89' lang='lat' dir='ltr'><em>eqit</em></span> <span class='ocrx_word' id='word_1_280' title='bbox 659 3590 728 3633; x_wconf 90' lang='lat' dir='ltr'><em>cum</em></span> <span class='ocrx_word' id='word_1_281' title='bbox 751 3570 855 3663; x_wconf 55' lang='lat' dir='ltr'><em>¹liuore</em></span> <span class='ocrx_word' id='word_1_282' title='bbox 882 3570 1043 3652; x_wconf 74' lang='lat' dir='ltr'><em>fortunae,</em></span> <span class='ocrx_word' id='word_1_283' title='bbox 1074 3571 1153 3652; x_wconf 91' lang='lat' dir='ltr'><em>quod</em></span> <span class='ocrx_word' id='word_1_284' title='bbox 1182 3570 1242 3633; x_wconf 89' lang='lat' dir='ltr'><em>sibi</em></span> <span class='ocrx_word' id='word_1_285' title='bbox 1269 3570 1450 3651; x_wconf 76' lang='lat' dir='ltr'><em>inclytorum</em></span> <span class='ocrx_word' id='word_1_286' title='bbox 1477 3571 1653 3651; x_wconf 89' lang='lat' dir='ltr'><em>principum</em></span> <span class='ocrx_word' id='word_1_287' title='bbox 1682 3569 1821 3650; x_wconf 83' lang='lat' dir='ltr'><em>beneficia</em></span> <span class='ocrx_word' id='word_1_288' title='bbox 1853 3573 2099 3655; x_wconf 68' lang='lat' dir='ltr'><em>mensuretur),</em></span> 
     </span>
     <span class='ocr_line' id='line_1_27' title="bbox 472 3687 2104 3773; baseline 0.001 -19"><span class='ocrx_word' id='word_1_289' title='bbox 472 3695 604 3755; x_wconf 89' lang='lat' dir='ltr'><em>senatus</em></span> <span class='ocrx_word' id='word_1_290' title='bbox 625 3695 734 3755; x_wconf 91' lang='lat' dir='ltr'><em>autem</em></span> <span class='ocrx_word' id='word_1_291' title='bbox 757 3694 897 3756; x_wconf 88' lang='lat' dir='ltr'><em>statuam</em></span> <span class='ocrx_word' id='word_1_292' title='bbox 920 3688 952 3753; x_wconf 89' lang='lat' dir='ltr'><em>ei</em></span> <span class='ocrx_word' id='word_1_293' title='bbox 973 3688 1015 3753; x_wconf 89' lang='lat' dir='ltr'><em>ab</em></span> <span class='ocrx_word' id='word_1_294' title='bbox 1037 3687 1283 3773; x_wconf 84' lang='lat' dir='ltr'><em>imperatoribus</em></span> <span class='ocrx_word' id='word_1_295' title='bbox 1305 3688 1545 3773; x_wconf 80' lang='lat' dir='ltr'><em>impetravit⁴¹⁰l</em></span> <span class='ocrx_word' id='word_1_296' title='bbox 1572 3688 1710 3754; x_wconf 82' lang='lat' dir='ltr'><em>fortasse</em></span> <span class='ocrx_word' id='word_1_297' title='bbox 1732 3688 1884 3771; x_wconf 85' lang='lat' dir='ltr'><em>eandem,</em></span> <span class='ocrx_word' id='word_1_298' title='bbox 1912 3689 2003 3755; x_wconf 91' lang='lat' dir='ltr'><em>cuius</em></span> <span class='ocrx_word' id='word_1_299' title='bbox 2025 3691 2104 3756; x_wconf 89' lang='lat' dir='ltr'><em>reli-</em></span> 
     </span>
     <span class='ocr_line' id='line_1_28' title="bbox 471 3801 2102 3895; baseline 0.001 -20"><span class='ocrx_word' id='word_1_300' title='bbox 471 3810 567 3891; x_wconf 89' lang='lat' dir='ltr'><em>quiae</em></span> <span class='ocrx_word' id='word_1_301' title='bbox 597 3829 700 3895; x_wconf 88' lang='lat' dir='ltr'><em>nuper</em></span> <span class='ocrx_word' id='word_1_302' title='bbox 730 3810 764 3875; x_wconf 93' lang='lat' dir='ltr'><em>in</em></span> <span class='ocrx_word' id='word_1_303' title='bbox 797 3808 866 3874; x_wconf 88' lang='lat' dir='ltr'><em>iero</em></span> <span class='ocrx_word' id='word_1_304' title='bbox 896 3801 1041 3874; x_wconf 87' lang='lat' dir='ltr'><em>Romano</em></span> <span class='ocrx_word' id='word_1_305' title='bbox 1073 3814 1221 3893; x_wconf 89' lang='lat' dir='ltr'><em>repertae</em></span> <span class='ocrx_word' id='word_1_306' title='bbox 1251 3814 1325 3873; x_wconf 91' lang='lat' dir='ltr'><em>sunt</em></span> <span class='ocrx_word' id='word_1_307' title='bbox 1357 3808 1469 3890; x_wconf 88' lang='lat' dir='ltr'><em>(Inscr.</em></span> <span class='ocrx_word' id='word_1_308' title='bbox 1503 3810 1546 3893; x_wconf 89' lang='grc'><em>6),</em></span> <span class='ocrx_word' id='word_1_309' title='bbox 1584 3808 1748 3892; x_wconf 86' lang='lat' dir='ltr'><em>aliamque</em></span> <span class='ocrx_word' id='word_1_310' title='bbox 1779 3810 1923 3893; x_wconf 83' lang='lat' dir='ltr'><em>uirgines</em></span> <span class='ocrx_word' id='word_1_311' title='bbox 1952 3810 2102 3877; x_wconf 88' lang='lat' dir='ltr'><em>Vestales</em></span> 
     </span>
     <span class='ocr_line' id='line_1_29' title="bbox 471 3929 1236 4014; baseline -0.003 -19"><span class='ocrx_word' id='word_1_312' title='bbox 471 3950 594 3997; x_wconf 89' lang='lat' dir='ltr'><em>summo</em></span> <span class='ocrx_word' id='word_1_313' title='bbox 617 3950 779 3997; x_wconf 89' lang='lat' dir='ltr'><em>sacromm</em></span> <span class='ocrx_word' id='word_1_314' title='bbox 800 3929 965 3999; x_wconf 85' lang='lat' dir='ltr'><em>defensori</em></span> <span class='ocrx_word' id='word_1_315' title='bbox 986 3930 1236 4014; x_wconf 77' lang='lat' dir='ltr'><em>posuemnt⁴¹¹).</em></span> 
     </span>
    </p>
   </div>
   <div class='ocr_carea' id='block_1_3' title="bbox 1131 4158 1439 4166">
    <p class='ocr_par' dir='ltr' id='par_1_4' title="bbox 1131 4158 1439 4166">
     <span class='ocr_line' id='line_1_30' title="bbox 1131 4158 1439 4166; baseline 0.006 -2"><span class='ocrx_word' id='word_1_316' title='bbox 1131 4158 1439 4166; x_wconf 74' lang='lat'>————</span> 
     </span>
    </p>
   </div>
   <div class='ocr_carea' id='block_1_4' title="bbox 464 4348 2099 5717">
    <p class='ocr_par' dir='ltr' id='par_1_5' title="bbox 468 4348 2099 4513">
     <span class='ocr_line' id='line_1_31' title="bbox 469 4348 2099 4428; baseline 0.004 -20"><span class='ocrx_word' id='word_1_317' title='bbox 469 4361 495 4410; x_wconf 94' lang='grc'><em>6.</em></span> <span class='ocrx_word' id='word_1_318' title='bbox 518 4360 549 4411; x_wconf 92' lang='grc'><em>18</em></span> <span class='ocrx_word' id='word_1_319' title='bbox 568 4363 631 4413; x_wconf 84' lang='lat' dir='ltr'><em>Nor.</em></span> <span class='ocrx_word' id='word_1_320' title='bbox 651 4362 701 4411; x_wconf 97' lang='grc'><em>367</em></span> <span class='ocrx_word' id='word_1_321' title='bbox 722 4362 781 4411; x_wconf 88' lang='grc'>666.</span> <span class='ocrx_word' id='word_1_322' title='bbox 803 4362 897 4413; x_wconf 79' lang='lat' dir='ltr'><em>Theou.</em></span> <span class='ocrx_word' id='word_1_323' title='bbox 918 4362 955 4410; x_wconf 86' lang='lat' dir='ltr'><em>Vl</em></span> <span class='ocrx_word' id='word_1_324' title='bbox 974 4360 1016 4424; x_wconf 87' lang='grc'><em>35,</em></span> <span class='ocrx_word' id='word_1_325' title='bbox 1039 4362 1064 4413; x_wconf 88' lang='grc'>7.</span> <span class='ocrx_word' id='word_1_326' title='bbox 1101 4363 1126 4412; x_wconf 93' lang='grc'><em>6.</em></span> <span class='ocrx_word' id='word_1_327' title='bbox 1148 4361 1253 4412; x_wconf 88' lang='grc'>36166.</span> <span class='ocrx_word' id='word_1_328' title='bbox 1273 4363 1323 4415; x_wconf 92' lang='grc'><em>368</em></span> <span class='ocrx_word' id='word_1_329' title='bbox 1342 4362 1404 4413; x_wconf 79' lang='lat' dir='ltr'><em>eod.</em></span> <span class='ocrx_word' id='word_1_330' title='bbox 1425 4362 1518 4411; x_wconf 79' lang='grc'>216666.</span> <span class='ocrx_word' id='word_1_331' title='bbox 1538 4362 1602 4411; x_wconf 86' lang='lat' dir='ltr'>IIIII</span> <span class='ocrx_word' id='word_1_332' title='bbox 1621 4361 1646 4426; x_wconf 85' lang='lat'><em>3,</em></span> <span class='ocrx_word' id='word_1_333' title='bbox 1667 4362 1691 4413; x_wconf 83' lang='lat'><em>8.</em></span> <span class='ocrx_word' id='word_1_334' title='bbox 1729 4363 1753 4411; x_wconf 90' lang='grc'><em>6.</em></span> <span class='ocrx_word' id='word_1_335' title='bbox 1777 4363 1807 4412; x_wconf 92' lang='grc'><em>12</em></span> <span class='ocrx_word' id='word_1_336' title='bbox 1826 4365 1884 4414; x_wconf 90' lang='grc'>166.</span> <span class='ocrx_word' id='word_1_337' title='bbox 1906 4362 1956 4414; x_wconf 86' lang='grc'><em>368</em></span> <span class='ocrx_word' id='word_1_338' title='bbox 1981 4348 2099 4428; x_wconf 67' lang='grc'>14666616</span> 
     </span>
     <span class='ocr_line' id='line_1_32' title="bbox 468 4446 1940 4513; baseline 0.005 -20"><span class='ocrx_word' id='word_1_339' title='bbox 468 4451 522 4494; x_wconf 89' lang='lat' dir='ltr'><em>tum</em></span> <span class='ocrx_word' id='word_1_340' title='bbox 541 4447 631 4496; x_wconf 88' lang='grc'>6661616</span> <span class='ocrx_word' id='word_1_341' title='bbox 650 4449 766 4498; x_wconf 79' lang='lat' dir='ltr'><em>Vaticani</em></span> <span class='ocrx_word' id='word_1_342' title='bbox 785 4448 851 4512; x_wconf 96' lang='grc'>6666</span> <span class='ocrx_word' id='word_1_343' title='bbox 870 4449 1005 4497; x_wconf 76' lang='grc'>1366661666</span> <span class='ocrx_word' id='word_1_344' title='bbox 1022 4462 1083 4499; x_wconf 87' lang='grc'>666.</span> <span class='ocrx_word' id='word_1_345' title='bbox 1103 4450 1163 4498; x_wconf 87' lang='lat' dir='ltr'><em>ecel.</em></span> <span class='ocrx_word' id='word_1_346' title='bbox 1183 4449 1220 4498; x_wconf 82' lang='lat' dir='ltr'><em>IV</em></span> <span class='ocrx_word' id='word_1_347' title='bbox 1238 4463 1265 4512; x_wconf 89' lang='lat' dir='ltr'><em>p.</em></span> <span class='ocrx_word' id='word_1_348' title='bbox 1286 4448 1346 4498; x_wconf 88' lang='grc'>221.</span> <span class='ocrx_word' id='word_1_349' title='bbox 1383 4449 1408 4497; x_wconf 93' lang='grc'><em>6.</em></span> <span class='ocrx_word' id='word_1_350' title='bbox 1428 4447 1462 4498; x_wconf 96' lang='grc'><em>26</em></span> <span class='ocrx_word' id='word_1_351' title='bbox 1481 4448 1550 4510; x_wconf 88' lang='lat' dir='ltr'><em>Sept.</em></span> <span class='ocrx_word' id='word_1_352' title='bbox 1571 4446 1622 4497; x_wconf 89' lang='grc'><em>368</em></span> <span class='ocrx_word' id='word_1_353' title='bbox 1641 4448 1700 4497; x_wconf 87' lang='grc'>666.</span> <span class='ocrx_word' id='word_1_354' title='bbox 1722 4449 1816 4498; x_wconf 80' lang='lat' dir='ltr'><em>Theou.</em></span> <span class='ocrx_word' id='word_1_355' title='bbox 1837 4451 1849 4497; x_wconf 91' lang='grc' dir='ltr'><strong>Ι</strong></span> <span class='ocrx_word' id='word_1_356' title='bbox 1869 4448 1893 4513; x_wconf 91' lang='grc'><em>6,</em></span> <span class='ocrx_word' id='word_1_357' title='bbox 1915 4449 1940 4500; x_wconf 89' lang='grc'><em>6.</em></span> 
     </span>
    </p>

    <p class='ocr_par' dir='ltr' id='par_1_6' title="bbox 555 4533 982 4593">
     <span class='ocr_line' id='line_1_33' title="bbox 555 4533 982 4593; baseline 0.005 -11"><span class='ocrx_word' id='word_1_358' title='bbox 555 4533 614 4593; x_wconf 92' lang='grc'>464)</span> <span class='ocrx_word' id='word_1_359' title='bbox 635 4533 694 4583; x_wconf 85' lang='grc'>666.</span> <span class='ocrx_word' id='word_1_360' title='bbox 716 4534 810 4583; x_wconf 77' lang='lat' dir='ltr'><em>Theou</em></span> <span class='ocrx_word' id='word_1_361' title='bbox 830 4533 893 4583; x_wconf 83' lang='lat' dir='ltr'><em>XIV</em></span> <span class='ocrx_word' id='word_1_362' title='bbox 911 4533 936 4593; x_wconf 83' lang='lat'><em>8,</em></span> <span class='ocrx_word' id='word_1_363' title='bbox 958 4533 982 4584; x_wconf 96' lang='grc'>2.</span> 
     </span>
    </p>

    <p class='ocr_par' dir='ltr' id='par_1_7' title="bbox 555 4618 2009 4685">
     <span class='ocr_line' id='line_1_34' title="bbox 555 4618 2009 4685; baseline 0.001 -16"><span class='ocrx_word' id='word_1_364' title='bbox 555 4618 616 4683; x_wconf 89' lang='grc'>465)</span> <span class='ocrx_word' id='word_1_365' title='bbox 636 4620 748 4669; x_wconf 78' lang='lat' dir='ltr'><em>Eandem</em></span> <span class='ocrx_word' id='word_1_366' title='bbox 767 4634 819 4668; x_wconf 90' lang='lat' dir='ltr'><em>rem</em></span> <span class='ocrx_word' id='word_1_367' title='bbox 838 4626 953 4682; x_wconf 79' lang='lat' dir='ltr'><em>spectant</em></span> <span class='ocrx_word' id='word_1_368' title='bbox 972 4623 1166 4671; x_wconf 85' lang='lat' dir='ltr'><em>constitutiones</em></span> <span class='ocrx_word' id='word_1_369' title='bbox 1185 4622 1274 4670; x_wconf 89' lang='grc'>6661616</span> <span class='ocrx_word' id='word_1_370' title='bbox 1292 4620 1409 4669; x_wconf 80' lang='lat' dir='ltr'><em>Vaticani</em></span> <span class='ocrx_word' id='word_1_371' title='bbox 1427 4636 1442 4668; x_wconf 90' lang='grc'><em>6</em></span> <span class='ocrx_word' id='word_1_372' title='bbox 1459 4620 1565 4670; x_wconf 83' lang='lat' dir='ltr'><em>Beroniu</em></span> <span class='ocrx_word' id='word_1_373' title='bbox 1583 4635 1642 4669; x_wconf 83' lang='lat' dir='ltr'><em>ann.</em></span> <span class='ocrx_word' id='word_1_374' title='bbox 1664 4623 1724 4671; x_wconf 88' lang='lat' dir='ltr'><em>eeel.</em></span> <span class='ocrx_word' id='word_1_375' title='bbox 1745 4622 1782 4670; x_wconf 84' lang='lat' dir='ltr'><em>Iv</em></span> <span class='ocrx_word' id='word_1_376' title='bbox 1800 4637 1826 4685; x_wconf 88' lang='lat' dir='ltr'><em>p.</em></span> <span class='ocrx_word' id='word_1_377' title='bbox 1848 4621 1896 4672; x_wconf 91' lang='grc'><em>221</em></span> <span class='ocrx_word' id='word_1_378' title='bbox 1917 4623 2009 4671; x_wconf 75' lang='lat' dir='ltr'><em>editae.</em></span> 
     </span>
    </p>

    <p class='ocr_par' dir='ltr' id='par_1_8' title="bbox 464 4704 2099 5114">
     <span class='ocr_line' id='line_1_35' title="bbox 555 4704 2095 4770; baseline 0.003 -17"><span class='ocrx_word' id='word_1_379' title='bbox 555 4704 621 4769; x_wconf 88' lang='grc'>466)</span> <span class='ocrx_word' id='word_1_380' title='bbox 635 4709 714 4755; x_wconf 88' lang='lat' dir='ltr'><em>Inscr.</em></span> <span class='ocrx_word' id='word_1_381' title='bbox 734 4707 750 4755; x_wconf 90' lang='grc'>4</span> <span class='ocrx_word' id='word_1_382' title='bbox 774 4707 856 4767; x_wconf 75' lang='lat' dir='ltr'><em>leuata</em></span> <span class='ocrx_word' id='word_1_383' title='bbox 878 4709 1027 4768; x_wconf 76' lang='lat' dir='ltr'><em>amplissimi</em></span> <span class='ocrx_word' id='word_1_384' title='bbox 1052 4706 1146 4756; x_wconf 82' lang='lat' dir='ltr'><em>ordinis</em></span> <span class='ocrx_word' id='word_1_385' title='bbox 1170 4711 1257 4770; x_wconf 86' lang='lat' dir='ltr'><em>septies</em></span> <span class='ocrx_word' id='word_1_386' title='bbox 1280 4712 1303 4755; x_wconf 88' lang='lat' dir='ltr'><em>et</em></span> <span class='ocrx_word' id='word_1_387' title='bbox 1326 4706 1360 4755; x_wconf 85' lang='lat' dir='ltr'><em>ad</em></span> <span class='ocrx_word' id='word_1_388' title='bbox 1384 4706 1569 4768; x_wconf 83' lang='lat' dir='ltr'><em>impetrandum</em></span> <span class='ocrx_word' id='word_1_389' title='bbox 1592 4707 1664 4755; x_wconf 84' lang='lat' dir='ltr'><em>rebus</em></span> <span class='ocrx_word' id='word_1_390' title='bbox 1686 4707 1772 4756; x_wconf 84' lang='lat' dir='ltr'><em>arduis</em></span> <span class='ocrx_word' id='word_1_391' title='bbox 1789 4723 1883 4769; x_wconf 76' lang='grc'>6666666</span> <span class='ocrx_word' id='word_1_392' title='bbox 1900 4713 2024 4770; x_wconf 87' lang='lat' dir='ltr'><em>opposito.</em></span> <span class='ocrx_word' id='word_1_393' title='bbox 2061 4711 2095 4759; x_wconf 88' lang='lat' dir='ltr'><em>ei.</em></span> 
     </span>
     <span class='ocr_line' id='line_1_36' title="bbox 466 4791 2099 4856; baseline 0.002 -17"><span class='ocrx_word' id='word_1_394' title='bbox 466 4791 545 4841; x_wconf 87' lang='lat' dir='ltr'><em>Inscr.</em></span> <span class='ocrx_word' id='word_1_395' title='bbox 566 4791 591 4841; x_wconf 86' lang='grc'>3.</span> <span class='ocrx_word' id='word_1_396' title='bbox 617 4794 700 4841; x_wconf 80' lang='lat' dir='ltr'><em>Arum.</em></span> <span class='ocrx_word' id='word_1_397' title='bbox 721 4793 833 4842; x_wconf 84' lang='lat' dir='ltr'><em>xxvnl</em></span> <span class='ocrx_word' id='word_1_398' title='bbox 853 4792 878 4856; x_wconf 91' lang='lat'><em>1,</em></span> <span class='ocrx_word' id='word_1_399' title='bbox 899 4792 931 4842; x_wconf 82' lang='lat'><em>24</em></span> <span class='ocrx_word' id='word_1_400' title='bbox 949 4794 983 4843; x_wconf 93' lang='grc'><em>66</em></span> <span class='ocrx_word' id='word_1_401' title='bbox 1000 4795 1105 4842; x_wconf 79' lang='lat' dir='ltr'><em>saevitia</em></span> <span class='ocrx_word' id='word_1_402' title='bbox 1122 4794 1255 4844; x_wconf 79' lang='lat' dir='ltr'><em>Maximini</em></span> <span class='ocrx_word' id='word_1_403' title='bbox 1274 4794 1361 4842; x_wconf 83' lang='lat' dir='ltr'><em>vicarii</em></span> <span class='ocrx_word' id='word_1_404' title='bbox 1379 4793 1449 4842; x_wconf 86' lang='lat' dir='ltr'><em>urbis</em></span> <span class='ocrx_word' id='word_1_405' title='bbox 1466 4794 1567 4842; x_wconf 86' lang='lat' dir='ltr'><em>loeutus</em></span> <span class='ocrx_word' id='word_1_406' title='bbox 1584 4795 1681 4856; x_wconf 77' lang='lat' dir='ltr'><em>pergit:</em></span> <span class='ocrx_word' id='word_1_407' title='bbox 1702 4799 1725 4842; x_wconf 89' lang='lat' dir='ltr'><em>et</em></span> <span class='ocrx_word' id='word_1_408' title='bbox 1742 4809 1774 4844; x_wconf 90' lang='lat' dir='ltr'><em>ne</em></span> <span class='ocrx_word' id='word_1_409' title='bbox 1791 4799 1826 4844; x_wconf 87' lang='lat' dir='ltr'><em>iot</em></span> <span class='ocrx_word' id='word_1_410' title='bbox 1843 4797 1917 4843; x_wconf 79' lang='lat' dir='ltr'><em>inuiis</em></span> <span class='ocrx_word' id='word_1_411' title='bbox 1935 4795 2099 4844; x_wconf 76' lang='lat' dir='ltr'><em>dissisnuiatis</em></span> 
     </span>
     <span class='ocr_line' id='line_1_37' title="bbox 465 4879 2098 4943; baseline 0.001 -16"><span class='ocrx_word' id='word_1_412' title='bbox 465 4880 636 4941; x_wconf 81' lang='lat' dir='ltr'><em>paulatimque</em></span> <span class='ocrx_word' id='word_1_413' title='bbox 660 4879 811 4940; x_wconf 84' lang='lat' dir='ltr'><em>serpentibus</em></span> <span class='ocrx_word' id='word_1_414' title='bbox 829 4882 911 4928; x_wconf 82' lang='lat' dir='ltr'><em>acervi</em></span> <span class='ocrx_word' id='word_1_415' title='bbox 927 4886 1060 4930; x_wconf 74' lang='lat' dir='ltr'><em>aracaeus</em></span> <span class='ocrx_word' id='word_1_416' title='bbox 1078 4894 1268 4943; x_wconf 80' lang='lat' dir='ltr'><em>seruornarum,</em></span> <span class='ocrx_word' id='word_1_417' title='bbox 1295 4879 1431 4928; x_wconf 88' lang='lat' dir='ltr'><em>nobilitatis</em></span> <span class='ocrx_word' id='word_1_418' title='bbox 1449 4881 1544 4929; x_wconf 86' lang='lat' dir='ltr'><em>decreto</em></span> <span class='ocrx_word' id='word_1_419' title='bbox 1563 4883 1637 4941; x_wconf 80' lang='lat' dir='ltr'><em>lepati</em></span> <span class='ocrx_word' id='word_1_420' title='bbox 1654 4884 1790 4930; x_wconf 82' lang='lat' dir='ltr'><em>mittuntur</em></span> <span class='ocrx_word' id='word_1_421' title='bbox 1808 4879 1978 4931; x_wconf 72' lang='lat' dir='ltr'><em>Praetextatus</em></span> <span class='ocrx_word' id='word_1_422' title='bbox 1995 4895 2024 4929; x_wconf 77' lang='lat' dir='ltr'><em>es</em></span> <span class='ocrx_word' id='word_1_423' title='bbox 2041 4882 2098 4930; x_wconf 84' lang='lat' dir='ltr'><em>urbi</em></span> 
     </span>
     <span class='ocr_line' id='line_1_38' title="bbox 464 4952 2096 5029; baseline 0.004 -18"><span class='ocrx_word' id='word_1_424' title='bbox 464 4963 593 5025; x_wconf 78' lang='lat' dir='ltr'><em>praesecto</em></span> <span class='ocrx_word' id='word_1_425' title='bbox 611 4969 634 5012; x_wconf 89' lang='lat' dir='ltr'><em>et</em></span> <span class='ocrx_word' id='word_1_426' title='bbox 652 4979 681 5013; x_wconf 80' lang='lat' dir='ltr'><em>en</em></span> <span class='ocrx_word' id='word_1_427' title='bbox 697 4968 790 5014; x_wconf 83' lang='lat' dir='ltr'><em>vicaria</em></span> <span class='ocrx_word' id='word_1_428' title='bbox 812 4967 936 5014; x_wconf 84' lang='lat' dir='ltr'><em>Venustus</em></span> <span class='ocrx_word' id='word_1_429' title='bbox 954 4971 976 5014; x_wconf 84' lang='lat' dir='ltr'><em>et</em></span> <span class='ocrx_word' id='word_1_430' title='bbox 994 4952 1023 5014; x_wconf 59' lang='lat' dir='ltr'><em>e&#39;n</em></span> <span class='ocrx_word' id='word_1_431' title='bbox 1039 4968 1165 5016; x_wconf 75' lang='lat' dir='ltr'><em>consulari</em></span> <span class='ocrx_word' id='word_1_432' title='bbox 1184 4965 1320 5015; x_wconf 71' lang='lat' dir='ltr'><em>Hieremias</em></span> <span class='ocrx_word' id='word_1_433' title='bbox 1338 4969 1442 5028; x_wconf 70' lang='grc'>6661661,</span> <span class='ocrx_word' id='word_1_434' title='bbox 1460 4980 1492 5015; x_wconf 87' lang='lat' dir='ltr'><em>ne</em></span> <span class='ocrx_word' id='word_1_435' title='bbox 1510 4966 1605 5015; x_wconf 82' lang='lat' dir='ltr'><em>delictis</em></span> <span class='ocrx_word' id='word_1_436' title='bbox 1621 4970 1745 5029; x_wconf 84' lang='lat' dir='ltr'><em>supplicia</em></span> <span class='ocrx_word' id='word_1_437' title='bbox 1763 4971 1813 5016; x_wconf 87' lang='lat' dir='ltr'><em>sint</em></span> <span class='ocrx_word' id='word_1_438' title='bbox 1829 4967 1963 5029; x_wconf 81' lang='lat' dir='ltr'><em>prandiam</em></span> <span class='ocrx_word' id='word_1_439' title='bbox 1979 4983 2040 5017; x_wconf 86' lang='lat' dir='ltr'><em>neue</em></span> <span class='ocrx_word' id='word_1_440' title='bbox 2057 4981 2096 5016; x_wconf 87' lang='lat' dir='ltr'><em>se-</em></span> 
     </span>
     <span class='ocr_line' id='line_1_39' title="bbox 466 5052 1392 5114; baseline 0.003 -16"><span class='ocrx_word' id='word_1_441' title='bbox 466 5056 541 5101; x_wconf 83' lang='lat' dir='ltr'><em>nator</em></span> <span class='ocrx_word' id='word_1_442' title='bbox 559 5054 690 5113; x_wconf 84' lang='lat' dir='ltr'><em>quisquam</em></span> <span class='ocrx_word' id='word_1_443' title='bbox 708 5052 825 5100; x_wconf 86' lang='lat' dir='ltr'><em>inusitato</em></span> <span class='ocrx_word' id='word_1_444' title='bbox 843 5057 867 5100; x_wconf 86' lang='lat' dir='ltr'><em>et</em></span> <span class='ocrx_word' id='word_1_445' title='bbox 885 5053 978 5103; x_wconf 85' lang='lat' dir='ltr'><em>inlicita</em></span> <span class='ocrx_word' id='word_1_446' title='bbox 996 5066 1063 5102; x_wconf 86' lang='lat' dir='ltr'><em>mere</em></span> <span class='ocrx_word' id='word_1_447' title='bbox 1081 5054 1209 5102; x_wconf 74' lang='lat' dir='ltr'><em>temnentis</em></span> <span class='ocrx_word' id='word_1_448' title='bbox 1226 5057 1392 5114; x_wconf 69' lang='lat' dir='ltr'><em>exponeretur.</em></span> 
     </span>
    </p>

    <p class='ocr_par' dir='ltr' id='par_1_9' title="bbox 553 5135 1881 5203">
     <span class='ocr_line' id='line_1_40' title="bbox 553 5135 1881 5203; baseline 0.002 -18"><span class='ocrx_word' id='word_1_449' title='bbox 553 5136 613 5198; x_wconf 89' lang='grc'>467)</span> <span class='ocrx_word' id='word_1_450' title='bbox 633 5135 677 5199; x_wconf 92' lang='grc'><em>24,</em></span> <span class='ocrx_word' id='word_1_451' title='bbox 698 5136 710 5186; x_wconf 92' lang='grc'><em>1</em></span> <span class='ocrx_word' id='word_1_452' title='bbox 730 5142 826 5186; x_wconf 85' lang='lat' dir='ltr'><em>statuas</em></span> <span class='ocrx_word' id='word_1_453' title='bbox 844 5141 917 5187; x_wconf 79' lang='grc'>66666</span> <span class='ocrx_word' id='word_1_454' title='bbox 934 5141 1058 5200; x_wconf 83' lang='lat' dir='ltr'><em>recepistis</em></span> <span class='ocrx_word' id='word_1_455' title='bbox 1076 5139 1161 5188; x_wconf 85' lang='lat' dir='ltr'><em>iisdem</em></span> <span class='ocrx_word' id='word_1_456' title='bbox 1176 5153 1256 5202; x_wconf 84' lang='lat' dir='ltr'><em>paene</em></span> <span class='ocrx_word' id='word_1_457' title='bbox 1271 5139 1360 5200; x_wconf 85' lang='lat' dir='ltr'><em>popuii</em></span> <span class='ocrx_word' id='word_1_458' title='bbox 1377 5137 1608 5203; x_wconf 69' lang='lat' dir='ltr'><em>monmorentius,</em></span> <span class='ocrx_word' id='word_1_459' title='bbox 1630 5139 1716 5202; x_wconf 85' lang='lat' dir='ltr'><em>quibus</em></span> <span class='ocrx_word' id='word_1_460' title='bbox 1734 5142 1881 5189; x_wconf 84' lang='lat' dir='ltr'><em>amiseratis.</em></span> 
     </span>
    </p>

    <p class='ocr_par' dir='ltr' id='par_1_10' title="bbox 464 5221 2094 5460">
     <span class='ocr_line' id='line_1_41' title="bbox 552 5221 2093 5289; baseline 0.003 -18"><span class='ocrx_word' id='word_1_461' title='bbox 552 5221 612 5286; x_wconf 92' lang='grc'>468)</span> <span class='ocrx_word' id='word_1_462' title='bbox 633 5223 673 5272; x_wconf 91' lang='lat' dir='ltr'><em>De</em></span> <span class='ocrx_word' id='word_1_463' title='bbox 690 5224 847 5286; x_wconf 84' lang='lat' dir='ltr'><em>prseteetnrs</em></span> <span class='ocrx_word' id='word_1_464' title='bbox 864 5224 1018 5276; x_wconf 79' lang='lat' dir='ltr'><em>Praetextati</em></span> <span class='ocrx_word' id='word_1_465' title='bbox 1036 5241 1061 5275; x_wconf 84' lang='lat' dir='ltr'><em>r.</em></span> <span class='ocrx_word' id='word_1_466' title='bbox 1080 5232 1179 5289; x_wconf 84' lang='lat' dir='ltr'><em>prester</em></span> <span class='ocrx_word' id='word_1_467' title='bbox 1195 5227 1261 5275; x_wconf 89' lang='grc'>16666</span> <span class='ocrx_word' id='word_1_468' title='bbox 1279 5228 1306 5274; x_wconf 88' lang='grc'><em>16</em></span> <span class='ocrx_word' id='word_1_469' title='bbox 1323 5226 1381 5275; x_wconf 82' lang='lat' dir='ltr'><em>adn.</em></span> <span class='ocrx_word' id='word_1_470' title='bbox 1396 5224 1446 5275; x_wconf 88' lang='grc'><em>216</em></span> <span class='ocrx_word' id='word_1_471' title='bbox 1465 5226 1577 5274; x_wconf 79' lang='lat' dir='ltr'><em>laudatos</em></span> <span class='ocrx_word' id='word_1_472' title='bbox 1595 5227 1653 5276; x_wconf 86' lang='grc'>666.</span> <span class='ocrx_word' id='word_1_473' title='bbox 1675 5228 1739 5277; x_wconf 83' lang='lat' dir='ltr'><em>luet.</em></span> <span class='ocrx_word' id='word_1_474' title='bbox 1760 5229 1770 5275; x_wconf 95' lang='lat' dir='ltr'>I</span> <span class='ocrx_word' id='word_1_475' title='bbox 1791 5227 1832 5289; x_wconf 91' lang='grc'><em>54,</em></span> <span class='ocrx_word' id='word_1_476' title='bbox 1852 5227 1868 5274; x_wconf 88' lang='grc'>5</span> <span class='ocrx_word' id='word_1_477' title='bbox 1887 5227 1939 5276; x_wconf 83' lang='lat' dir='ltr'><em>(ist.</em></span> <span class='ocrx_word' id='word_1_478' title='bbox 1953 5228 1977 5277; x_wconf 93' lang='grc'><em>6.</em></span> <span class='ocrx_word' id='word_1_479' title='bbox 1992 5225 2009 5276; x_wconf 89' lang='grc'>9</span> <span class='ocrx_word' id='word_1_480' title='bbox 2022 5226 2093 5289; x_wconf 82' lang='lat' dir='ltr'><em>Sept.</em></span> 
     </span>
     <span class='ocr_line' id='line_1_42' title="bbox 465 5296 2094 5377; baseline 0.001 -18"><span class='ocrx_word' id='word_1_481' title='bbox 465 5324 489 5360; x_wconf 85' lang='grc'><em>6.</em></span> <span class='ocrx_word' id='word_1_482' title='bbox 504 5308 570 5374; x_wconf 70' lang='grc' dir='ltr'>384ς</span> <span class='ocrx_word' id='word_1_483' title='bbox 590 5309 622 5359; x_wconf 88' lang='grc'><em>66</em></span> <span class='ocrx_word' id='word_1_484' title='bbox 639 5314 718 5359; x_wconf 86' lang='lat' dir='ltr'><em>morte</em></span> <span class='ocrx_word' id='word_1_485' title='bbox 736 5312 793 5358; x_wconf 89' lang='grc'>6166</span> <span class='ocrx_word' id='word_1_486' title='bbox 810 5325 835 5359; x_wconf 84' lang='lat' dir='ltr'><em>v.</em></span> <span class='ocrx_word' id='word_1_487' title='bbox 854 5311 913 5360; x_wconf 84' lang='grc'>666.</span> <span class='ocrx_word' id='word_1_488' title='bbox 934 5309 985 5360; x_wconf 90' lang='grc'><em>219</em></span> <span class='ocrx_word' id='word_1_489' title='bbox 1003 5319 1030 5361; x_wconf 86' lang='lat' dir='ltr'><em>et</em></span> <span class='ocrx_word' id='word_1_490' title='bbox 1048 5312 1143 5373; x_wconf 82' lang='lat' dir='ltr'><em>Symm.</em></span> <span class='ocrx_word' id='word_1_491' title='bbox 1163 5313 1207 5360; x_wconf 89' lang='lat' dir='ltr'><em>rel.</em></span> <span class='ocrx_word' id='word_1_492' title='bbox 1230 5296 1409 5373; x_wconf 80' lang='lat' dir='ltr'><em>10-12.&#39;2I;</em></span> <span class='ocrx_word' id='word_1_493' title='bbox 1429 5312 1534 5362; x_wconf 80' lang='lat' dir='ltr'><em>Hieron.</em></span> <span class='ocrx_word' id='word_1_494' title='bbox 1553 5318 1638 5361; x_wconf 80' lang='lat' dir='ltr'><em>eontra</em></span> <span class='ocrx_word' id='word_1_495' title='bbox 1656 5313 1761 5363; x_wconf 77' lang='lat' dir='ltr'><em>lohann.</em></span> <span class='ocrx_word' id='word_1_496' title='bbox 1782 5314 1882 5361; x_wconf 77' lang='lat' dir='ltr'><em>lileros.</em></span> <span class='ocrx_word' id='word_1_497' title='bbox 1903 5312 1934 5377; x_wconf 79' lang='lat'><em>83</em></span> <span class='ocrx_word' id='word_1_498' title='bbox 1954 5315 2029 5375; x_wconf 86' lang='lat' dir='ltr'><em>epist.</em></span> <span class='ocrx_word' id='word_1_499' title='bbox 2050 5312 2094 5376; x_wconf 89' lang='grc'><em>23,</em></span> 
     </span>
     <span class='ocr_line' id='line_1_43' title="bbox 464 5394 656 5460; baseline 0.005 -16"><span class='ocrx_word' id='word_1_500' title='bbox 464 5394 547 5460; x_wconf 79' lang='grc'><em>2-3;</em></span> <span class='ocrx_word' id='word_1_501' title='bbox 568 5394 610 5459; x_wconf 81' lang='grc'><em>39,</em></span> <span class='ocrx_word' id='word_1_502' title='bbox 631 5394 656 5445; x_wconf 79' lang='grc'>3.</span> 
     </span>
    </p>

    <p class='ocr_par' dir='ltr' id='par_1_11' title="bbox 552 5480 2093 5547">
     <span class='ocr_line' id='line_1_44' title="bbox 552 5480 2093 5547; baseline 0.001 -16"><span class='ocrx_word' id='word_1_503' title='bbox 552 5480 612 5544; x_wconf 91' lang='grc'>469)</span> <span class='ocrx_word' id='word_1_504' title='bbox 634 5481 692 5545; x_wconf 88' lang='grc'>288,</span> <span class='ocrx_word' id='word_1_505' title='bbox 708 5481 755 5544; x_wconf 89' lang='grc'><em>25;</em></span> <span class='ocrx_word' id='word_1_506' title='bbox 775 5482 809 5531; x_wconf 88' lang='grc'><em>61.</em></span> <span class='ocrx_word' id='word_1_507' title='bbox 823 5480 884 5545; x_wconf 87' lang='grc'>289,</span> <span class='ocrx_word' id='word_1_508' title='bbox 902 5482 940 5532; x_wconf 92' lang='grc'><em>15.</em></span> <span class='ocrx_word' id='word_1_509' title='bbox 959 5480 1004 5543; x_wconf 68' lang='lat' dir='ltr'><em>ts,</em></span> <span class='ocrx_word' id='word_1_510' title='bbox 1025 5482 1085 5546; x_wconf 87' lang='grc'>293,</span> <span class='ocrx_word' id='word_1_511' title='bbox 1102 5483 1149 5545; x_wconf 84' lang='grc'><em>14;</em></span> <span class='ocrx_word' id='word_1_512' title='bbox 1170 5484 1273 5532; x_wconf 86' lang='lat' dir='ltr'><em>Hieron.</em></span> <span class='ocrx_word' id='word_1_513' title='bbox 1288 5499 1329 5546; x_wconf 91' lang='lat' dir='ltr'><em>ep.</em></span> <span class='ocrx_word' id='word_1_514' title='bbox 1345 5483 1387 5547; x_wconf 89' lang='grc'><em>23,</em></span> <span class='ocrx_word' id='word_1_515' title='bbox 1403 5485 1418 5533; x_wconf 93' lang='grc'>3</span> <span class='ocrx_word' id='word_1_516' title='bbox 1437 5484 1470 5533; x_wconf 87' lang='grc'><em>66</em></span> <span class='ocrx_word' id='word_1_517' title='bbox 1488 5488 1560 5534; x_wconf 90' lang='lat' dir='ltr'><em>cuius</em></span> <span class='ocrx_word' id='word_1_518' title='bbox 1577 5487 1703 5534; x_wconf 85' lang='lat' dir='ltr'><em>interitum</em></span> <span class='ocrx_word' id='word_1_519' title='bbox 1719 5484 1777 5533; x_wconf 89' lang='lat' dir='ltr'><em>urbs</em></span> <span class='ocrx_word' id='word_1_520' title='bbox 1789 5487 1905 5534; x_wconf 76' lang='grc'>66166666</span> <span class='ocrx_word' id='word_1_521' title='bbox 1916 5489 2038 5534; x_wconf 87' lang='lat' dir='ltr'><em>commeta</em></span> <span class='ocrx_word' id='word_1_522' title='bbox 2049 5489 2093 5533; x_wconf 85' lang='lat' dir='ltr'><em>eei.</em></span> 
     </span>
    </p>

    <p class='ocr_par' dir='ltr' id='par_1_12' title="bbox 528 5566 1811 5629">
     <span class='ocr_line' id='line_1_45' title="bbox 528 5566 1811 5629; baseline 0.001 -12"><span class='ocrx_word' id='word_1_523' title='bbox 528 5576 531 5581; x_wconf 86' lang='lat'>&#39;</span> <span class='ocrx_word' id='word_1_524' title='bbox 551 5566 613 5629; x_wconf 91' lang='grc'>416)</span> <span class='ocrx_word' id='word_1_525' title='bbox 632 5568 728 5629; x_wconf 83' lang='lat' dir='ltr'><em>Symm.</em></span> <span class='ocrx_word' id='word_1_526' title='bbox 747 5569 818 5618; x_wconf 78' lang='lat' dir='ltr'><em>relat.</em></span> <span class='ocrx_word' id='word_1_527' title='bbox 841 5566 881 5617; x_wconf 83' lang='lat'><em>12.</em></span> <span class='ocrx_word' id='word_1_528' title='bbox 1072 5578 1076 5584; x_wconf 90' lang='grc'><em>“</em></span> <span class='ocrx_word' id='word_1_529' title='bbox 1809 5582 1811 5587; x_wconf 93' lang='grc'><em>·</em></span> 
     </span>
    </p>

    <p class='ocr_par' dir='ltr' id='par_1_13' title="bbox 550 5652 886 5717">
     <span class='ocr_line' id='line_1_46' title="bbox 550 5652 886 5717; baseline 0 -15"><span class='ocrx_word' id='word_1_530' title='bbox 550 5652 610 5717; x_wconf 91' lang='grc'>411)</span> <span class='ocrx_word' id='word_1_531' title='bbox 632 5654 675 5715; x_wconf 89' lang='grc'>54,</span> <span class='ocrx_word' id='word_1_532' title='bbox 697 5654 727 5703; x_wconf 90' lang='grc'><em>17</em></span> <span class='ocrx_word' id='word_1_533' title='bbox 735 5673 743 5716; x_wconf 70' lang='grc' dir='ltr'><strong>ς</strong></span> <span class='ocrx_word' id='word_1_534' title='bbox 763 5656 840 5704; x_wconf 86' lang='lat' dir='ltr'><em>laser.</em></span> <span class='ocrx_word' id='word_1_535' title='bbox 862 5654 886 5703; x_wconf 91' lang='grc'>7.</span> 
     </span>
    </p>
   </div>
   <div class='ocr_carea' id='block_1_5' title="bbox 0 0 2366 6470">
    <p class='ocr_par' dir='ltr' id='par_1_14' title="bbox 0 0 2366 6470">
     <span class='ocr_line' id='line_1_47' title="bbox 0 0 2366 6470; baseline 0 4"><span class='ocrx_word' id='word_1_536' title='bbox 0 0 2366 6470; x_wconf 95' lang='lat' dir='ltr'><em> </em></span> 
     </span>
    </p>
   </div>
  </div>
 </body>
</html>
