4736 6478
1107 479 1304 538 SYfflCHl
1322 480 1531 536 EPISTVLAE

1098 933 1169 1007 AD
1195 930 1544 1008 EVPHRASIVM.

1108 1104 1214 1170 nvnr
1235 1104 1374 1186 (nvrm)
1407 1126 1437 1169 a.
1457 1106 1530 1168 aon.

595 1278 728 1342 Annuos
750 1276 862 1361 gaudii
884 1276 1005 1342 fructus
1027 1297 1067 1341 ex
1089 1276 1204 1342 litteris
1225 1276 1290 1341 tuis
1311 1277 1422 1360 oapi03
1454 1276 1538 1341 hunc
1560 1274 1697 1342 reditum
1719 1275 1815 1357 milri,
1841 1274 1900 1341 bau
1922 1295 1999 1359 opes
2021 1275 2135 1360 pendit

509 1379 679 1465 Hispania.
726 1379 835 1464 itaque
865 1380 918 1446 ubi
948 1380 1043 1463 pulsa
1071 1379 1177 1446 bieme
1208 1386 1378 1465 patescunt
1406 1379 1535 1444 navium
1565 1379 1655 1461 viae,
1687 1379 1825 1464 paginas
1852 1385 1924 1444 tuas
1947 1377 2134 1444 commendo

509 1482 626 1563 ventis,
651 1503 732 1565 quas
754 1482 832 1548 milri
853 1483 916 1550 iste
938 1504 1042 1551 annus
1065 1484 1248 1567 frequentes
1270 1483 1411 1567 quidem,
1438 1503 1527 1549 seras
1548 1491 1656 1549 tamen
1677 1483 1826 1549 reddidit.
1866 1504 1941 1548 nam
1956 1482 2135 1548 decedebat
2154 1505 2167 1542 a

509 1593 700 1670 autumnus,
732 1607 804 1653 cum
835 1587 979 1654 homines
1001 1589 1048 1654 tui
1070 1588 1224 1655 Tiberina
1245 1587 1428 1671 tetigerunt.
1477 1587 1551 1652 hinc
1572 1587 1690 1653 factum
1713 1594 1774 1669 est,
1801 1594 1836 1653 ut
1857 1587 2027 1653 haererent
2047 1586 2134 1671 apud

510 1710 568 1756 uos
591 1689 720 1756 delectu
742 1690 969 1773 navigationis.
1015 1691 1137 1758 suadeo
1159 1691 1277 1776 igitur,
1310 1711 1420 1758 eorum
1442 1711 1548 1756 moras
1570 1711 1627 1776 pro
1649 1699 1705 1756 tua
1726 1691 1852 1757 iustitia
1872 1690 1948 1755 boni
1970 1682 2130 1756 consulas.

468 1798 487 1856 2
509 1793 664 1876 quamvis
678 1794 767 1879 prius
787 1793 916 1860 nomine
939 1815 1010 1862 meo
1032 1795 1128 1861 venia
1149 1795 1312 1880 poscenda
1334 1794 1384 1875 sit,
1411 1792 1497 1879 quod
1518 1794 1559 1860 de
1575 1794 1739 1860 curulibus
1754 1794 1846 1877 equis
1860 1799 2010 1876 quattuor
2024 1793 2132 1859 datum

510 1896 589 1962 mihi
611 1919 632 1962 a
653 1905 685 1963 te
707 1900 757 1962 ius
779 1897 945 1964 electionis
967 1898 1140 1965 omiserim.
1179 1899 1277 1965 velim
1301 1898 1425 1979 credas,
1452 1899 1535 1965 hauc
1558 1897 1785 1964 abstinentiam
1801 1917 1864 1962 non
1880 1898 1981 1964 fuisse
1996 1896 2130 1977 fastidii,

510 2000 569 2066 sed
590 1999 667 2084 quia
687 2001 811 2067 nullum
834 2021 943 2067 eorum
965 2002 1041 2086 iugo
1063 2003 1203 2068 alacrem
1226 2003 1278 2068 vel
1301 2002 1396 2068 dorso
1419 2002 1527 2068 mitem
1543 2002 1687 2088 probavi,
1714 2001 1800 2086 optio
1815 2001 1938 2068 meritis
1961 2022 2022 2067 uon
2045 2000 2134 2066 exci-
2156 2022 2184 2061 ro

508 2110 575 2169 tata
609 2103 749 2170 cessavit
775 2103 911 2171 frenata.
963 2112 1151 2189 oportunum
1180 2105 1305 2171 videtur
1334 2105 1535 2190 diligentiam
1563 2112 1651 2172 tuam
1680 2106 1830 2192 precibus
1859 2105 1997 2185 ambire,
2037 2112 2073 2171 ut
2100 2105 2133 2170 in

510 2207 700 2292 praetoriam
723 2208 781 2273 dlii
803 2209 867 2275 mei
888 2207 1084 2275 functionem
1107 2209 1177 2275 visu
1200 2217 1234 2276 et
1255 2229 1349 2276 cursu
1378 2209 1504 2276 nobiles
1525 2215 1766 2295 praeparentur.
1813 2209 1945 2294 gemina
1966 2215 2041 2273 aute
2063 2207 2134 2273 edi-

509 2310 606 2376 tionis
628 2310 819 2379 claritudine
841 2313 875 2379 in
897 2333 934 2378 os
957 2312 1118 2379 homiuum
1141 2313 1304 2380 venimus:
1338 2312 1601 2380 satisfaciendum
1632 2313 1758 2380 videtur
1787 2312 2017 2399 expectationi,
2050 2332 2133 2395 quae

468 2420 486 2480 3
509 2413 610 2480 crevit
632 2414 800 2499 exemplis.
846 2436 945 2499 quare
966 2416 1068 2481 amori
1089 2424 1144 2483 tuo
1165 2417 1274 2483 laudis
1302 2424 1431 2495 nostrae
1459 2416 1646 2483 commendo
1675 2437 1823 2498 causam,
1855 2437 1939 2499 qnae
1968 2415 2133 2501 paulisper
2212 2430 2218 2451 1

509 2535 675 2582 censuram
699 2518 786 2584 vitae
807 2526 883 2586 tuae
905 2519 1161 2604 gravitatemque
1182 2521 1282 2586 animi
1304 2521 1347 2587 ad
1374 2522 1549 2606 populares
1578 2541 1675 2586 auras
1698 2520 1796 2587 debet
1816 2519 1990 2586 inflectere.
2038 2518 2132 2584 domo
2155 2540 2183 2579 rs

509 2620 643 2706 pretium
672 2621 892 2706 adportabitur
919 2629 974 2689 tuo
1002 2624 1158 2691 arbitratu
1186 2625 1340 2690 nobilium
1362 2624 1590 2709 quadrigarum
1613 2623 1751 2690 dominis
1780 2622 1996 2701 inferendum3
2031 2622 2132 2687 solam

509 2725 550 2791 de
572 2724 715 2792 amicitia
736 2734 793 2792 tua
815 2727 980 2793 electionis
1002 2748 1111 2794 curam
1140 2728 1268 2811 requiro
1298 2729 1385 2794 iactu
1414 2728 1560 2808 facilem,
1595 2748 1665 2794 cum
1690 2726 1733 2793 sit
1762 2726 1854 2793 dives
1876 2726 1986 2809 equini
2009 2725 2134 2810 pecoris

508 2827 667 2914 Hispania
688 2836 721 2894 et
743 2849 879 2914 maguus
900 2850 1034 2914 gregum
1059 2851 1210 2897 uumerus
1232 2831 1355 2915 copiam
1379 2837 1523 2916 praestet
1543 2831 1695 2897 examini.

1127 3193 1247 3258 nvnn
1267 3194 1346 3277 (nx)
1387 3212 1419 3258 a.
1439 3196 1512 3258 aas.

1133 3349 1192 3414 nn
1221 3349 1505 3414 avenansrvn.
2155 3368 2183 3409 ιι

594 3522 672 3586 Sum
694 3520 824 3603 quidem
848 3522 1003 3587 sermonis
1024 3522 1071 3588 tui
1093 3521 1211 3587 nimius
1233 3520 1411 3604 flagitator,
1444 3520 1503 3587 sed
1532 3522 1651 3588 silentii
1677 3522 1849 3588 intervalla
1870 3543 1932 3587 nou
1955 3543 2055 3606 arguo
2079 3543 2136 3588 nec

507 3624 653 3710 suspicor
673 3623 798 3705 aliquid
819 3622 982 3691 amicitiae
1003 3632 1132 3692 nostrae
1154 3646 1194 3691 ex
1216 3624 1350 3708 alloquii
1373 3624 1503 3690 raritate
1526 3624 1701 3709 decedere,
1731 3625 1787 3709 qui
1815 3625 1914 3691 sciam
1941 3625 1975 3690 in
1997 3626 2135 3709 pectori-

416 3770 428 3787 .
508 3728 570 3793 bus
589 3745 665 3792 esse
687 3726 796 3793 sedem
820 3727 1003 3810 religionis,
1036 3728 1185 3795 levamen
1212 3727 1362 3793 desiderii
1386 3747 1427 3793 en
1450 3746 1504 3793 ore
1526 3728 1695 3813 proficisci.
1743 3729 1867 3813 priores
1888 3729 1987 3811 igitur
2008 3727 2134 3794 litterae

508 3850 600 3897 meae
621 3829 727 3914 magis
750 3829 946 3897 desiderium
969 3831 1126 3897 sermonis
1146 3831 1194 3897 tui
1215 3850 1312 3915 quam
1341 3830 1585 3913 castigationem
1616 3832 1840 3898 taciturnitatis
1872 3831 2069 3913 habuerunt,
2102 3839 2135 3897 et

506 3934 581 4001 ideo
611 3933 841 4000 elaborandum
870 3934 930 4001 tibi
959 3955 1022 4001 non
1049 3940 1115 4016 est,
1147 3941 1183 4000 ut
1210 3934 1289 4000 milri
1318 3934 1436 4001 amoris
1462 3934 1509 4001 tui
1530 3935 1627 4001 lldem
1650 3935 1758 4001 faciat.
1804 3957 1878 4002 nam
1901 3935 1949 4002 tui
1971 3933 2069 4000 animi
2092 3933 2133 4001 de
2154 3956 2185 3995 rc

508 4058 579 4104 meo
601 4056 691 4103 sumo
712 4035 883 4117 iudicium3
910 4037 1069 4123 siquidem
1091 4039 1201 4105 nullus
1215 4039 1322 4104 verior
1340 4038 1528 4105 aestimator
1549 4047 1600 4106 est
1620 4039 1738 4105 amoris
1761 4040 1871 4117 alieni,
1897 4059 1993 4124 quam
2014 4040 2069 4124 qui
2092 4039 2134 4105 de

466 4146 485 4206 2
508 4161 566 4208 suo
588 4140 687 4207 sumit
706 4140 900 4226 exemplum.
944 4142 996 4207 his
1018 4142 1064 4209 ita
1086 4142 1210 4226 positis,
1236 4142 1313 4227 quia
1332 4142 1366 4208 in
1389 4162 1424 4209 re
1446 4150 1559 4228 aperta
1580 4144 1670 4228 piget
1691 4163 1764 4209 esse
1786 4143 1956 4227 prolixum,
1982 4142 2134 4226 designa-

506 4253 574 4312 tum
596 4244 655 4311 tibi
675 4242 720 4311 ad
742 4244 897 4312 urbanam
919 4252 1102 4329 praeturam
1117 4244 1218 4311 lilium
1234 4266 1340 4311 meum
1354 4246 1476 4311 nuntio.
1514 4246 1689 4332 intellegis,
1714 4245 1792 4330 quid
1814 4245 1876 4310 sibi
1899 4245 1959 4310 hoc
1979 4244 2132 4310 iudicium

508 4348 604 4415 velit:
634 4348 862 4431 quadrigamm
891 4349 1047 4416 curulium
1076 4350 1226 4415 nobilitas
1249 4349 1472 4434 praeparanda
1495 4357 1553 4416 est.
1601 4370 1660 4416 nos
1683 4349 1820 4434 pretium
1845 4349 1993 4433 proxima
2015 4347 2134 4413 abhinc

505 4459 630 4519 aesmte
653 4451 825 4535 mittemus,
851 4451 910 4518 sed
931 4452 995 4518 iam
1018 4453 1244 4520 necessitatem
1260 4461 1446 4538 praecurrat
1468 4453 1592 4520 electio.
1633 4453 1767 4519 multum
1783 4453 1868 4517 enim
1885 4453 1971 4518 valet
1989 4451 2022 4517 in
2037 4451 2133 4518 rebus
2154 4475 2183 4509 oo

507 4555 664 4622 eiusmodi
687 4555 811 4637 longior
832 4555 1013 4639 diligentia.
1059 4564 1252 4642 quapropter
1272 4555 1457 4641 accingere,
1492 4564 1527 4623 ut
1553 4556 1768 4640 quaestoriam
1796 4557 1956 4639 quondam
1986 4555 2045 4621 filii
2071 4555 2134 4621 mei

507 4658 796 4742 magnificentiam,
834 4658 886 4724 cui
915 4666 1032 4745 perte
1061 4659 1207 4726 inlustris
1236 4659 1325 4725 fama
1353 4659 1500 4743 quaesita
1529 4667 1595 4742 est,
1640 4659 1801 4726 secundus
1830 4659 1976 4726 eiusdem
2005 4665 2133 4745 superet

508 4761 724 4846 magistratus.
764 4780 860 4827 verus
875 4762 995 4846 quippe
1018 4769 1050 4828 et
1071 4762 1231 4828 maximus
1254 4762 1361 4829 laudis
1375 4763 1537 4847 profectus
1554 4769 1613 4845 est,
1640 4762 1787 4847 quotiens
1803 4761 2012 4844 sequentibus
2027 4761 2132 4847 priora

506 4864 686 4931 vincuntur.

597 5195 608 5245 1
629 5196 714 5259 explic
737 5196 768 5244 ad
791 5199 896 5245 comune
919 5197 980 5257 trib,
1007 5209 1039 5250 11,
1064 5199 1106 5245 luc
1129 5198 1160 5246 ad
1182 5200 1320 5247 eustasium
1343 5198 1377 5261 P,
1406 5197 1448 5248 aed
1466 5196 1499 5246 211
1517 5201 1661 5260 caprarium
1682 5204 1705 5247 ct
1721 5212 1747 5258 p.
1770 5197 1827 5259 121,
1850 5196 2063 5261 tranquillum,
2088 5212 2133 5246 cu-

508 5285 595 5347 praxlo
613 5281 646 5344 Φ,
665 5296 715 5333 om,
733 5281 776 5329 VP
887 5282 995 5344 deaplo
1012 5283 1186 5333 honoreditum
1205 5283 1301 5334 le.
1418 5279 1546 5348 haseiopes
1571 5285 1591 5331 V
1705 5285 1797 5346 bquls
1819 5284 1840 5331 V
1953 5283 2136 5345 troqueutlaP

508 5370 525 5419 6
543 5369 657 5429 tybsrlna
680 5368 723 5415 VP
824 5368 914 5418 herent
932 5368 1026 5417 le.
1145 5370 1161 5419 8
1179 5372 1275 5419 nomini
1293 5370 1317 5417 P
1417 5371 1539 5419 entilibus
1565 5371 1585 5418 V
1686 5377 1793 5433 quatuor
1811 5385 1826 5418 a
1843 5376 1868 5419 ts
1886 5371 1951 5419 datis
1968 5373 2094 5419 omiserim
2115 5372 2137 5417 F

508 5455 524 5503 a
543 5452 596 5521 ius]
614 5456 721 5515 mauu,
740 5456 796 5504 elus
814 5455 860 5503 PV
963 5470 1013 5505 uon
1030 5471 1086 5505 erse
1104 5458 1127 5505 P
1229 5456 1260 5505 10
1278 5452 1350 5522 qula]
1367 5459 1411 5518 qul
1429 5457 1456 5518 V,
1476 5458 1543 5520 quod
1559 5457 1582 5504 P
1687 5457 1717 5507 12
1736 5453 1807 5524 nisu]
1824 5470 1887 5506 rursu
1906 5457 1929 5504 P
2031 5463 2089 5517 aute
2102 5455 2131 5517 P,

508 5541 613 5590 antohac
634 5541 678 5589 VP
782 5540 811 5589 13
830 5542 857 5590 lu
875 5542 919 5592 hos
939 5542 969 5606 P,
990 5556 1042 5592 mos
1064 5544 1084 5590 V
1188 5543 1218 5593 ll
1236 5545 1313 5592 amari
1336 5543 1357 5591 V
1462 5543 1492 5593 15
1510 5558 1583 5592 aurea
1603 5543 1669 5604 PlF)

594 5627 627 5677 21)
645 5629 676 5677 ad
694 5629 839 5690 onprsalum
858 5627 886 5691 P,
906 5643 955 5681 orn.
975 5630 1018 5677 VP
1141 5629 1171 5680 21
1193 5627 1250 5696 sed]
1270 5627 1348 5691 Plu,
1368 5644 1418 5680 om.
1440 5630 1480 5678 VP
1600 5627 1658 5698 noo]
1676 5631 1746 5692 aaa,
1767 5631 1811 5679 sed
1828 5629 1898 5677 PVP
2023 5628 2056 5678 22
2074 5628 2134 5677 allo-

508 5716 555 5776 qui
574 5713 619 5762 Pl
633 5730 667 5763 m.
799 5714 832 5764 23
850 5715 934 5764 sedem
951 5731 1008 5765 esse
1027 5717 1050 5764 P
1175 5715 1208 5766 21
1228 5716 1372 5777 exemplum
1395 5716 1443 5773 (om
1462 5719 1489 5764 ia
1505 5717 1566 5777 rar.)
1588 5716 1611 5762 P
1737 5714 1770 5765 28
1789 5716 1838 5764 sibl
1855 5730 1903 5765 om.
1925 5715 1945 5764 V
2065 5716 2134 5763 ludl-

509 5801 575 5848 clum
596 5799 619 5848 V
