4744 6476
842 492 1120 563 {EPISTVLARVM
1138 495 1208 553 ms.
1230 494 1278 563 X).
1810 499 1871 564 29¹1

247 689 388 758 debitum
420 687 540 757 refudit
567 686 772 775 inpendium,
806 690 973 755 tuitionem
1003 698 1112 756 eontra
1142 710 1193 755 me
1215 697 1248 755 et
1269 710 1416 755 annonae
1437 688 1634 773 praefectum
1656 690 1870 756 clarissimum
1899 691 1996 753 ΤΜΓ

246 796 350 860 virum
372 793 412 860 de
435 794 513 860 sede
535 793 657 859 vicaria
679 794 869 879 postulavit,
904 813 975 857 eum
998 814 1055 875 ego
1078 793 1186 858 aditus
1207 793 1242 857 in
1265 812 1364 859 causa
1386 792 1516 877 publiea
1538 792 1665 858 civilem
1688 793 1874 859 conventio-

247 919 319 964 nem
349 898 443 964 matri
467 898 553 976 eius,
585 918 663 981 quoe
686 900 816 959 retinere
837 898 994 959 adseritur
1013 900 1232 979 patrimonium
1255 898 1431 977 candidati,
1464 917 1561 981 super
1582 897 1709 980 nepotis
1731 896 1781 961 sui
1803 917 1874 960 mu·

246 1023 323 1068 nere
346 1001 535 1066 detulissem
559 1000 765 1085 responsione
789 1008 934 1079 servata,
970 1000 1152 1084 praefectus
1174 1021 1249 1064 vero
1272 1019 1418 1064 annonae
1441 1020 1471 1064 v.
1499 1020 1526 1064 c.
1552 1000 1701 1083 pistorem
1726 999 1875 1081 publicae

216 1128 228 1166 s
247 1125 395 1171 annonae
424 1106 521 1170 verbo
550 1112 671 1168 tantum
701 1124 868 1188 reposcere
895 1104 1069 1184 diceretur,
1103 1124 1197 1186 quem
1220 1104 1367 1168 manibus
1389 1102 1574 1168 officialium
1597 1103 1712 1168 Celsus
1735 1109 1873 1168 eruerat.

248 1208 300 1274 bie
321 1209 387 1273 iam
410 1216 537 1273 vestrae
561 1208 770 1291 perennitatis
794 1218 843 1272 est
866 1207 1039 1273 aestimare
1061 1207 1286 1272 contumeliam
1310 1205 1548 1291 praefecturae,
1578 1206 1669 1272 cuius
1692 1205 1875 1271 causidicus

247 1311 327 1376 nihil
349 1329 467 1395 passus
490 1311 646 1375 auxilium
669 1310 820 1375 secundis
841 1310 970 1375 indiciis
992 1310 1187 1395 impetravit.
1235 1330 1335 1393 paroc
1351 1310 1432 1374 haec
1448 1309 1518 1374 visa
1533 1316 1624 1375 sunt:
1650 1308 1801 1391 quoniam
1816 1329 1875 1393 pa·
1898 1315 1916 1372 t

248 1414 393 1480 tientiam
415 1433 520 1479 meam
543 1413 674 1479 minime
696 1414 912 1498 perculerunt,
938 1413 1098 1479 adiectum
1122 1421 1180 1495 est,
1208 1413 1292 1495 quod
1315 1411 1520 1478 dissimulare
1542 1431 1606 1476 non
1621 1431 1760 1497 possem.
1801 1432 1875 1476 nam

249 1539 320 1583 cum
350 1516 392 1582 ad
423 1516 656 1600 examinandos
678 1525 769 1582 actus
792 1539 823 1582 v.
849 1538 878 1582 c.
903 1517 998 1582 Bassi
1021 1537 1063 1582 ex
1085 1517 1247 1601 praefecto
1270 1516 1341 1581 urbi
1363 1523 1506 1600 potestas
1528 1516 1649 1581 vicaria
1671 1516 1714 1581 ad
1735 1523 1876 1581 secreta-

202 1644 229 1683 m
248 1621 331 1685 rium
361 1640 527 1685 commune
557 1619 743 1705 prodiisset,
776 1621 997 1703 nescioquis,
1032 1629 1067 1685 ut
1089 1621 1179 1686 aiunt
1200 1620 1311 1686 libello
1334 1619 1424 1700 dato,
1459 1618 1499 1684 de
1523 1619 1619 1683 officii
1642 1620 1707 1685 mei
1729 1619 1877 1684 conludio

248 1725 300 1790 vel
329 1723 498 1807 iniquitate
529 1733 721 1807 conquestus
744 1732 809 1805 est,
842 1724 928 1806 quod
949 1724 1123 1789 Memmius
1146 1724 1287 1806 litigator
1309 1723 1416 1788 iussus
1439 1744 1459 1786 a
1481 1722 1584 1786 Basso
1606 1722 1754 1787 solvendi
1776 1722 1877 1788 debiti

249 1828 353 1910 gratia
375 1826 420 1892 ad
441 1825 563 1891 iudicia
585 1825 739 1892 Africana
762 1826 896 1909 deduci,
928 1847 999 1892 eum
1023 1835 1055 1892 et
1076 1849 1096 1891 a
1118 1827 1185 1892 viro
1207 1826 1334 1892 inlustri
1357 1825 1527 1891 decessore
1550 1846 1621 1890 meo
1644 1826 1781 1890 Aventio
1804 1834 1878 1890 eta

249 1951 299 1994 me
330 1950 388 2015 per
410 1929 557 2010 libellos,
590 1949 631 1995 ne
654 1949 692 1995 eo
714 1939 877 2015 pergeret,
913 1931 1126 2016 postulasset,
1160 1931 1237 1995 navi
1259 1936 1347 1995 esset
1367 1928 1537 1994 abductus.
1584 1929 1669 1993 hunc
1691 1928 1766 1995 ilico
1788 1948 1819 1992 v.
1846 1948 1874 1993 e.

250 2039 282 2098 et
304 2033 479 2098 laudabilis
501 2032 651 2115 vicarius,
678 2040 713 2098 ut
736 2033 926 2118 subscriptio
950 2034 1052 2098 libelli
1075 2034 1206 2116 indicat,
1232 2032 1348 2098 adesse
1364 2032 1540 2117 praecepit.
1579 2030 1635 2095 ubi
1649 2032 1770 2115 pariter
1784 2032 1877 2097 ambo
1901 2042 1919 2099 5

204 2160 232 2199 rs
251 2135 455 2201 consedimus
486 2145 518 2201 et
546 2135 662 2201 seriem
691 2136 904 2219 querellarum
934 2137 1119 2201 recitatione
1150 2138 1298 2219 cognovi,
1331 2136 1500 2215 admomi,
1533 2141 1569 2199 ut
1598 2135 1644 2215 is,
1676 2136 1731 2218 qui
1753 2135 1879 2201 adierat

249 2240 402 2304 vicariam
432 2240 561 2318 sedem,
594 2239 785 2323 probaturus
814 2240 957 2304 intraret.
1005 2248 1080 2304 tunc
1109 2239 1249 2305 officium
1278 2240 1348 2305 eius
1378 2239 1539 2305 hominem
1563 2238 1678 2303 deesse
1700 2239 1874 2322 respondit,

154 2385 156 2389 ψ
251 2363 342 2426 quem
373 2332 544 2427 praecepto
573 2342 690 2407 iudicis
720 2342 769 2406 sui
798 2342 831 2406 in
860 2362 996 2407 examen
1027 2343 1128 2407 accire
1157 2342 1322 2407 debuerat.
1370 2342 1447 2425 quid
1477 2343 1529 2407 bie
1558 2342 1793 2406 aestimandum
1824 2342 1875 2420 sit,

251 2446 396 2529 relinquo
423 2445 635 2530 sapientibus.
684 2446 784 2511 semel
814 2451 910 2527 atque
938 2445 1053 2510 iterum
1076 2447 1244 2530 praeconis
1266 2445 1398 2510 vocibus
1420 2446 1596 2510 advocatur
1617 2466 1676 2510 nee
1697 2452 1806 2510 tamen
1828 2445 1876 2509 in-

251 2549 409 2613 clamatus
438 2549 591 2614 adcurrit.
638 2556 714 2613 tune
741 2548 830 2612 nullo
858 2548 1035 2613 adsistente
1064 2548 1223 2633 apparitio
1252 2549 1374 2613 urbana
1403 2548 1508 2632 coepit
1536 2548 1682 2631 urgueri,
1720 2546 1805 2630 quod
1835 2547 1921 2617 adii

202 2673 231 2714 ao
251 2651 392 2717 Africam
423 2658 625 2717 transvectus
655 2661 757 2731 esset,
792 2652 846 2733 qui
875 2652 1012 2716 Bassum
1043 2651 1255 2717 clarissimum
1286 2652 1389 2717 virum
1421 2651 1561 2716 criminis
1590 2659 1700 2735 posset
1730 2670 1875 2733 arguere.

252 2762 440 2839 suggestum
460 2763 520 2834 est,
545 2755 683 2840 paritum
707 2774 779 2819 esse
803 2756 991 2834 sententiae,
1017 2776 1113 2837 quam
1136 2776 1208 2820 cum
1224 2756 1345 2820 Bassus
1368 2761 1440 2839 post
1462 2756 1623 2820 luctamen
1646 2755 1783 2839 partium
1806 2774 1880 2837 pro-

252 2859 394 2938 tulisset,
429 2860 610 2943 provoeatio
638 2879 700 2923 non
731 2858 875 2923 removit.
923 2858 1069 2923 adhaec
1092 2858 1282 2940 Fulgentius
1305 2879 1335 2922 v.
1361 2879 1390 2923 c.
1415 2858 1562 2923 tribunus
1584 2866 1616 2922 et
1637 2858 1782 2923 notarius
1803 2878 1878 2922 eon-

252 2969 365 3026 ventos
387 2962 551 3027 adiutores
574 2962 716 3026 urbanae
739 2959 826 3026 sedis
849 2961 1002 3042 adseruit,
1028 2981 1068 3025 ne
1092 2961 1264 3027 Memmius
1286 2962 1466 3045 navigaret.
1514 2985 1534 3027 a
1556 2983 1619 3045 quo
1642 2983 1713 3026 cum
1736 2960 1879 3045 require·

252 3072 354 3145 retur,
386 3085 429 3129 an
458 3063 502 3128 ad
533 3085 604 3129 eum
634 3063 760 3148 aliquid
789 3082 886 3147 super
908 3064 1001 3128 Bassi
1024 3064 1209 3130 criminibus
1231 3065 1402 3131 Memmius
1426 3065 1611 3146 detulisset,
1645 3066 1692 3130 ait
1716 3065 1879 3147 querellas

203 3188 234 3229 aa
253 3168 323 3233 eius
351 3167 534 3232 libellorum
562 3167 691 3252 paginis
719 3167 890 3249 contineri,
924 3166 1035 3249 credo,
1069 3168 1221 3233 simulare
1250 3189 1312 3233 non
1341 3187 1457 3250 ausus,
1495 3167 1581 3251 quod
1610 3175 1779 3234 accusator
1808 3187 1880 3233 esse

253 3271 418 3336 voluisset.
466 3271 509 3336 ad
538 3271 598 3338 hoo
630 3271 744 3337 urbani
773 3270 900 3336 adiutor
928 3270 1025 3335 officii
1047 3291 1104 3356 per
1126 3272 1267 3337 Felicem
1290 3271 1352 3337 sibi
1375 3294 1396 3337 a
1418 3272 1597 3337 clarissimo
1619 3272 1687 3337 viro
1709 3270 1880 3354 Fulgentio
1904 3281 1921 3339 7

253 3375 438 3440 mandatum
468 3394 540 3439 esse
570 3373 750 3459 respondit,
785 3382 821 3439 ut
848 3373 1022 3439 seeundum
1053 3375 1245 3440 senteutiam
1268 3375 1440 3440 Memmius
1469 3375 1512 3440 ad
1534 3375 1675 3440 Africam
1698 3375 1877 3441 duceretur.

253 3499 327 3542 mox
356 3478 497 3542 Felicem
528 3477 711 3542 censuimus
740 3477 967 3560 adtinendum,
1005 3498 1068 3561 quo
1098 3487 1209 3564 posset
1238 3478 1377 3563 liquere,
1414 3500 1456 3543 an
1487 3478 1582 3543 huius
1610 3479 1755 3544 mandati
1783 3478 1883 3542 inter·-

255 3582 385 3645 nuntius
414 3581 584 3647 extitisset.
630 3580 754 3646 interea
780 3582 830 3647 vir
857 3581 1030 3646 laudabilis
1059 3582 1216 3664 vicarius,
1249 3604 1321 3647 cum
1351 3584 1505 3649 adessent
1525 3583 1597 3664 alii,
1630 3602 1709 3667 quos
1731 3582 1767 3647 in
1789 3581 1882 3646 Bassi

206 3705 235 3746 ao
254 3684 362 3750 causis
391 3703 559 3770 possemus
589 3683 719 3767 audire,
752 3685 792 3749 ob
822 3684 893 3751 eius
922 3685 1120 3766 absentiam,
1156 3706 1252 3768 quem
1281 3686 1379 3752 facile
1408 3694 1458 3752 est
1484 3707 1525 3752 ex
1548 3687 1708 3751 Africanis
1732 3704 1883 3751 revocare

254 3788 445 3873 provinciis,
477 3787 630 3852 iudicium
659 3807 752 3853 omne
783 3788 941 3870 deseruit,
974 3790 1084 3855 nescio
1106 3810 1149 3854 an
1171 3809 1212 3855 ex
1236 3810 1295 3854 usu
1319 3810 1446 3873 eorum,
1479 3790 1534 3873 qui
1557 3797 1592 3854 ut
1613 3787 1800 3854 audirentur
1821 3787 1882 3851 ad-

254 3890 422 3956 duxerant,
471 3891 630 3974 promissa
651 3890 808 3955 relatione
831 3891 973 3956 discedo.
1020 3893 1132 3973 Felix,
1165 3892 1220 3974 qui
1243 3891 1277 3955 in
1299 3893 1458 3957 communi
1482 3893 1599 3957 iudicio
1620 3893 1728 3956 iussus
1751 3898 1800 3956 est
1821 3890 1924 3960 ad-8

253 3993 358 4073 tineri
386 3993 484 4058 officii
508 3993 695 4059 executione
719 3994 895 4078 corripitur.
942 3996 970 4059 is
993 4015 1064 4058 cum
1087 4016 1107 4058 a
1129 4016 1180 4061 me
1203 3995 1385 4077 insequenti
1408 3998 1457 4058 dic
1477 3995 1621 4060 tuitionis
1643 3995 1798 4059 auxilium
1823 4015 1882 4077 po-

255 4098 411 4181 poscisset
441 4103 474 4161 et
502 4097 597 4161 unius
619 4098 880 4179 nomenclatoris,
914 4097 1003 4162 utin
1025 4098 1104 4161 urbe
1126 4105 1256 4182 pacata,
1289 4098 1484 4163 adminiculo
1506 4097 1606 4162 fretus
1629 4099 1790 4163 incederet
1811 4106 1883 4183 post

207 4223 237 4262 ns
256 4200 438 4265 vehiculum
461 4198 699 4284 praefecturae,
725 4200 817 4266 iussu
839 4201 1003 4283 Fulgentii
1026 4221 1052 4265 c.
1079 4222 1110 4266 v.
1137 4222 1193 4285 per
1215 4200 1433 4266 Gaudentium
1456 4210 1489 4266 et
1515 4203 1668 4266 l'icmrem
1692 4208 1827 4285 agentes
1849 4201 1882 4265 in

255 4305 352 4370 rebus
374 4311 407 4368 et
429 4302 623 4367 Bonifatium
646 4304 843 4388 palatinum,
876 4305 930 4388 qui
953 4305 1105 4370 hactenus
1127 4304 1161 4369 in
1184 4304 1287 4369 officio
1311 4304 1432 4369 urbano
1455 4304 1618 4383 militavit,
1644 4304 1884 4400 violenter‘ad-

255 4415 367 4492 reptus
399 4406 567 4472 deducitur
588 4406 621 4471 in
644 4407 714 4472 eius
737 4406 853 4488 aedes,
888 4407 929 4472 de
951 4408 1042 4472 euius
1065 4407 1227 4473 mandatis
1250 4407 1355 4473 fuerat
1376 4408 1570 4483 audiendus.
1616 4408 1796 4491 quodcum
1820 4407 1924 4479 sibin

256 4511 446 4593 Fulgentius
476 4532 508 4576 v.
534 4531 562 4574 c.
594 4518 704 4576 auctor
733 4511 943 4576 contumeliae
974 4532 1065 4576 meae
1094 4510 1288 4576 invidiosum
1319 4518 1464 4595 putaret,
1498 4512 1542 4576 ad
1570 4512 1645 4576 circi
1676 4512 1882 4577 secretarium

342 4853 433 4923 tego]
457 4857 593 4917 Maceror,
622 4871 679 4917 ergo
700 4857 774 4907 ΤΜΓ
909 4859 924 4907 3
948 4873 1013 4922 quac
1039 4868 1098 4921 iqua
1116 4858 1151 4922 Γ)
1178 4860 1285 4908 retinere
1311 4860 1403 4919 (retine
1424 4860 1451 4919 F]
1478 4862 1599 4909 asseritur
1624 4860 1802 4922 patrimonium
1824 4873 1884 4906 can-

256 4942 342 4991 didata
368 4943 626 5006 (mediocritatem)
654 4949 711 5005 post
734 4944 750 4993 4
775 4946 936 5007 respouslone
963 4953 1062 4994 seruata
1087 4948 1173 4996 eolloc.
1202 4944 1278 5007 TMF,
1308 4950 1449 5006 trmcposai
1593 4946 1609 4996 l
1633 4932 1708 5008 praef
1728 4946 1756 5005 Τ,
1783 4927 1842 5007 pref
1859 4943 1888 4991 M

258 5029 272 5076 ‘l
292 5030 395 5078 secundi
415 5030 505 5079 iudicis
524 5030 623 5078 Lectius
743 5045 821 5092 parua
838 5028 912 5097 baec]
930 5047 981 5095 eoo,
1004 5033 1082 5099 phase
1104 5031 1180 5079 ΤΜΓ
1295 5034 1351 5080 uisa
1369 5037 1429 5080 sunt
1446 5046 1494 5081 om.
1513 5030 1539 5080 Γ
1657 5032 1672 5081 9
1691 5032 1720 5081 ad
1739 5034 1886 5079 examinan-

258 5118 305 5162 dus
328 5116 355 5178 F,
377 5115 408 5162 ad
426 5117 622 5164 examinandum
644 5117 676 5177 M,
697 5119 876 5165 examinandos
896 5117 922 5165 Γ
1021 5125 1090 5167 actus
1108 5119 1179 5167 Bassi
1198 5119 1319 5180 praefecti
1338 5120 1407 5167 urbis
1427 5117 1453 5166 Γ
1560 5119 1590 5170 ld
1609 5133 1739 5167 commune
1756 5133 1802 5168 om.
1826 5118 1853 5165 M

258 5199 401 5267 prodiisset]
420 5203 526 5263 Iuratus,
547 5204 698 5266 prodidisset
720 5203 795 5251 ΤΜΓ
906 5204 936 5252 13
956 5201 1028 5270 naui]
1048 5204 1078 5264 Γ,
1099 5220 1155 5252 riam
1174 5207 1201 5253 ul
1222 5205 1273 5253 ΤΜ
1384 5205 1415 5255 16
1432 5202 1594 5272 probaturus]
1613 5204 1643 5269 Γ,
1664 5208 1782 5267 probatus
1804 5206 1853 5252 ΤΜ

259 5289 412 5351 responditq,
433 5304 507 5350 quem
529 5289 561 5351 M,
585 5291 714 5352 respondit
732 5304 763 5352 q3
786 5294 812 5347 ii.
833 5306 855 5340 e.
875 5292 945 5352 quia)
966 5305 1040 5352 quem
1063 5292 1088 5353 F,
1109 5294 1246 5353 respondit:
1267 5296 1310 5354 qui
1330 5291 1356 5340 Γ
1457 5291 1488 5339 17
1507 5290 1595 5358 accire]
1617 5291 1707 5354 Meyer,
1727 5293 1801 5341 acciri
1816 5290 1890 5339 ΤΜΓ

261 5375 291 5423 13
310 5390 398 5435 urgere
418 5374 444 5422 Γ
555 5377 586 5424 ad
603 5391 650 5426 otu.
673 5374 702 5422 M
822 5375 851 5424 21
873 5379 926 5439 pari
944 5379 1008 5425 itum
1033 5379 1060 5438 Τ,
1080 5379 1133 5439 pari
1150 5380 1245 5426 iterum
1265 5377 1294 5425 Μ
1412 5376 1445 5426 23
1465 5375 1605 5445 rrarrigsret]
1624 5377 1655 5440 Γ,
1677 5379 1820 5437 riauigasset
1840 5377 1889 5425 ΤΜ

258 5459 292 5509 24
310 5461 411 5523 aliquod
431 5460 459 5508 M
563 5458 645 5527 ansi]
663 5462 732 5511 bisce
751 5461 777 5508 Γ
876 5463 1034 5524 querelarum
1053 5463 1079 5510 M
1184 5463 1217 5513 26
1236 5463 1366 5513 adhaeeF
1467 5463 1499 5513 28
1518 5467 1628 5514 mandati
1647 5468 1755 5513 nuntius
1773 5472 1841 5513 esset
1860 5464 1888 5511 M

259 5547 292 5594 30
310 5543 397 5613 quem]
414 5561 479 5609 quae
501 5548 521 5595 Τ
659 5548 689 5596 31
711 5545 771 5615 usn]
790 5550 861 5597 iussu
881 5547 907 5596 Γ
1041 5552 1163 5598 adureret
1182 5549 1210 5596 M
1347 5548 1380 5599 32
1398 5550 1499 5599 dissedo
1518 5550 1545 5597 M
1682 5552 1778 5600 iudicio
1795 5565 1843 5599 otu.
1865 5550 1891 5598 Γ

260 5632 292 5680 33
311 5634 460 5682 excussione
480 5633 508 5681 M
627 5635 811 5697 corruplturT
929 5632 982 5702 die]
1001 5650 1052 5697 eqo,
1073 5650 1121 5684 om.
1146 5634 1222 5682 ΤΜΓ
1331 5638 1450 5697 sequenti
1468 5638 1571 5686 ultionis
1591 5637 1619 5685 M
1740 5638 1773 5687 il
1792 5652 1886 5686 numen

260 5720 363 5768 cultoris
379 5721 407 5782 Τ,
423 5734 515 5769 numen
528 5720 655 5769 latorlsM
757 5721 790 5770 ³5
808 5737 934 5771 anum.
950 5721 974 5769 Γ
1076 5738 1120 5784 per
1131 5736 1179 5771 cm.
1196 5722 1224 5769 M
1327 5723 1588 5772 eunominianis
1687 5726 1854 5775 aetenusTllf

260 5807 360 5853 milanit
378 5805 406 5852 M

338 5906 363 5957 Q.
378 5906 495 5945 siruamus
509 5906 656 5949 Sruuncuvs.
996 5957 997 5960 Ἴ
1646 5915 1679 5965 38
