4722 6470
846 475 889 533 rv
907 478 1010 532 35—49
1028 473 1081 533 so
1100 477 1326 534 amauvlvsr.
1790 480 1904 547 0va

361 705 398 765 31
424 697 637 786 Symmachus
668 702 764 786 paulo
793 706 868 768 anto
897 702 989 769 festis
1019 703 1239 769 consularibus
1269 702 1455 768 Stilichonis
1484 702 1670 768 Mediolanii
1699 703 1898 784 interfuerat,

268 820 362 886 initio
385 820 462 885 anni
484 824 558 885 406.
606 840 638 886 v.
662 842 695 906 p.
722 821 825 886 LXII.

359 943 401 1004 32
423 940 466 1007 cf.
491 940 536 1005 ad
558 960 610 1026 ep.
636 943 689 1006 22.

360 1064 411 1126 34.
439 1064 491 1126 35.
518 1064 559 1125 52
593 1061 787 1146 Symmacho
815 1063 881 1127 ruri
910 1064 1020 1147 agenti
1050 1084 1108 1150 per
1135 1064 1355 1131 Florentinum
1383 1072 1450 1130 tum
1480 1065 1676 1150 praefectum
1707 1067 1778 1133 urbi
1806 1066 1902 1133 trium

269 1181 405 1247 fratrum
428 1181 556 1248 litterae
579 1183 700 1248 missae
723 1190 824 1263 erant,
850 1184 966 1265 quibus
989 1186 1136 1249 omnibus
1157 1204 1221 1249 non
1244 1186 1377 1250 multum
1393 1191 1467 1251 ante
1483 1185 1557 1251 idus
1572 1188 1773 1254 Novembres
1788 1209 1818 1252 a.
1839 1191 1901 1251 395

271 1302 464 1387 respondet,
495 1308 566 1385 116,
593 1309 624 1368 4.
664 1302 706 1368 ci.
732 1303 809 1368 adn.
828 1306 901 1367 294.
928 1304 1011 1368 -bac
1032 1306 1199 1371 occasione
1223 1309 1262 1368 34
1287 1312 1320 1370 et
1342 1308 1383 1368 52
1407 1305 1500 1371 datas
1523 1325 1605 1387 esse,
1631 1307 1721 1391 ipsae
1744 1307 1898 1392 produnt:

271 1421 314 1487 de
337 1425 377 1486 35
401 1422 541 1488 dubitari
562 1430 684 1508 potest,
717 1423 776 1489 sed
799 1443 870 1489 cum
893 1423 1049 1509 epistulas
1071 1425 1114 1490 ud
1136 1424 1327 1491 Minervium
1349 1446 1474 1509 quoque
1497 1427 1613 1491 missas
1636 1434 1693 1492 ant
1714 1446 1824 1492 omnes
1847 1433 1903 1492 aut

269 1563 375 1627 paene
397 1563 507 1610 omnes
530 1543 720 1629 superstites
743 1564 826 1623 esse,
852 1544 921 1609 veri
943 1544 1140 1610 slmillimum
1166 1544 1208 1611 sit
1233 1547 1275 1628 (v.
1297 1568 1328 1632 p.
1348 1546 1509 1629 CXLIII),
1538 1567 1602 1611 una
1624 1567 1665 1611 err
1686 1546 1727 1610 iis
1749 1546 1808 1612 illa
1830 1567 1902 1612 esse

268 1662 383 1746 debet,
414 1684 509 1747 quam
533 1665 747 1749 Symmachus
777 1665 872 1730 simul
904 1686 977 1731 cnm
1001 1667 1041 1729 34
1064 1672 1097 1731 et
1119 1669 1160 1730 52
1192 1686 1227 1731 se
1257 1666 1397 1733 dictasse
1423 1667 1494 1753 ipse
1518 1666 1611 1747 dicit,
1644 1687 1747 1751 neque
1770 1668 1839 1732 ulla
1860 1689 1901 1733 ex

269 1785 403 1867 reliquis
425 1785 560 1871 tempori
583 1805 680 1870 snpra
702 1784 842 1850 indicato
865 1786 981 1851 melius
1003 1786 1160 1853 convenit.
1209 1787 1319 1853 scribit
1341 1778 1427 1853 enim
1450 1794 1572 1868 orator,
1600 1807 1637 1853 se
1659 1808 1755 1852 unam
1778 1794 1900 1854 tantum

269 1904 442 1989 epistulam
465 1903 510 1969 ad
531 1904 721 1971 Minervium
745 1913 820 1972 ante
842 1906 971 1971 misisse
993 1907 1035 1971 ab
1058 1905 1119 1972 hac
1142 1906 1220 1972 satis
1243 1927 1359 1991 magno
1382 1907 1536 1993 temporis
1558 1908 1663 1991 spatio
1685 1908 1898 1990 divisamlssll,
1993 1940 1998 1949 ·

269 2025 305 2090 id
327 2025 412 2107 quod
434 2025 477 2090 ad
498 2025 544 2091 IV
566 2029 607 2090 46
630 2026 734 2092 refero
761 2026 802 2110 (v.
827 2026 936 2110 infra).
985 2034 1017 2093 et
1038 2048 1073 2093 re
1096 2048 1173 2093 vera
1194 2028 1285 2092 nulla
1306 2048 1348 2093 ex
1369 2028 1510 2112 reliquis,
1541 2047 1624 2111 qnae
1646 2016 1772 2111 aliquas
1794 2029 1900 2112 inqui-

269 2145 378 2211 sitioni
401 2143 646 2230 chronologicae
668 2167 767 2212 ansas
790 2148 945 2232 praebent
966 2185 1008 2195 —
1032 2154 1065 2213 et
1084 2154 1151 2214 tres
1173 2155 1297 2214 tantum
1313 2153 1366 2212 41.
1386 2152 1439 2211 47.
1458 2153 1498 2213 48
1522 2148 1563 2213 iis
1578 2149 1705 2214 omnino
1721 2156 1831 2215 carent
1845 2187 1898 2233 —,

269 2273 345 2332 ante
373 2287 493 2332 annum
517 2270 579 2331 396
610 2268 730 2354 scripta
760 2275 824 2349 est,
858 2269 904 2334 ita
926 2275 961 2335 ut
982 2268 1103 2335 mensis
1125 2269 1308 2334 November
1330 2289 1360 2333 a.
1389 2271 1450 2333 395
1473 2268 1564 2334 initio
1587 2269 1757 2336 continuae
1780 2270 1902 2354 epistu-

270 2387 374 2452 larum
397 2387 492 2452 seriei
514 2388 633 2473 optime
656 2389 836 2454 conveniat.

360 2511 402 2572 36
425 2529 456 2573 v.
482 2508 525 2572 ad
548 2508 643 2593 epist.
673 2511 724 2573 18.

357 2631 397 2691 37
422 2628 704 2695 commendaticiae
728 2630 872 2714 palatino
895 2649 1057 2695 sacrarum
1080 2630 1287 2713 largitionum
1309 2629 1447 2695 traditae
1470 2630 1502 2696 ei
1516 2631 1651 2716 tempori
1667 2632 1901 2697 adscribendae

271 2756 363 2827 sunt,
396 2769 459 2832 quo
487 2749 534 2831 is,
568 2749 624 2832 qui
653 2749 738 2815 hanc
766 2749 938 2835 epistulam
967 2751 1010 2817 ad
1032 2750 1223 2816 Minervium
1253 2750 1462 2836 perferendas
1489 2751 1628 2835 accepit,
1663 2751 1693 2816 ei
1716 2758 1896 2837 appareret,

270 2890 303 2933 a.
330 2871 510 2934 398-399.
557 2891 589 2935 v.
615 2872 690 2937 adn.
718 2874 792 2936 725.

362 2991 401 3053 38
424 2990 521 3055 simul
544 3011 615 3056 cum
639 2992 763 3056 11Π45
787 2991 919 3077 scripta,
945 2992 1001 3057 ubi
1023 2992 1109 3058 vide.

358 3114 398 3175 39
421 3111 687 3178 commendaticia
708 3113 864 3178 Flaviano
886 3111 1020 3193 tradita,
1051 3133 1122 3178 cum
1145 3134 1175 3176 a.
1203 3115 1264 3178 393
1289 3119 1425 3179 exeunte
1448 3113 1491 3178 ad
1514 3113 1676 3178 Theodori
1699 3114 1900 3180 consulatum

269 3229 305 3294 in
330 3229 512 3297 comitatam
534 3232 797 3317 proficisceretur.
845 3254 875 3297 v.
902 3234 981 3299 adn.
1008 3236 1081 3297 327.

360 3355 400 3415 40
423 3351 519 3416 simul
542 3371 614 3417 eum
636 3353 697 3418 VII
721 3356 762 3417 46
786 3353 914 3437 scripta,
940 3352 995 3417 ubi
1017 3353 1103 3419 vide.

361 3476 397 3534 41
424 3492 534 3537 omnes
557 3472 599 3538 ad
621 3473 812 3540 Minervium
834 3474 994 3559 epistulae
1016 3481 1143 3560 praeter
1166 3478 1206 3539 35
1231 3480 1263 3540 et
1285 3477 1327 3538 46
1349 3481 1422 3559 post
1444 3495 1474 3539 a.
1502 3477 1564 3539 395
1590 3475 1729 3561 scriptae
1753 3484 1837 3542 suut.

360 3596 400 3655 42
425 3597 506 3656 iavet
527 3597 604 3657 alios
627 3598 711 3658 titulo
735 3581 929 3658 subticuitatia
953 3597 1067 3676 (adtolli,
1095 3617 1145 3679 epo
1163 3598 1407 3699 'mapoificcatiae
1430 3599 1662 3678 appellationem
1683 3619 1800 3661 recurso.
1840 3603 1903 3662 aisr'

268 3714 351 3794 forte
371 3734 417 3775 mc
439 3716 599 3796 taprobana
619 3725 731 3798 patos,
764 3717 843 3799 quod
865 3717 1043 3778 bonoritao
1067 3718 1170 3779 eadem
1194 3718 1474 3779 delenimentorum
1497 3718 1611 3798 desero.
1658 3718 1719 3783 hoc
1748 3718 1901 3802 scriptum

270 3850 428 3898 essenon
451 3841 565 3919 potest,
593 3841 767 3917 antequam
789 3835 965 3900 Minervius
988 3833 1123 3918 honore,
1150 3836 1202 3901 cui
1224 3834 1482 3918 magnificentiae
1505 3837 1682 3921 appellatio
1705 3838 1898 3917 conveniret,

270 3959 443 4019 exornatus
466 3961 570 4038 esset,
603 3956 694 4021 cuins
716 3956 846 4039 generis
868 3955 1007 4041 primus,
1039 3976 1133 4038 quem
1157 3956 1274 4040 gessit,
1301 3955 1451 4022 comitiva
1473 3976 1578 4022 rerum
1601 3956 1795 4042 privatarum
1819 3967 1899 4041 erat,

268 4095 300 4138 a.
327 4076 399 4138 397.

356 4200 395 4259 43
418 4196 598 4263 Minervius
622 4217 729 4262 comes
751 4218 856 4263 rerum
880 4199 1076 4283 privatamm
1099 4219 1130 4263 a.
1156 4200 1338 4263 397-398.
1385 4197 1425 4263 ci.
1451 4197 1494 4263 ad
1516 4199 1611 4284 epist.
1638 4203 1689 4264 37.

355 4320 395 4378 44
420 4336 534 4382 omues
564 4316 607 4382 ad
637 4317 828 4383 Minervium
860 4319 1018 4404 epistulae
1047 4319 1191 4405 exceptis
1220 4321 1259 4383 35
1291 4325 1323 4383 et
1351 4321 1392 4381 46
1422 4325 1494 4403 post
1523 4340 1641 4384 annum
1671 4323 1732 4385 395
1762 4322 1900 4406 scriptae

271 4443 360 4517 sunt;
393 4435 480 4502 idem
513 4458 590 4521 ergo
612 4437 653 4504 de
677 4438 738 4503 hac
758 4458 884 4523 quoque
907 4439 1175 4524 praesumendum
1199 4439 1269 4504 erit.
1317 4446 1581 4505 commemoratur
1604 4440 1787 4525 Symmachi
1811 4442 1901 4506 vale-

270 4556 346 4621 tudo
369 4557 481 4637 fracta,
508 4578 603 4640 quarn
628 4558 662 4623 in
685 4558 777 4623 silvis
800 4560 1014 4626 Laurentibus
1036 4560 1216 4625 restitutum
1238 4558 1279 4624 iri
1301 4566 1424 4644 sperat:
1459 4581 1542 4644 qnae
1565 4582 1708 4628 mensem
1731 4561 1900 4629 Octobrem

269 4684 326 4742 ant
345 4677 559 4744 Nouembrem
583 4700 615 4744 a.
642 4682 703 4742 397
727 4679 870 4746 indicare
892 4681 1052 4748 videntur.
1098 4702 1129 4746 v.
1156 4703 1187 4767 p.
1215 4680 1317 4745 LXII.

354 4803 395 4862 45
418 4820 450 4864 v.
476 4798 519 4863 ad
542 4820 592 4884 ep.
620 4802 673 4863 29.

354 4924 395 4982 46
418 4919 503 4984 hano
525 4920 695 5005 epistulam
720 4921 871 5006 scriptam
894 4942 982 4995 esse,
1010 4943 1081 4987 cum
1105 4921 1280 4988 Minervius
1302 4923 1336 4987 in
1359 4922 1477 4989 scrinio
1501 4923 1711 5009 epistularum
1735 4926 1896 5007 militaret,

269 5039 387 5104 iamin
410 5038 486 5104 ada.
515 5043 576 5103 720
600 5041 677 5106 dixi.
726 5041 989 5107 commendantur
1011 5043 1042 5107 ei
1065 5042 1165 5125 legati
1188 5043 1372 5127 provinciae
1395 5043 1609 5128 Campaniae,
1645 5045 1816 5130 petitiones
1838 5046 1900 5109 ali-

269 5179 357 5243 quas,
383 5180 464 5244 quas
481 5160 693 5245 Symmachus
715 5162 817 5228 iustas
839 5182 912 5228 esse
936 5168 1055 5245 censet,
1082 5163 1123 5227 ad
1147 5162 1327 5245 augustum
1351 5164 1515 5249 perlaturi.
1560 5166 1739 5231 cuiusmodi
1762 5165 1899 5249 legatio-

268 5336 468 5344 ......-·,-.-.--.
486 5340 504 5344 ⁴
528 5341 555 5345 .-
579 5341 620 5345 -ἡ
642 5342 678 5346 ...-

355 5440 414 5501 7371
438 5439 574 5501 Obrepetati
598 5441 760 5489 verecundiae
783 5455 862 5501 meae,
886 5447 913 5489 at
936 5445 1003 5501 prior
1027 5441 1148 5492 scriberes.
1187 5440 1307 5490 variatam
1332 5457 1370 5489 me
1396 5442 1439 5490 tlhr'
1463 5443 1505 5490 boe
1521 5457 1621 5490 manere
1638 5446 1712 5491 aelim
1730 5444 1829 5501 medas,-
1856 5444 1898 5491 sed

268 5539 319 5572 aaa
343 5524 410 5587 fao,
435 5531 462 5574 at
485 5526 557 5575 aedes
576 5527 755 5589 quodammodo
774 5531 899 5576 amicitiae
916 5534 1012 5577 nostrae
1029 5542 1132 5577 novas
1150 5529 1316 5576 salutator
1334 5529 1414 5576 adisse
1431 5529 1545 5577 videaris.
1572 5555 1607 5564 —
1630 5544 1687 5577 cum
1702 5532 1831 5590 palatinae
1849 5532 1899 5577 clo-

268 5616 382 5672 qaeatr‘ae
398 5615 535 5674 ualituros,
554 5616 687 5673 porrexi
704 5616 866 5663 amicitiae
884 5618 956 5661 tuae
974 5614 1143 5663 dexteram.
1181 5628 1256 5675 quare
1274 5619 1310 5662 tot
1328 5618 1452 5676 lanaeque
1467 5615 1611 5675 piynorlbar
1630 5615 1734 5677 admi,
1754 5630 1805 5663 noa
1823 5619 1897 5664 aestl-

269 5710 362 5746 memcs
379 5697 413 5746 de
431 5700 646 5759 epistularum
664 5702 813 5748 tirocinio
831 5702 943 5749 caritatis
961 5706 1074 5748 oetatem.
1112 5702 1139 5748 in
1158 5714 1271 5748 sermone
1291 5700 1481 5759 Symmachiano
1506 5702 1615 5748 clientas
1632 5704 1757 5749 amter'tlae
1774 5702 1899 5749 deuterum

266 5786 390 5845 porripere
408 5786 475 5834 nihil
496 5787 564 5835 alind
582 5788 716 5849 significat,
737 5801 811 5850 quam
830 5788 980 5835 invitatimrc
999 5802 1047 5835 non
1067 5792 1199 5848 expectata
1217 5788 1314 5835 litteras
1332 5788 1362 5835 ad
1381 5801 1438 5836 eum
1457 5788 1566 5834 mittere.
1605 5788 1637 5837 cl.
1659 5803 1685 5850 p.
1707 5787 1767 5851 236,
1787 5786 1813 5836 2.
1835 5786 1876 5837 ll.

348 5884 373 5937 Q.
387 5887 502 5927 tunsurus
517 5887 666 5929 Srrraacrrvs.
1681 5896 1693 5943 t
