4746 6472
478 461 643 530 CXCVIII
1006 459 1273 519 cusonouocm
1292 460 1577 517 sunuaenrsns.

498 738 503 746 .
566 686 644 752 VIII
666 687 707 751 38
730 685 863 751 flavius
886 686 1027 752 Pisidius
1049 687 1294 771 Romulus¹⁰⁰⁶),
1320 687 1412 753 cuius
1434 685 1563 752 nomine
1585 692 1714 772 praeter
1734 686 1795 752 bas
1816 686 1943 752 litteras
1958 684 2043 749 VIII
2066 688 2110 749 62

479 813 511 874 44
533 807 582 872 IX
604 810 645 870 62
667 806 893 890 inscribuntur,
919 813 1026 873 aetate
1048 808 1148 874 multo
1170 807 1273 872 minor
1288 816 1357 873 erat
1371 806 1573 890 Symmacho,
1601 826 1699 889 aquo
1714 805 1800 872 iilius
1816 812 2018 890 nuncupatur
2027 809 2108 887 ¹⁰⁰⁷).

477 927 632 1010 originem
665 947 704 994 en
733 927 898 1012 provincia
919 925 1031 993 Africa
1060 927 1192 994 duxisse
1221 927 1364 1003 videtur;
1396 927 1442 993 ibi
1465 928 1549 993 enim
1572 926 1707 1012 praedia
1729 925 1983 1011 locupletissima
2004 925 2112 1011 possi-

478 1047 577 1115 debat
605 1055 637 1115 et
658 1047 830 1131 Augustini
860 1047 1004 1133 episcopi
1027 1047 1246 1133 Hipponensis
1275 1048 1418 1114 amicitia
1445 1053 1478 1113 et
1505 1046 1577 1133 ipse
1607 1052 1640 1113 44
1661 1046 1771 1113 affinis
1793 1047 1863 1113 eius
1886 1045 2034 1112 Valerius
2056 1045 2111 1111 usi

478 1173 640 1251 sunt¹⁰⁰⁸).
686 1189 717 1234 a.
744 1171 805 1233 385
837 1168 1016 1234 consularis
1038 1168 1197 1234 Aemiliae
1226 1174 1259 1233 et
1287 1167 1438 1252 Liguriae
1468 1167 1624 1251 14141101),
1657 1188 1687 1233 a.
1715 1170 1778 1233 392
1809 1186 1915 1233 comes
1946 1186 2110 1233 sacramm

477 1288 684 1373 largitionum
706 1289 740 1353 in
762 1289 838 1354 aula
859 1288 1128 1371 Theodosii¹⁰¹⁰i,
1155 1308 1186 1353 a.
1213 1291 1276 1352 400
1299 1288 1483 1374 praefectus
1505 1288 1665 1373 praetorio
1688 1288 1866 1354 Galliarum
1877 1288 1961 1371 1011),
1986 1308 2019 1353 a.
2045 1291 2109 1351 405

477 1408 659 1496 praefectus
681 1408 771 1474 urbis
794 1410 1005 1493 Romae¹⁰¹²).
1053 1408 1129 1492 quia
1158 1408 1191 1472 in
1219 1407 1281 1473 bac
1309 1408 1450 1493 epistula
1479 1406 1520 1474 de
1543 1407 1609 1474 11114
1632 1408 1703 1475 4144
1726 1408 1842 1474 studiis
1865 1406 2032 1473 rhetoricis
2053 1426 2111 1472 oc-

477 1536 594 1617 cupato
617 1550 721 1596 sermo
744 1535 804 1610 est,
829 1529 863 1594 in
879 1528 1067 1615 Symmachi
1089 1534 1253 1594 senectute
1277 1527 1396 1613 scripta
1418 1547 1491 1595 esse
1514 1528 1650 1610 videtur,
1677 1528 1814 1595 fortasse
1836 1527 1949 1594 eodem
1967 1533 2110 1613 tempore

478 1671 549 1717 cum
572 1650 855 1737 praecedentibus.

563 1773 641 1839 VIII
663 1776 704 1836 40
727 1770 883 1837 Aventius
905 1769 1044 1835 fortasse
1065 1768 1154 1834 idem
1177 1775 1236 1849 444,
1264 1769 1320 1852 qui
1342 1767 1376 1833 iu
1398 1767 1602 1853 praefectura
1621 1769 1746 1835 urbana
1760 1770 1863 1835 Basso
1883 1772 1923 1852 (a.
1942 1771 2015 1852 382)
2035 1788 2110 1835 444-

477 1893 584 1975 444414,
610 1891 838 1977 Symmachum
867 1891 906 1973 (a.
932 1891 1113 1973 384-985)
1140 1889 1327 1974 praecessit.
1374 1910 1406 1956 v.
1433 1892 1506 1971 297,
1537 1891 1591 1970 12;
1619 1892 1693 1973 307,
1720 1893 1772 1955 29.

564 2012 642 2078 VIII
665 2017 703 2075 41
731 2011 917 2095 Antiochus,
944 2010 996 2077 cui
1018 2010 1096 2076 VIII
1113 2013 1152 2073 74
1175 2029 1302 2093 quoque
1319 2009 1418 2075 missa
1433 2017 1491 2092 444,
1519 2010 1656 2075 11444411
1671 2009 1758 2077 01144
1774 2010 1876 2077 141444
1892 2009 2026 2093 videtur,
2053 2010 2109 2094 qui

477 2155 509 2200 a.
537 2135 598 2197 395
621 2133 792 2217 proconsul
814 2131 957 2198 Achaiae
979 2131 1129 2211 1414111).
1172 2150 1242 2196 cum
1265 2130 1347 2196 haec
1369 2129 1555 2215 Symmachi
1578 2130 1717 2215 epistula
1739 2131 1782 2197 ad
1805 2150 1879 2196 eum
1903 2132 2103 2210 scriberetur,

477 2254 630 2320 bonorem
659 2254 800 2336 aliquem
823 2253 857 2318 in
879 2253 957 2318 urbe
979 2251 1130 2336 gerebat,
1165 2251 1220 2333 qui
1243 2249 1380 2316 fortasse
1402 2250 1607 2336 praefectura
1629 2270 1776 2318 annonae
1799 2260 1878 2317 erat.
1926 2272 2000 2316 nam
2023 2250 2108 2333 quod

477 2374 655 2461 periculum
678 2374 840 2440 subiturus
863 2392 936 2438 esse
958 2372 1091 2452 dicitur,
1127 2379 1163 2438 ut
1184 2383 1324 2436 coturnus
1349 2375 1510 2435 oratiorum
1533 2375 1631 2435 scissa
1652 2381 1732 2435 veste
1755 2370 1876 2455 fugiat,
1909 2392 1981 2437 eum
2005 2371 2109 2454 magi-

478 2501 609 2561 stratum
640 2493 762 2580 prodit,
796 2493 851 2577 qui
879 2492 990 2579 popuii
1020 2491 1232 2557 seditionibus
1262 2491 1373 2576 inopia
1402 2491 1554 2557 frumenti
1576 2491 1710 2557 excitari
1734 2492 1838 2557 4411414
1861 2493 1914 2557 vei
1937 2490 2109 2577 praecipue

477 2615 643 2700 expositus
672 2613 779 2680 fuerit.
826 2613 913 2697 quod
942 2612 1115 2697 epistulam
1144 2611 1255 2696 Alypii
1285 2611 1442 2697 praefecti
1473 2611 1545 2677 urbi
1572 2633 1603 2677 a.
1637 2616 1694 2678 991
1729 2612 1772 2678 ad
1802 2612 2005 2679 Ambrosium
2034 2631 2107 2696 per-

477 2736 645 2817 44114119),
682 2734 742 2800 sub
776 2734 833 2800 illo
867 2753 941 2799 eum
974 2751 1106 2798 munere
1135 2732 1278 2798 functum
1308 2752 1380 2799 esse
1407 2732 1546 2813 indicat,
1583 2732 1668 2816 quod
1696 2733 1937 2818 proconsulatui
1967 2731 2107 2798 Achaiae

477 2855 570 2921 annis
592 2862 742 2938 quattuor
764 2862 837 2940 post
857 2860 950 2938 gesto
973 2854 1092 2938 optime
1116 2853 1273 2918 convenit.

1137 3081 1440 3089 -—---—-—-.„-....

1031 3300 1556 3386 mmmmmm

566 3491 616 3557 Ad
640 3492 720 3557 duos
742 3492 863 3558 amicos
885 3492 969 3558 ultra
992 3512 1080 3557 mare
1101 3497 1238 3575 agentes
1260 3492 1389 3573 missae,
1417 3512 1551 3576 quorum
1569 3492 1696 3558 litterae
1715 3493 1884 3575 quotannis
1904 3494 2106 3579 navigatione

478 3612 651 3698 incipiente
681 3613 724 3680 ad
747 3613 974 3698 Symmachum
1005 3612 1140 3698 perferri
1170 3611 1327 3677 solebant.
1374 3619 1510 3695 utraque
1539 3612 1639 3696 igitur
1669 3614 1810 3698 epistula
1838 3621 1963 3681 aestate
1990 3616 2107 3700 scripta

479 3741 529 3799 est
558 3740 590 3800 et
619 3754 750 3825 prorsus
772 3734 908 3820 eandem
933 3734 1124 3801 sententiam
1148 3732 1307 3817 exprimit.
1356 3752 1482 3798 summa
1504 3740 1612 3798 autem
1635 3734 1805 3799 verborum
1828 3735 2004 3800 similitudo
2026 3735 2108 3801 inter

478 3855 539 3920 bas
561 3855 685 3921 litteras
708 3862 740 3920 et
762 3855 839 3920 VIII
866 3858 1008 3936 13-16,
1042 3873 1124 3937 quas
1150 3859 1183 3919 et
1203 3852 1296 3938 ipsas
1318 3859 1443 3919 aestate
1466 3853 1559 3919 datas
1583 3874 1654 3920 esse
1678 3861 1818 3935 constat,
1852 3875 1903 3920 me
1927 3856 2040 3935 movit,
2074 3861 2107 3921 ut

567 4134 640 4193 1006)
662 4135 758 4183 Nomen
781 4136 837 4183 eius
861 4136 987 4195 integrum
1010 4134 1115 4182 exbibet
1139 4133 1230 4181 4144144
1248 4133 1395 4181 Stilichonis
1414 4132 1442 4181 0.
1463 4134 1484 4183 1.
1505 4134 1534 4183 L.
1555 4135 1590 4180 Vl
1613 4132 1691 4197 1731,
1718 4136 1759 4182 441
1784 4135 1954 4196 subscrlptum
1973 4140 2025 4183 est:
2053 4147 2106 4181 444-

478 4226 565 4283 4444414
586 4221 695 4285 804414),
709 4220 802 4269 Pisidia
820 4219 928 4269 Romulo
951 4221 1021 4282 uiiro)
1045 4220 1199 4282 effusissimo)
1225 4217 1366 4282 praesiccio)
1392 4219 1473 4283 urbii).
1515 4219 1625 4268 Pisidius
1644 4221 1764 4268 Romulus
1788 4222 1882 4269 dicitur
1900 4221 2008 4283 Ephem.
2028 4224 2105 4284 epigr.

480 4309 515 4357 IV
532 4321 557 4370 p,
579 4306 638 4357 294.

566 4393 641 4454 1007)
663 4392 722 4455 231,
743 4393 758 4442 3
778 4394 817 4442 Ad
836 4395 979 4442 Valerlum:
1004 4394 1085 4457 filiam
1103 4406 1185 4441 meam
1203 4392 1337 4440 Romulum
1355 4406 1398 4452 494
1416 4406 1526 4455 accerso,
1547 4397 1574 4439 ia
1592 4396 1696 4453 44444444)
1720 4406 1764 4454 444
1783 4395 1810 4441 ia
1827 4407 1883 4441 cam
1900 4392 1961 4441 mibi
1977 4406 2106 4454 personum

477 4482 586 4540 parcatis
604 4479 705 4541 odrooo,
727 4484 754 4527 ia
772 4483 811 4528 iar
829 4479 919 4543 adfinia
936 4494 1038 4529 4444444.

566 4564 641 4629 1908)
664 4568 822 4627 Augustinus
840 4566 870 4614 40
888 4566 1023 4615 Romulum
1042 4566 1143 4628 scrIpslt
1161 4566 1295 4628 epistulam
1314 4564 1374 4626 247,
1394 4566 1426 4614 40
1438 4566 1576 4626 Valerium,
1597 4581 1673 4630 quem
1692 4566 1791 4614 Romuli
1810 4566 1918 4614 adunam
1936 4565 2017 4615 fuisse
2036 4565 2107 4625 Sym-

479 4652 580 4700 machus
598 4657 706 4700 testatnr
726 4652 758 4713 (v.
781 4652 838 4701 adu.
863 4650 949 4713 1007),
970 4653 1091 4714 eplstulas
1110 4651 1160 4701 200
1179 4656 1205 4700 44
1223 4650 1273 4700 200
1292 4653 1433 4714 librumque
1452 4654 1560 4714 primum
1578 4654 1610 4701 de
1629 4654 1737 4715 nuptiis.

567 4738 640 4797 1009)
662 4737 722 4789 eod.
743 4738 837 4787 Theod.
858 4738 926 4799 114,
948 4739 963 4787 4
982 4739 1039 4787 0444
1057 4738 1082 4787 0.
1105 4736 1211 4787 19144.
1232 4752 1255 4787 4.
1276 4736 1336 4787 385.

567 4823 641 4887 1010)
662 4823 838 4875 04014440.
859 4824 884 4872 X
905 4824 944 4888 19,
966 4824 981 4873 2
999 4826 1025 4875 0.
1048 4824 1078 4874 19
1098 4825 1170 4874 Febr.
1190 4839 1213 4874 a.
1235 4823 1294 4874 392,
1332 4824 1391 4873 Cori.
1413 4822 1625 4884 1144401445,
1649 4824 1660 4873 1
1682 4826 1706 4875 d.
1730 4824 1760 4875 18
1779 4825 1833 4875 Oct,
1855 4839 1878 4876 a.
1899 4823 1959 4875 392.

567 4910 641 4974 1011)
661 4910 722 4960 (iod.
743 4910 836 4958 Theod.
857 4910 957 4971 1444,
981 4910 1011 4960 10
1036 4913 1060 4960 0.
1081 4910 1181 4972 6444.
1202 4925 1225 4960 a.
1245 4909 1305 4961 400.
1349 4911 1380 4959 40
1405 4911 1513 4960 cundem
1538 4912 1655 4960 honorem
1680 4911 1845 4960 referendum
1868 4917 1922 4973 444,
1948 4912 2015 4973 quod
2037 4925 2108 4973 prae·

479 5001 560 5047 iectus
585 5000 642 5047 urbi
666 4998 693 5045 ln
717 4998 879 5058 iuscriptione
897 5011 955 5046 mox
973 4997 1098 5046 laudanda
1115 4999 1167 5045 nire
1185 5011 1256 5045 acero
1275 5000 1393 5046 Iterum
1411 4996 1527 5046 iudicans
1545 4998 1647 5047 dicitur.
1684 5000 1712 5045 in
1730 4997 1867 5045 Occidente
1885 5010 1943 5045 eum
1962 4998 2108 5059 magistratu

477 5087 594 5134 functum
612 5098 677 5145 esse,
697 5084 813 5144 sequitur
830 5097 862 5131 ex
880 5084 931 5131 loco
949 5083 1101 5132 11401414414
1118 5083 1168 5142 legi
1188 5084 1218 5131 40
1236 5097 1295 5133 oum
1313 5086 1384 5133 datae
1401 5084 1556 5146 subscripto,
1576 5085 1647 5132 4414
1666 5085 1738 5132 Italia
1756 5084 1881 5132 11144444
1899 5084 1948 5130 044
1965 5084 2015 5132 iam
2034 5097 2105 5145 prae·

479 5172 538 5220 14441
557 5172 697 5233 44414444,
719 5169 826 5218 Messala
844 5175 869 5216 et
888 5169 1039 5219 Hadrianus.

567 5255 640 5319 1012)
663 5256 771 5321 Ephem.
791 5255 871 5316 epigr.
891 5254 927 5302 IV
946 5270 972 5317 p.
992 5255 1087 5306 29414
1106 5257 1296 5307 foroliomauo.
1333 5257 1404 5306 stru
1424 5256 1572 5321 uirtutiqiac)
1598 5255 1812 5305 devotissimorum
1836 5257 1944 5305 militam
1963 5256 2108 5306 domnorum

477 5348 616 5393 maironem
635 5342 726 5391 Arcadi
743 5343 840 5391 Honori
858 5346 881 5389 44
903 5341 1020 5389 Theodosi
1035 5344 1179 5402 permirum
1197 5343 1381 5404 naumurum,
1409 5348 1463 5405 post
1481 5342 1620 5403 confertam
1639 5340 1768 5392 Gothicum
1786 5343 1876 5391 betium
1896 5343 1927 5403 (4.
1949 5342 2008 5406 405)
2028 5342 2108 5403 fetici-

478 5434 528 5478 4444
551 5432 645 5479 ocimi
665 5430 786 5490 principis
808 5428 893 5476 domni
915 5430 994 5476 nostri
1012 5427 1119 5492 Honori,
1147 5431 1255 5479 corniliis
1278 5436 1301 5478 44
1324 5429 1472 5490 fortitudine
1496 5431 1607 5478 inlustria
1629 5431 1677 5478 utri
1694 5431 1788 5478 comitii
1806 5434 1829 5477 44
1850 5431 2001 5491 (sequuntur
2023 5442 2107 5478 versus

478 5515 527 5563 duo
548 5516 624 5575 erasi,
650 5517 741 5577 qulbus
760 5514 905 5565 Stilichonis
929 5527 1019 5561 nomen
1044 5514 1195 5577 inscriptum
1218 5516 1275 5577 1414)
1303 5516 1418 5579 41444444)
1442 5514 1628 5580 piopaiasiqiae)
1654 5516 1799 5579 Riomunaa)
1823 5520 1927 5565 carente
1947 5513 2108 5565 1441014144-

477 5603 545 5649 maio
562 5601 631 5665 o(iro)
650 5601 802 5665 eiiuriarimo)
819 5601 965 5663 praesiccis)
983 5600 1039 5648 arbi
1057 5604 1108 5649 4444
1127 5617 1198 5651 scau
1217 5605 1305 5651 iterans
1324 5603 1456 5653 iudicante.

567 5685 641 5747 1013)
662 5687 754 5736 Zoslm.
777 5687 798 5729 V
818 5686 842 5736 5.

568 5773 642 5833 1014)
664 5774 779 5823 Ambros.
799 5775 874 5835 splot.
895 5771 936 5825 89.
