4686 6472
804 427 855 482 DE
874 428 1070 484 simmacus
1089 427 1355 484 ORATIONIBVS.
1837 430 1897 493 XV

256 655 332 734 piae
354 653 520 715 nobilitatis
543 640 667 715 iactauit
687 658 720 717 et
741 674 772 735 q.
793 672 819 717 s.
859 673 943 736 quae
965 652 1050 718 omui
1073 672 1170 718 sensu
1193 659 1312 733 carent,
1339 672 1413 716 nam
1437 652 1514 736 quid
1535 652 1708 719 tolerantia
1729 659 1840 718 aestus
1863 659 1895 717 et

259 770 422 855 frigoris,
443 792 527 856 quae
554 772 588 838 in
609 773 756 856 Augusto
778 772 949 854 laudatur,
982 771 1026 837 ad
1048 773 1163 858 Epium
1187 780 1219 839 et
1241 773 1423 838 Daedalum
1445 773 1604 859 pertinett
1646 773 1765 858 optime
1788 779 1895 839 autem

259 892 366 957 verba
391 902 549 975 praetereo
572 931 613 940 -
636 896 793 957 vindicata
821 899 895 959 ante
925 895 978 957 sed
1007 895 1081 976 quid
1105 898 1197 977 prius
1227 898 1323 957 mirer
1352 895 1564 973 collocantur3
1605 914 1669 977 qua
1697 893 1818 960 ratione
1842 913 1892 974 ea,

261 1033 350 1097 quae
372 1020 477 1078 orator
498 1013 662 1097 praeterit,
687 1012 853 1098 aptissime
876 1013 924 1078 eis
947 1020 1158 1099 opponuntur,
1191 1034 1275 1097 quae
1298 1015 1430 1081 miratur
1451 1021 1484 1080 et
1506 1013 1633 1098 longius
1656 1014 1836 1097 exequitur.

350 1137 423 1214 318,
450 1139 468 1197 5
493 1139 582 1197 totius
604 1135 687 1198 orbis
709 1138 780 1197 estis
803 1136 962 1217 iastipeaae
985 1135 1061 1197 alibi
1078 1135 1216 1216 strictam
1239 1137 1326 1215 tacis,
1355 1136 1432 1199 alibi
1451 1157 1541 1199 asam
1557 1137 1672 1199 laboris
1689 1137 1814 1217 indepti.
1854 1156 1896 1197 aa

258 1276 324 1316 aaa
347 1258 446 1337 ipsam
468 1275 585 1337 quoquc
600 1256 740 1338 Africam
763 1259 831 1318 iare
851 1259 991 1338 patriam
1013 1264 1097 1319 taam
1119 1257 1265 1337 (tamesim,
1291 1276 1369 1338 quae
1391 1265 1420 1319 te
1439 1260 1546 1339 prima
1568 1260 1600 1320 ia
1623 1256 1817 1320 contubermo
1838 1276 1898 1339 pa-

259 1378 359 1438 rentis
375 1376 502 1457 edocuit,
529 1379 629 1459 qualis
649 1380 794 1458 princeps
817 1396 882 1438 esse
905 1377 1052 1439 deberes?
1075 1379 1087 1438 i
1091 1375 1130 1438 bi
1146 1379 1283 1458 primam
1301 1378 1435 1440 tolerans
1451 1380 1524 1441 sotis
1540 1386 1569 1440 ct
1579 1379 1719 1462 pulveris
1734 1396 1800 1439 csse
1814 1378 1897 1439 didi-

258 1498 340 1575 cisti,
367 1498 455 1558 cuius
480 1496 596 1559 dudum
619 1498 774 1560 cauabsda
797 1499 924 1579 Illyriae
946 1499 1032 1559 uiues
1056 1505 1218 1573 temeraria·
1248 1500 1302 1579 qai
1328 1518 1448 1560 ausam
1477 1500 1605 1581 placr’cm
1632 1499 1727 1579 paulo
1751 1505 1820 1559 cate
1840 1518 1898 1580 po-

259 1626 407 1697 taveras,
438 1620 464 1679 is
494 1619 589 1679 cetrati
616 1619 658 1679 ad
687 1620 752 1680 alia
782 1620 927 1681 clementa
949 1619 1120 1679 trrraslatus
1144 1620 1261 1681 creatis
1284 1619 1394 1700 Libyae
1416 1620 1497 1681 sitim
1518 1621 1668 1701 patientia
1692 1618 1894 1699 temperabas.

259 1736 362 1817 locus,
390 1756 485 1818 quem
508 1735 748 1821 exscripsimus,
774 1744 807 1802 et
829 1757 912 1819 quae
936 1757 1010 1802 eum
1033 1743 1219 1820 sequuntur,
1246 1736 1281 1803 in
1296 1736 1486 1823 imperatore
1502 1738 1700 1823 praedicant,
1728 1736 1894 1819 quodiam

258 1855 338 1923 inde
362 1876 382 1921 a
403 1856 508 1942 prima
529 1855 695 1922 iuventute
718 1856 859 1922 omnium
883 1859 1046 1923 caelorum
1067 1858 1109 1923 ab
1132 1857 1245 1922 ultimo
1269 1859 1485 1943 septentrione
1507 1857 1551 1923 ad
1566 1858 1712 1924 ultimum
1727 1856 1895 1922 meridiem

258 1977 495 2062 experientiam
518 1976 655 2062 adeptus
678 1984 739 2042 est.
787 1978 838 2042 cui
860 1978 1051 2062 expositioni
1080 1977 1263 2044 inseruntur
1294 1979 1391 2044 haee:
1426 2002 1480 2043 aec
1508 2000 1654 2062 amquam
1684 1988 1710 2041 te
1738 1981 1895 2041 emistimes

258 2101 334 2161 alir's
356 2101 521 2162 militasse:
548 2098 676 2180 saturus
702 2097 858 2182 dispostas
889 2100 949 2162 sibi
977 2102 1143 2181 quaesiuit,
1177 2102 1325 2183 quidquid
1353 2111 1423 2164 aute
1452 2101 1600 2183 deformia
1631 2104 1769 2162 servavit
1790 2108 1896 2161 tenera

257 2228 365 2297 aetas,
397 2220 477 2301 aad
499 2228 617 2303 reperet
638 2227 763 2281 matura
782 2220 924 2301 felicitas.
979 2240 1062 2302 quae
1085 2239 1157 2284 cum
1180 2217 1225 2285 ad
1246 2219 1344 2287 totius
1371 2220 1489 2305 capitis
1512 2225 1738 2304 argumentum
1762 2217 1893 2284 minime

258 2337 452 2423 pertineant,
481 2359 519 2404 eo
542 2338 639 2403 etiam
662 2338 768 2422 magis
790 2339 944 2405 orationis
966 2360 1084 2406 nexum
1108 2340 1300 2422 disturbant,
1326 2341 1404 2424 quia
1426 2348 1513 2426 post:
1541 2344 1643 2425 quatis
1663 2343 1808 2423 princeps
1831 2360 1896 2403 esse

256 2460 382 2523 deberes
405 2459 563 2525 collocata
584 2467 669 2525 suut.
716 2459 777 2525 hac
807 2460 893 2526 euim
916 2459 1039 2526 ratione
1061 2481 1123 2525 vox
1147 2463 1190 2523 ibi
1210 2460 1291 2526 nihil
1314 2460 1428 2543 habet,
1464 2461 1506 2527 ad
1528 2461 1614 2545 quod
1639 2460 1812 2539 referatur;
1846 2459 1893 2525 si-

258 2579 392 2661 quidem
421 2580 482 2645 loci
512 2579 665 2645 indicatio
687 2579 824 2663 Africam
856 2588 944 2647 tauto
973 2581 1078 2665 ¹spatio
1100 2582 1141 2646 ab
1164 2581 1222 2647 illa
1245 2581 1419 2660 dirimitur,
1455 2590 1490 2648 ut
1510 2582 1565 2647 vix
1587 2582 1687 2647 lector
1709 2580 1893 2664 diligentis-

258 2699 372 2781 simus,
398 2700 517 2766 uedum
540 2699 668 2765 auditor
689 2701 840 2766 orationis
863 2721 958 2767 aures
981 2701 1258 2786 praeterlabentis,
1286 2701 1472 2768 relationem
1488 2722 1665 2786 agnoscere
1682 2700 1794 2785 possit.
1834 2700 1893 2766 sed

256 2820 375 2905 locum,
402 2820 454 2887 cui
477 2821 557 2887 haec
579 2821 739 2887 sentemia
761 2828 836 2906 apte
858 2821 1026 2901 inseratur,
1054 2821 1256 2887 incoationis
1271 2823 1416 2908 partibus
1432 2822 1657 2908 superstitibus
1673 2842 1736 2887 non
1751 2821 1889 2903 invenio,

256 2950 292 3007 et
315 2941 451 3007 sonasse
474 2943 627 3027 scriptor,
661 2962 732 3007 cum
763 2942 823 3007 bas
852 2943 996 3026 argutias
1026 2941 1224 3025 excogitaret
1253 2949 1286 3008 et
1308 2942 1445 3026 margini
1468 2942 1662 3028 exemplaris
1684 2941 1890 3023 adscriberet,

255 3063 330 3148 ipse
353 3063 498 3143 nescivit,
526 3063 656 3129 ubinam
680 3062 827 3128 collocari
851 3062 1013 3128 deberent.

349 3183 463 3268 Capite
486 3190 598 3249 octavo
620 3183 774 3249 orationis
796 3184 918 3269 primae
941 3183 982 3248 de
1003 3183 1102 3266 longa
1125 3183 1357 3250 deliberatione
1380 3203 1485 3249 sermo
1508 3191 1568 3267 est,
1598 3205 1681 3269 quae
1704 3184 1891 3251 electionem

258 3303 481 3369 Valentiniani
510 3304 704 3388 praecessit,
738 3304 842 3388 capite
865 3324 948 3368 nono
972 3302 1012 3369 de
1035 3303 1101 3386 eis,
1136 3304 1189 3387 qui
1212 3305 1390 3389 elegerunt.
1437 3312 1471 3370 at
1498 3305 1596 3390 priori
1618 3305 1699 3371 haec
1721 3306 1821 3371 verba
1842 3305 1893 3369 in-

255 3433 346 3491 serta
367 3432 457 3489 sunt:
485 3446 555 3508 erpo
578 3435 722 3488 seruatus
745 3445 777 3488 cs
801 3427 912 3488 iudicio
934 3427 1146 3505 multitudiuis,
1174 3429 1301 3510 aequis
1324 3435 1351 3489 te
1372 3431 1550 3489 mussitaret
1569 3428 1795 3510 praeiudicium
1817 3447 1891 3508 cap-

256 3556 342 3609 tasse
361 3566 543 3628 paocoram.
592 3566 674 3628 quae
698 3566 771 3611 cum
794 3545 968 3627 electores,
994 3565 1057 3610 uon
1079 3551 1206 3631 tempus
1229 3545 1396 3613 electionis
1419 3554 1575 3631 spectent,
1601 3548 1644 3612 ad
1666 3552 1763 3632 capnt
1783 3552 1892 3631 poste-

256 3667 326 3731 rius
349 3665 520 3731 referenda
542 3673 626 3731 sunt.
668 3665 727 3731 sed
749 3666 782 3731 in
804 3666 865 3730 hoc
887 3666 995 3731 nullus
1016 3665 1106 3730 locus
1129 3674 1189 3751 est,
1215 3688 1278 3750 quo
1293 3667 1453 3733 sententia
1468 3668 1561 3733 salva
1575 3667 1725 3733 collocari
1747 3667 1887 3751 possiut;

256 3807 325 3869 qna
351 3787 473 3852 ratione
502 3785 663 3852 adductus
690 3786 812 3852 conieci
841 3785 969 3869 quidem
999 3795 1073 3871 post
1100 3790 1178 3870 320,
1205 3791 1245 3851 25
1277 3793 1418 3852 iuventas
1443 3788 1502 3853 illa
1529 3787 1703 3853 inserenda
1733 3806 1819 3866 esse,
1857 3791 1892 3850 ιιι

257 3907 423 3972 vinculum
446 3906 609 3988 quoddam
630 3907 715 3973 inter
736 3914 906 3989 utrumque
928 3915 1027 3992 caput
1048 3906 1208 3989 efficiant,
1234 3907 1378 3974 sednon
1400 3929 1484 3992 nego
1506 3907 1682 3973 orationem
1705 3906 1891 3972 concinnius

257 4026 450 4112 procedere,
484 4027 512 4091 si
534 4027 595 4093 hoc
617 4048 743 4112 quoque
773 4028 843 4092 loco
865 4026 981 4093 desint.
1028 4027 1111 4094 haec
1137 4028 1237 4111 igitur
1264 4029 1425 4094 sententia
1447 4035 1479 4095 et
1507 4029 1609 4094 multa
1636 4028 1707 4094 eius
1729 4027 1848 4093 similia
1870 4048 1890 4091 a

256 4147 411 4232 scriptore
432 4147 466 4212 iu
488 4149 633 4232 margine
656 4149 833 4215 orationum
856 4148 968 4214 addita
996 4154 1085 4230 sunt,
1120 4169 1192 4214 cum
1222 4149 1286 4214 iam
1316 4157 1391 4215 ante
1418 4149 1504 4215 omui
1532 4170 1573 4215 ex
1602 4157 1693 4235 parte
1722 4148 1891 4214 absolutae

257 4275 386 4350 essent,
413 4275 448 4333 ut
469 4269 581 4335 autin
603 4290 717 4335 novam
742 4269 914 4336 editionem
936 4269 1155 4354 reciperentur
1176 4277 1233 4336 aut
1254 4290 1288 4335 re
1311 4271 1416 4336 denuo
1439 4289 1599 4355 perpensa
1621 4270 1834 4336 obicerentur.

345 4390 383 4454 Iu
406 4388 457 4454 his
478 4389 795 4473 interpolationibus,
829 4409 913 4473 qnae
936 4389 1129 4474 Symmacho
1152 4391 1216 4474 ipsi
1237 4390 1409 4471 debentur,
1437 4391 1579 4457 maxima
1601 4392 1777 4457 orationum
1801 4389 1890 4455 diiii-

257 4510 365 4575 cultas
388 4509 495 4594 posita
516 4517 579 4590 est3
612 4531 686 4575 uam
709 4509 810 4576 codex
832 4517 941 4577 noster
963 4511 1088 4576 mendis
1111 4511 1239 4594 quidem
1264 4511 1452 4594 vulgaribus
1475 4512 1615 4593 laborat,
1641 4512 1758 4594 quibus
1780 4530 1890 4575 omues

256 4630 333 4695 libri
356 4630 564 4716 manuscripti
586 4632 659 4716 plus
682 4631 788 4696 miuus
809 4631 967 4715 inquinati
991 4637 1074 4711 suut,
1105 4632 1163 4697 sed
1185 4632 1374 4716 plerumque
1397 4632 1610 4716 corruptelam
1633 4651 1730 4713 quam
1753 4631 1890 4696 dicimus
1944 4646 1946 4650 “

257 4770 373 4834 puram
396 4750 608 4834 conservavit,
634 4751 798 4834 maiorque
820 4772 896 4836 pars
919 4751 1181 4834 coniecturarum,
1207 4751 1324 4835 quibus
1345 4752 1512 4834 hueusque
1534 4758 1708 4836 temptatus
1724 4759 1784 4833 est,
1809 4751 1886 4815 inde

258 4870 423 4955 profectae
446 4879 533 4951 suut,
559 4872 645 4955 qnod
668 4872 804 4957 scriptor
825 4892 846 4937 a
867 4872 1040 4938 lectoribus
1062 4893 1174 4957 parum
1197 4872 1230 4936 iu
1252 4872 1349 4937 rebus
1371 4872 1544 4957 verbisque
1566 4871 1718 4957 temporis
1740 4873 1891 4955 Symma-

258 4991 369 5055 chiaui
390 4993 526 5058 versatis
549 4994 634 5058 male
656 4992 837 5058 intellectus
861 5000 921 5058 est.
