4744 6476
509 510 572 573 312
1098 507 1295 565 svnuhcffl
1313 507 1550 565 suessiones

390 700 488 760 TMT
508 704 639 780 regente
669 717 737 761 rem
766 696 928 781 publicam
957 696 1066 761 media
1096 703 1188 781 parte
1218 697 1365 763 mutilata
1395 703 1455 762 est.
1502 704 1576 782 post
1597 698 1804 763 Constantius
1834 718 1937 781 aeque
1959 699 2082 764 relatus
2102 700 2136 764 in

506 800 631 865 eaelum
663 799 896 883 supplicatione
927 799 1075 883 deposita
1105 820 1265 864 annonam
1296 800 1465 865 Puteolani
1495 800 1606 884 populi
1636 800 1750 883 viginti
1779 809 1812 866 et
1840 801 1980 885 quinque
2010 803 2132 867 milium

506 901 686 968 adiectione
718 902 910 981 cumulavit,
941 908 1037 985 atque
1068 902 1114 967 ita
1143 902 1261 968 factum
1292 910 1357 985 est,
1393 910 1428 968 ut
1457 910 1584 968 centum
1615 903 1706 968 milia
1729 904 1874 969 eiusdem
1897 904 2008 989 populi
2030 905 2134 970 victus

466 1009 484 1069 3
507 1006 679 1090 acciperet.
720 1004 779 1070 sed
801 1004 877 1069 divo
893 1005 1018 1069 Iuliano
1034 1005 1220 1071 moderante
1236 1026 1303 1071 rem
1319 1006 1490 1090 publicam,
1518 1025 1590 1071 cum
1605 1006 1718 1090 Lupus
1734 1008 1894 1072 consulari
1909 1008 1978 1074 inre
1995 1008 2134 1094 Campa-

505 1109 579 1175 niae
601 1109 801 1194 praesideret
822 1119 850 1172 ct
865 1108 1146 1174 Tarracinensium
1169 1110 1438 1193 contemplaretur
1452 1108 1629 1193 angustias,
1656 1110 1742 1192 quod
1756 1109 1837 1175 nihil
1853 1111 1990 1176 subsidii
2005 1111 2134 1177 decreta
2153 1131 2165 1169 ε

506 1212 625 1279 dudum
650 1212 770 1298 oppida
792 1211 1009 1291 conferebant,
1035 1233 1075 1277 ne
1099 1211 1267 1277 commoda
1289 1213 1406 1297 populo
1421 1212 1564 1277 Romano
1588 1211 1713 1294 civitas,
1740 1233 1824 1295 quae
1842 1214 1980 1280 lavacris
1997 1215 2134 1299 publicis

505 1316 596 1401 ligna
624 1323 656 1382 et
683 1317 805 1382 calcem
834 1315 1023 1400 reparandis
1055 1316 1223 1382 moenibus
1249 1315 1488 1397 subministrat,
1522 1315 1648 1380 defectu
1673 1315 1778 1380 subito
1801 1317 1962 1383 exhausta
1990 1338 2134 1384 succum-

506 1420 613 1501 beret,
649 1419 789 1502 quinque
819 1419 910 1482 milia
932 1425 965 1482 et
987 1420 1208 1504 septingentos
1230 1418 1353 1483 modios
1376 1418 1561 1484 Puteolanis
1583 1418 1799 1503 municipibus
1822 1419 1995 1504 derogatos
2017 1423 2134 1487 Tarra-

506 1523 684 1588 cinensium
707 1522 780 1587 usui
803 1521 972 1606 deputavit
994 1528 1027 1587 et
1047 1522 1266 1607 amplissimae
1290 1522 1512 1606 praetorianae
1536 1521 1606 1586 sedi
1628 1528 1748 1588 statuta
1763 1529 1796 1588 et
1810 1523 1943 1589 definita
1958 1526 2131 1609 suggessit.

504 1625 713 1690 Mamertinus
743 1625 778 1690 id
808 1627 961 1710 temporis
992 1626 1215 1709 praefecturae
1245 1625 1364 1690 honore
1394 1626 1548 1709 pollebat.
1594 1625 1623 1690 is
1653 1645 1725 1689 cum
1755 1626 1913 1710 disposita
1940 1629 2181 1708 roborassetis

504 1728 711 1793 nihilominus
739 1728 907 1793 arbitrium
937 1727 1106 1812 imperiale
1137 1728 1297 1793 consuluit
1325 1748 1430 1810 neque
1460 1728 1561 1793 ullum
1584 1748 1790 1812 responsum,
1823 1729 1909 1813 quod
1931 1750 1970 1796 eo
1991 1739 2134 1816 tempore

464 1831 591 1897 ibello
622 1831 752 1896 Persico
785 1838 888 1897 rector
921 1830 1049 1916 imperii
1079 1832 1262 1910 tenebatur,
1303 1831 1439 1915 accepit.
1485 1829 1602 1897 exhinc
1630 1851 1688 1917 per
1716 1832 1838 1916 aliquot
1866 1853 1969 1900 annos
1998 1834 2136 1900 cucurrit

506 1934 569 2000 ista
598 1933 772 2019 praebitio,
806 1933 908 2000 donec
931 1935 1088 2018 Capuana
1111 1934 1233 2016 legatio
1255 1934 1343 2018 apud
1365 1934 1474 2000 divum
1497 1941 1594 2017 atque
1615 1934 1772 2019 inclytum
1795 1935 1984 2001 Gratianum
2007 1957 2134 2018 germa-

506 2058 582 2101 num
611 2037 750 2102 numinis
773 2037 871 2103 vestri
899 2057 959 2103 sua
981 2045 1104 2103 tantum
1128 2037 1247 2102 damna
1269 2037 1442 2122 deplorans
1464 2058 1537 2103 eum
1561 2037 1712 2103 frumenti
1734 2059 1919 2119 numerum,
1953 2060 2050 2122 quem
2072 2040 2133 2105 Ce-

434 2165 437 2171 ·
506 2139 604 2205 realis
639 2160 680 2206 ex
716 2140 827 2204 multis
864 2140 999 2205 urbibus
1027 2141 1170 2205 Romano
1208 2141 1327 2224 populo
1365 2139 1562 2222 vindicarat,
1599 2140 1726 2206 restitui
1760 2143 1907 2208 omnibus
1935 2143 2129 2226 impetraret.
2152 2159 2180 2198 ¹⁵

506 2242 566 2308 sed
587 2244 753 2308 occasione
776 2242 923 2327 rescripti
945 2263 1017 2308 cum
1040 2243 1111 2307 sola
1133 2243 1265 2325 triginta
1288 2251 1320 2308 et
1342 2252 1412 2308 octo
1434 2243 1525 2308 milia
1547 2243 1699 2327 modium,
1728 2264 1813 2328 quae
1835 2244 1960 2311 horreis
1981 2253 2132 2312 aeternae

505 2346 594 2413 urbis
616 2354 837 2429 accesserant,
863 2346 1108 2432 provincialium
1131 2352 1355 2431 recuperasset
1376 2346 1568 2429 alimoniae,
1602 2347 1700 2413 etiam
1722 2348 1863 2431 quinque
1884 2348 1978 2414 milia
1999 2356 2032 2415 et
2061 2369 2134 2434 sep-

464 2450 667 2534 5tingentos
701 2450 824 2515 modios
853 2449 1023 2515 Puteolani
1059 2449 1236 2535 municipes
1265 2449 1555 2515 Tarracinensibus
1585 2451 1776 2516 abnuerunt.
1824 2471 1895 2516 eum
1926 2451 2025 2534 igitur
2054 2451 2134 2517 haee

504 2573 603 2619 cauea
624 2554 659 2619 in
680 2553 833 2619 iudicium
856 2552 1053 2637 provinciale
1076 2553 1236 2634 venisset,
1266 2574 1298 2617 v.
1324 2573 1352 2619 c.
1378 2554 1558 2618 consularis
1579 2573 1644 2617 non
1665 2552 1869 2619 considerata
1889 2573 2025 2636 summa,
2051 2575 2133 2636 quae

505 2656 659 2741 rescripto
682 2656 749 2721 divi
771 2656 923 2742 principis
946 2656 1131 2736 tenebatur,
1164 2655 1358 2722 iudicatione
1381 2656 1528 2740 generali
1550 2656 1658 2721 omnia
1680 2656 1867 2723 Puteolanis
1888 2656 2055 2722 reddenda
2076 2657 2133 2722 de·
2152 2673 2180 2714 ²⁰

505 2760 616 2825 crevit.
657 2779 766 2825 verum
789 2766 863 2843 post
883 2759 1135 2843 appellationem
1158 2758 1297 2841 cognitio
1320 2760 1470 2824 auditorii
1493 2760 1588 2842 sacri,
1614 2781 1687 2825 oum
1710 2761 1801 2825 illum
1824 2759 1974 2826 frumenti
1991 2760 2130 2842 modum,

504 2863 560 2946 qui
582 2862 756 2947 Campanis
785 2861 893 2927 fuerat
922 2861 1105 2943 restitutus,
1139 2883 1160 2926 a
1190 2861 1331 2945 quinque
1361 2863 1493 2928 milibus
1523 2871 1556 2928 et
1586 2863 1798 2948 septingentis
1823 2862 1958 2943 modiis,
1990 2882 2071 2945 quos
2092 2863 2133 2927 ob

504 2965 715 3031 necessitates
745 2964 833 3030 urbis
865 2971 1017 3030 aeternae
1050 2965 1164 3030 civitas
1187 2965 1431 3030 Tarracinensis
1461 2966 1603 3051 aceepit,
1637 2972 1793 3031 secretum
1823 2977 1896 3030 esse
1925 2964 2129 3050 perspiceret,

505 3075 654 3134 manente
677 3068 805 3133 decreto
828 3066 946 3133 divalis
968 3067 1092 3133 oraculi
1116 3088 1157 3134 ea
1178 3067 1340 3150 subsidia,
1376 3088 1459 3152 quae
1480 3067 1733 3133 Tarracinenses
1763 3067 1882 3134 iudicio
1904 3066 1987 3151 Lupi
2010 3073 2043 3132 et
2063 3067 2132 3131 Ma-

505 3171 632 3236 mertini
646 3170 801 3255 praefecti
818 3169 1055 3237 confirmatione
1071 3171 1251 3256 capiebant,
1279 3190 1339 3236 nec
1361 3171 1511 3236 roborare
1533 3171 1647 3255 potuit,
1673 3190 1746 3236 cum
1768 3168 1915 3255 responsi
1938 3169 2024 3234 sacri
2044 3169 2134 3234 nulle
2151 3186 2181 3229 rs

505 3280 630 3339 extaret
649 3273 832 3355 auctoritas,
860 3292 920 3338 nec
939 3272 1069 3339 demere
1092 3273 1227 3355 civitati,
1254 3293 1295 3339 ne
1317 3275 1456 3358 populus
1478 3274 1671 3340 utilitatibus
1693 3281 1845 3339 aeternae
1868 3272 1955 3338 urbis
1977 3270 2133 3338 obnoxius

465 3381 484 3440 6
509 3376 603 3441 iustis
633 3376 809 3442 commodis
831 3375 1002 3459 indigeret.
1050 3398 1127 3460 ergo
1150 3384 1185 3442 ut
1206 3376 1239 3440 in
1262 3377 1359 3442 rebus
1382 3377 1489 3443 dubiis
1511 3376 1583 3442 fieri
1606 3384 1704 3461 amat,
1730 3377 1773 3442 ad
1795 3375 1984 3441 clementiae
2007 3382 2133 3441 vestrae

507 3479 637 3545 salubre
667 3478 822 3545 iudicium
850 3480 1076 3562 convolamus,
1109 3480 1186 3546 licet
1216 3480 1362 3546 defensio
1383 3480 1561 3546 Puteolana
1584 3487 1656 3565 post
1676 3481 1866 3565 promissam
1888 3479 2078 3545 relationem
2099 3478 2132 3543 in

507 3602 633 3648 cassum
650 3581 822 3649 crediderit
836 3582 1085 3667 provocandum.
1126 3590 1255 3669 praesto
1271 3591 1322 3650 cst
1336 3590 1499 3667 gestorum
1513 3582 1606 3664 fides,
1633 3602 1716 3667 quae
1738 3583 1971 3668 perennitatem
1993 3588 2133 3648 vestram

505 3686 607 3770 possit
633 3687 802 3751 instruere.
851 3706 972 3769 quaeso
1001 3692 1099 3769 atque
1121 3687 1271 3770 obsecro,
1304 3694 1339 3752 ut
1360 3686 1489 3770 negotio
1511 3687 1614 3751 multa
1634 3692 1742 3752 aetate
1763 3685 1889 3751 nutanti
1911 3685 2042 3752 tandem
2065 3692 2133 3750 sta-
2151 3702 2181 3744 ao

504 3788 570 3854 bile
592 3789 768 3855 remedium
791 3788 966 3855 deferatur.

1054 4152 1200 4217 xxxxi
1220 4152 1297 4236 (nv.
1315 4151 1417 4237 nxru
1452 4172 1484 4216 a.
1502 4153 1576 4216 aar.

591 4323 719 4389 Certum
735 4330 832 4406 atque
847 4321 1024 4388 dilucidum
1040 4329 1099 4406 est,
1125 4323 1207 4388 nihil
1224 4343 1297 4390 esse
1318 4330 1384 4390 tam
1407 4322 1567 4388 familiare
1590 4321 1718 4404 legibus
1740 4340 1836 4405 quam
1859 4327 1968 4387 vestra
1989 4319 2128 4403 decreta,

504 4423 582 4490 ddd.
600 4424 735 4510 imppp„
762 4425 821 4490 sed
836 4434 1041 4492 executurum
1059 4447 1161 4512 prava
1183 4427 1413 4511 interpretatio,
1441 4426 1517 4492 dum
1541 4424 1795 4511 supplicantibus
1819 4424 1918 4508 iavet,
1943 4426 2132 4509 plerumque

503 4527 594 4593 iussa
609 4528 792 4613 corrumpit.
832 4535 990 4595 statuerat
1003 4537 1151 4615 receptus
1165 4531 1200 4594 in
1222 4532 1348 4596 eaelum
1370 4548 1543 4614 germanus
1565 4528 1706 4593 numinis
1728 4527 1836 4609 vestri,
1862 4548 1935 4593 cum
1950 4527 2132 4592 Marcianus
2151 4544 2180 4586 rs

504 4630 624 4696 dudum
648 4637 806 4716 protector
827 4633 997 4715 Aggareee
1029 4633 1112 4697 bona
1141 4639 1303 4715 tamquam
1334 4632 1484 4698 vacantia
1513 4632 1728 4716 postulasset,
1762 4637 1813 4712 ut,
1849 4630 1876 4695 si
1908 4650 1948 4696 ea
1969 4628 2132 4695 hereditas

591 4943 647 4993 let
664 4944 680 4992 4
698 4959 736 5007 rp.
755 4943 806 4991 TM
910 4941 1119 5011 lGonstautius]
1137 4959 1211 5006 quem
1230 4947 1261 4994 N.
1283 4942 1309 4992 Γ
1410 4942 1583 5007 2ρε1εο11Μ
1684 4956 1737 4990 xxv
1756 4942 1792 4992 M.
1812 4943 1878 4991 mod.
1897 4940 1924 4990 Γ
2023 4941 2128 4991 3011.

503 5032 569 5080 mod.
584 5029 611 5079 Γ
708 5032 836 5081 iiuliaui
849 5030 877 5078 M
982 5028 1221 5096 ipraesideretet]
1234 5030 1325 5093 Meyer,
1340 5031 1494 5095 praesideret
1509 5028 1567 5089 TM,
1582 5028 1730 5092 praesidens
1743 5026 1771 5075 Γ
1863 5028 2072 5076 terracinensium
2085 5025 2137 5074 ΜΓ

503 5116 610 5180 iiopids
631 5118 681 5165 TM
783 5118 888 5166 balacris
908 5116 937 5164 M
1038 5116 1186 5178 8derogata
1207 5116 1257 5164 TM
1359 5116 1503 5165 scironia
1518 5113 1545 5163 Γ
1644 5116 1757 5174 suggesti
1777 5113 1829 5161 TM
1932 5113 2087 5165 lietuino
2106 5112 2133 5161 M

505 5203 535 5254 13
554 5205 674 5253 deneeT
789 5204 820 5253 15
838 5219 858 5252 r.
879 5219 904 5265 p.
926 5201 953 5251 Γ
1060 5203 1229 5253 uindicaraT
1342 5203 1443 5251 restitui
1461 5203 1577 5250 omnibns
1596 5201 1632 5248 hle
1650 5203 1769 5261 scriptum
1787 5200 1856 5250 inT
1959 5202 2094 5262 imperaret
2111 5196 2137 5246 Γ

504 5288 535 5338 16
554 5304 607 5337 xxx
627 5297 654 5338 et
670 5303 722 5337 v111
739 5291 851 5339 modium
870 5288 897 5338 Γ
1006 5289 1037 5338 17
1056 5295 1194 5338 accesserat
1215 5288 1266 5335 TM
1378 5285 1541 5339 alimonias
1649 5285 1681 5336 18
1699 5288 1830 5349 municeps
1849 5285 1878 5333 M
1993 5285 2024 5336 19
2043 5299 2133 5335 conau-

503 5373 573 5443 laris]
592 5376 682 5438 Meyer,
706 5379 848 5425 consulares
869 5375 928 5439 TM,
949 5390 997 5425 om.
1019 5374 1046 5424 Γ
1180 5373 1213 5423 21)
1232 5376 1378 5423 iudicationl
1397 5374 1426 5422 M
1563 5372 1593 5422 21
1615 5374 1724 5434 cognitio
1741 5387 1791 5422 om.
1814 5373 1835 5419 T
1972 5372 2091 5420 adiutoril
2112 5370 2132 5418 T

502 5460 535 5511 22
553 5463 656 5510 milibus
674 5469 701 5510 et
718 5477 766 5513 om.
782 5463 809 5510 M
921 5460 954 5510 23
973 5463 1150 5511 terracinensis
1169 5458 1224 5509 ΜΓ
1323 5462 1419 5523 aceepit
1436 5487 1471 5495 -
1489 5459 1522 5509 21
1540 5474 1604 5523 quae
1623 5460 1817 5507 Tarracinenses
1834 5473 1884 5509 om.
1900 5457 1929 5504 M
2039 5455 2073 5506 23
2091 5470 2131 5504 se·

502 5544 612 5615 cretum]
632 5549 720 5611 Meyer,
742 5550 878 5598 discretum
897 5548 970 5610 Suae,
989 5549 1117 5596 decretum
1138 5545 1188 5595 TF
1306 5546 1338 5596 21
1358 5548 1534 5596 tarracinensis
1554 5547 1575 5593 T
1704 5545 1736 5594 21
1756 5548 1809 5593 tlerl
1827 5540 1906 5611 amat]
1924 5542 2014 5605 Meyer,
2034 5544 2128 5591 teriam.

502 5642 528 5682 et
548 5634 606 5697 TM,
627 5637 682 5683 deri
700 5635 762 5683 solet
780 5632 807 5682 Γ
905 5633 939 5684 28
958 5636 1118 5697 praemissam
1137 5632 1159 5681 I
1265 5632 1294 5681 31
1315 5634 1358 5682 hoc
1376 5635 1429 5682 loco
1446 5635 1588 5682 relationem
1606 5634 1704 5680 tertiam
1722 5634 1810 5681 macrii
1828 5629 1855 5679 Γ

588 5720 621 5772 32
639 5722 671 5771 D.
693 5721 831 5769 Theodosio
849 5735 948 5782 semper
966 5724 1032 5782 Aug.
1054 5721 1216 5780 Symmachus
1234 5721 1313 5782 praei.
1334 5722 1389 5768 urb.
1412 5717 1438 5767 Γ
1568 5718 1600 5768 34
1620 5711 1675 5767 ddd
1693 5717 1758 5780 imp-r
1777 5717 1812 5782 M,
1833 5719 1865 5767 D.
1886 5719 2024 5779 Imperator
2043 5712 2074 5778 Ι,
2094 5712 2129 5776 es.

502 5823 529 5869 p.
549 5806 608 5867 219,
630 5806 645 5855 'l
751 5806 940 5856 samaritanus
959 5805 1009 5857 MI
1112 5806 1145 5856 36
1164 5808 1287 5867 Aggariae
1305 5804 1332 5854 Γ
