<?xml version="1.0" encoding="UTF-8"?>
<!DOCTYPE html PUBLIC "-//W3C//DTD XHTML 1.0 Transitional//EN"
    "http://www.w3.org/TR/xhtml1/DTD/xhtml1-transitional.dtd">
<html xmlns="http://www.w3.org/1999/xhtml" xml:lang="en" lang="en">
 <head>
  <title>
</title>
<meta http-equiv="Content-Type" content="text/html;charset=utf-8" />
  <meta name='ocr-system' content='tesseract 3.04.00' />
  <meta name='ocr-capabilities' content='ocr_page ocr_carea ocr_par ocr_line ocrx_word'/>
</head>
<body>
  <div class='ocr_page' id='page_1' title='image "./qaureliisymmach00seecgoog_0452.png"; bbox 0 0 4716 6476; ppageno 0'>
   <div class='ocr_carea' id='block_1_1' title="bbox 927 482 1137 539">
    <p class='ocr_par' dir='ltr' id='par_1_1' title="bbox 927 482 1137 539">
     <span class='ocr_line' id='line_1_1' title="bbox 927 482 1137 539; baseline -0.019 0"><span class='ocrx_word' id='word_1_1' title='bbox 927 483 1041 539; x_wconf 86' lang='lat' dir='ltr'>LIBER</span> <span class='ocrx_word' id='word_1_2' title='bbox 1059 482 1137 539; x_wconf 87' lang='lat' dir='ltr'>Vlll.</span> 
     </span>
    </p>
   </div>
   <div class='ocr_carea' id='block_1_2' title="bbox 825 844 1904 1064">
    <p class='ocr_par' dir='ltr' id='par_1_2' title="bbox 825 844 1904 1064">
     <span class='ocr_line' id='line_1_2' title="bbox 825 844 1234 927; baseline 0.007 -19"><span class='ocrx_word' id='word_1_3' title='bbox 825 845 911 909; x_wconf 86' lang='lat' dir='ltr'>uxv</span> <span class='ocrx_word' id='word_1_4' title='bbox 932 844 1073 927; x_wconf 77' lang='lat' dir='ltr'>(amm)</span> <span class='ocrx_word' id='word_1_5' title='bbox 1110 865 1141 910; x_wconf 73' lang='lat' dir='ltr'>a.</span> <span class='ocrx_word' id='word_1_6' title='bbox 1161 846 1234 911; x_wconf 81' lang='lat' dir='ltr'>aas.</span> 
     </span>
     <span class='ocr_line' id='line_1_3' title="bbox 856 976 1904 1064; baseline -0.002 0"><span class='ocrx_word' id='word_1_7' title='bbox 856 998 914 1064; x_wconf 75' lang='lat' dir='ltr'>ru</span> <span class='ocrx_word' id='word_1_8' title='bbox 937 998 1202 1064; x_wconf 76' lang='lat' dir='ltr'>unursmvru.</span> <span class='ocrx_word' id='word_1_9' title='bbox 1623 976 1632 991; x_wconf 81' lang='grc'><em>’</em></span> <span class='ocrx_word' id='word_1_10' title='bbox 1866 1001 1904 1062; x_wconf 87' lang='lat' dir='ltr'>rr</span> 
     </span>
    </p>
   </div>
   <div class='ocr_carea' id='block_1_3' title="bbox 92 1170 1848 1770">
    <p class='ocr_par' dir='ltr' id='par_1_3' title="bbox 307 1170 1847 1256">
     <span class='ocr_line' id='line_1_4' title="bbox 307 1170 1847 1256; baseline -0.001 -19"><span class='ocrx_word' id='word_1_11' title='bbox 307 1171 429 1237; x_wconf 84' lang='lat' dir='ltr'>ludieio</span> <span class='ocrx_word' id='word_1_12' title='bbox 459 1170 576 1254; x_wconf 85' lang='lat' dir='ltr'>quietis</span> <span class='ocrx_word' id='word_1_13' title='bbox 605 1170 747 1235; x_wconf 88' lang='lat' dir='ltr'>urbanae</span> <span class='ocrx_word' id='word_1_14' title='bbox 777 1178 903 1255; x_wconf 90' lang='lat' dir='ltr'>tempus</span> <span class='ocrx_word' id='word_1_15' title='bbox 933 1170 1169 1253; x_wconf 88' lang='lat' dir='ltr'>quodammode</span> <span class='ocrx_word' id='word_1_16' title='bbox 1198 1172 1375 1256; x_wconf 88' lang='lat' dir='ltr'>usurpandi</span> <span class='ocrx_word' id='word_1_17' title='bbox 1403 1171 1460 1237; x_wconf 89' lang='lat' dir='ltr'>otii</span> <span class='ocrx_word' id='word_1_18' title='bbox 1488 1171 1680 1255; x_wconf 77' lang='lat' dir='ltr'>prorogasti.</span> <span class='ocrx_word' id='word_1_19' title='bbox 1731 1172 1847 1237; x_wconf 90' lang='lat' dir='ltr'>abesse</span> 
     </span>
    </p>

    <p class='ocr_par' dir='ltr' id='par_1_4' title="bbox 222 1272 1848 1359">
     <span class='ocr_line' id='line_1_5' title="bbox 222 1272 1848 1359; baseline -0.002 -17"><span class='ocrx_word' id='word_1_20' title='bbox 222 1277 305 1342; x_wconf 90' lang='lat' dir='ltr'>enim</span> <span class='ocrx_word' id='word_1_21' title='bbox 334 1276 465 1358; x_wconf 87' lang='lat' dir='ltr'>longum</span> <span class='ocrx_word' id='word_1_22' title='bbox 487 1272 659 1357; x_wconf 79' lang='lat' dir='ltr'>placiditas</span> <span class='ocrx_word' id='word_1_23' title='bbox 681 1293 733 1338; x_wconf 91' lang='lat' dir='ltr'>me</span> <span class='ocrx_word' id='word_1_24' title='bbox 756 1273 874 1338; x_wconf 84' lang='lat' dir='ltr'>civium</span> <span class='ocrx_word' id='word_1_25' title='bbox 897 1272 973 1337; x_wconf 93' lang='lat' dir='ltr'>siuit</span> <span class='ocrx_word' id='word_1_26' title='bbox 995 1273 1136 1338; x_wconf 85' lang='lat' dir='ltr'>consiliis</span> <span class='ocrx_word' id='word_1_27' title='bbox 1158 1274 1223 1339; x_wconf 93' lang='lat' dir='ltr'>tuis</span> <span class='ocrx_word' id='word_1_28' title='bbox 1246 1281 1355 1359; x_wconf 86' lang='lat' dir='ltr'>parta,</span> <span class='ocrx_word' id='word_1_29' title='bbox 1389 1274 1506 1356; x_wconf 87' lang='lat' dir='ltr'>quibus</span> <span class='ocrx_word' id='word_1_30' title='bbox 1528 1274 1621 1358; x_wconf 90' lang='lat' dir='ltr'>plebs</span> <span class='ocrx_word' id='word_1_31' title='bbox 1644 1273 1776 1339; x_wconf 87' lang='lat' dir='ltr'>redaota</span> <span class='ocrx_word' id='word_1_32' title='bbox 1797 1280 1848 1339; x_wconf 86' lang='lat' dir='ltr'>eat</span> 
     </span>
    </p>

    <p class='ocr_par' dir='ltr' id='par_1_5' title="bbox 92 1376 1847 1462">
     <span class='ocr_line' id='line_1_6' title="bbox 92 1376 1847 1462; baseline -0.003 -17"><span class='ocrx_word' id='word_1_33' title='bbox 92 1440 99 1454; x_wconf 85' lang='lat'>,</span> <span class='ocrx_word' id='word_1_34' title='bbox 186 1380 252 1445; x_wconf 73' lang='lat' dir='ltr'>ain</span> <span class='ocrx_word' id='word_1_35' title='bbox 282 1376 467 1462; x_wconf 86' lang='lat' dir='ltr'>paenitendi</span> <span class='ocrx_word' id='word_1_36' title='bbox 497 1376 737 1441; x_wconf 85' lang='lat' dir='ltr'>verecundiam.</span> <span class='ocrx_word' id='word_1_37' title='bbox 784 1394 869 1440; x_wconf 81' lang='lat' dir='ltr'>nane</span> <span class='ocrx_word' id='word_1_38' title='bbox 898 1395 975 1459; x_wconf 91' lang='lat' dir='ltr'>ergo</span> <span class='ocrx_word' id='word_1_39' title='bbox 1004 1384 1076 1461; x_wconf 92' lang='lat' dir='ltr'>post</span> <span class='ocrx_word' id='word_1_40' title='bbox 1105 1396 1251 1442; x_wconf 86' lang='lat' dir='ltr'>aurarum</span> <span class='ocrx_word' id='word_1_41' title='bbox 1275 1376 1415 1441; x_wconf 91' lang='lat' dir='ltr'>omnium</span> <span class='ocrx_word' id='word_1_42' title='bbox 1438 1376 1549 1460; x_wconf 90' lang='lat' dir='ltr'>fugam</span> <span class='ocrx_word' id='word_1_43' title='bbox 1571 1376 1746 1461; x_wconf 82' lang='lat' dir='ltr'>producere</span> <span class='ocrx_word' id='word_1_44' title='bbox 1768 1377 1847 1442; x_wconf 91' lang='lat' dir='ltr'>mihi</span> 
     </span>
    </p>

    <p class='ocr_par' dir='ltr' id='par_1_6' title="bbox 221 1478 1847 1563">
     <span class='ocr_line' id='line_1_7' title="bbox 221 1478 1847 1563; baseline -0.001 -16"><span class='ocrx_word' id='word_1_45' title='bbox 221 1482 334 1561; x_wconf 84' lang='lat' dir='ltr'>ferias,</span> <span class='ocrx_word' id='word_1_46' title='bbox 368 1487 403 1545; x_wconf 91' lang='lat' dir='ltr'>ut</span> <span class='ocrx_word' id='word_1_47' title='bbox 424 1480 470 1544; x_wconf 89' lang='lat' dir='ltr'>ita</span> <span class='ocrx_word' id='word_1_48' title='bbox 493 1478 614 1559; x_wconf 86' lang='lat' dir='ltr'>dicam,</span> <span class='ocrx_word' id='word_1_49' title='bbox 648 1478 785 1563; x_wconf 81' lang='lat' dir='ltr'>pingues</span> <span class='ocrx_word' id='word_1_50' title='bbox 810 1478 930 1543; x_wconf 77' lang='lat' dir='ltr'><strong>licebit.</strong></span> <span class='ocrx_word' id='word_1_51' title='bbox 977 1480 1125 1560; x_wconf 88' lang='lat' dir='ltr'>quamvis</span> <span class='ocrx_word' id='word_1_52' title='bbox 1148 1480 1333 1563; x_wconf 80' lang='lat' dir='ltr'>praecipere</span> <span class='ocrx_word' id='word_1_53' title='bbox 1356 1480 1462 1545; x_wconf 90' lang='lat' dir='ltr'>anime</span> <span class='ocrx_word' id='word_1_54' title='bbox 1484 1486 1539 1545; x_wconf 90' lang='lat' dir='ltr'>tue</span> <span class='ocrx_word' id='word_1_55' title='bbox 1560 1478 1682 1545; x_wconf 86' lang='lat' dir='ltr'>ineerta</span> <span class='ocrx_word' id='word_1_56' title='bbox 1703 1500 1767 1544; x_wconf 91' lang='lat' dir='ltr'>non</span> <span class='ocrx_word' id='word_1_57' title='bbox 1789 1479 1847 1546; x_wconf 89' lang='lat' dir='ltr'>de-</span> 
     </span>
    </p>

    <p class='ocr_par' dir='ltr' id='par_1_7' title="bbox 221 1581 1846 1770">
     <span class='ocr_line' id='line_1_8' title="bbox 221 1581 1846 1668; baseline -0.003 -18"><span class='ocrx_word' id='word_1_58' title='bbox 221 1587 331 1667; x_wconf 89' lang='lat' dir='ltr'>beam,</span> <span class='ocrx_word' id='word_1_59' title='bbox 362 1584 417 1668; x_wconf 83' lang='lat' dir='ltr'>qui</span> <span class='ocrx_word' id='word_1_60' title='bbox 439 1583 499 1647; x_wconf 91' lang='lat' dir='ltr'>sim</span> <span class='ocrx_word' id='word_1_61' title='bbox 522 1582 600 1647; x_wconf 90' lang='lat' dir='ltr'>mihi</span> <span class='ocrx_word' id='word_1_62' title='bbox 624 1582 770 1647; x_wconf 87' lang='lat' dir='ltr'>eouseius</span> <span class='ocrx_word' id='word_1_63' title='bbox 792 1589 922 1647; x_wconf 83' lang='lat' dir='ltr'>tenerae</span> <span class='ocrx_word' id='word_1_64' title='bbox 944 1582 977 1646; x_wconf 90' lang='lat' dir='ltr'>iu</span> <span class='ocrx_word' id='word_1_65' title='bbox 1000 1603 1057 1647; x_wconf 89' lang='lat' dir='ltr'>vos</span> <span class='ocrx_word' id='word_1_66' title='bbox 1080 1581 1271 1648; x_wconf 79' lang='lat' dir='ltr'>adieetienis</span> <span class='ocrx_word' id='word_1_67' title='bbox 1294 1589 1327 1648; x_wconf 88' lang='lat' dir='ltr'>et</span> <span class='ocrx_word' id='word_1_68' title='bbox 1354 1582 1442 1648; x_wconf 91' lang='lat' dir='ltr'>illius</span> <span class='ocrx_word' id='word_1_69' title='bbox 1472 1582 1642 1665; x_wconf 89' lang='lat' dir='ltr'>desiderii,</span> <span class='ocrx_word' id='word_1_70' title='bbox 1674 1603 1738 1665; x_wconf 88' lang='lat' dir='ltr'>quo</span> <span class='ocrx_word' id='word_1_71' title='bbox 1765 1604 1846 1665; x_wconf 86' lang='lat' dir='ltr'>pree</span> 
     </span>
     <span class='ocr_line' id='line_1_9' title="bbox 222 1684 1114 1770; baseline -0.004 -16"><span class='ocrx_word' id='word_1_72' title='bbox 222 1687 344 1754; x_wconf 85' lang='lat' dir='ltr'>eunetis</span> <span class='ocrx_word' id='word_1_73' title='bbox 366 1686 451 1752; x_wconf 88' lang='lat' dir='ltr'>vitae</span> <span class='ocrx_word' id='word_1_74' title='bbox 474 1685 693 1770; x_wconf 86' lang='lat' dir='ltr'>voluptatibus</span> <span class='ocrx_word' id='word_1_75' title='bbox 715 1684 851 1769; x_wconf 88' lang='lat' dir='ltr'>patriam</span> <span class='ocrx_word' id='word_1_76' title='bbox 874 1704 979 1751; x_wconf 87' lang='lat' dir='ltr'>meam</span> <span class='ocrx_word' id='word_1_77' title='bbox 1001 1685 1114 1768; x_wconf 90' lang='lat' dir='ltr'>diligo.</span> 
     </span>
    </p>
   </div>
   <div class='ocr_carea' id='block_1_4' title="bbox 179 1942 1203 2163">
    <p class='ocr_par' dir='ltr' id='par_1_8' title="bbox 179 1942 1203 2163">
     <span class='ocr_line' id='line_1_10' title="bbox 905 1942 1158 2027; baseline 0.004 -20"><span class='ocrx_word' id='word_1_78' title='bbox 905 1942 1008 2008; x_wconf 84' lang='lat' dir='ltr'>uxvr</span> <span class='ocrx_word' id='word_1_79' title='bbox 1037 1943 1158 2027; x_wconf 72' lang='lat' dir='ltr'>(axv).</span> 
     </span>
     <span class='ocr_line' id='line_1_11' title="bbox 179 2097 1203 2163; baseline 0.005 -5"><span class='ocrx_word' id='word_1_80' title='bbox 179 2120 204 2159; x_wconf 82' lang='lat' dir='ltr'>lo</span> <span class='ocrx_word' id='word_1_81' title='bbox 859 2097 918 2162; x_wconf 74' lang='lat' dir='ltr'>au</span> <span class='ocrx_word' id='word_1_82' title='bbox 944 2097 1203 2163; x_wconf 83' lang='lat' dir='ltr'>aaaevmvu.</span> 
     </span>
    </p>
   </div>
   <div class='ocr_carea' id='block_1_5' title="bbox 179 2268 1849 2768">
    <p class='ocr_par' dir='ltr' id='par_1_9' title="bbox 222 2268 1849 2663">
     <span class='ocr_line' id='line_1_12' title="bbox 306 2268 1849 2355; baseline -0.001 -19"><span class='ocrx_word' id='word_1_83' title='bbox 306 2272 445 2354; x_wconf 80' lang='lat' dir='ltr'>Agerem</span> <span class='ocrx_word' id='word_1_84' title='bbox 468 2270 525 2336; x_wconf 89' lang='lat' dir='ltr'>tibi</span> <span class='ocrx_word' id='word_1_85' title='bbox 549 2270 680 2353; x_wconf 81' lang='lat' dir='ltr'>largiter</span> <span class='ocrx_word' id='word_1_86' title='bbox 701 2269 834 2352; x_wconf 82' lang='lat' dir='ltr'>gratias,</span> <span class='ocrx_word' id='word_1_87' title='bbox 860 2268 1011 2352; x_wconf 88' lang='lat' dir='ltr'>quoniam</span> <span class='ocrx_word' id='word_1_88' title='bbox 1034 2289 1085 2334; x_wconf 87' lang='lat' dir='ltr'>me</span> <span class='ocrx_word' id='word_1_89' title='bbox 1108 2269 1196 2334; x_wconf 90' lang='lat' dir='ltr'>haud</span> <span class='ocrx_word' id='word_1_90' title='bbox 1219 2269 1339 2335; x_wconf 90' lang='lat' dir='ltr'>dudum</span> <span class='ocrx_word' id='word_1_91' title='bbox 1363 2290 1383 2334; x_wconf 90' lang='lat' dir='ltr'>a</span> <span class='ocrx_word' id='word_1_92' title='bbox 1405 2269 1495 2334; x_wconf 88' lang='lat' dir='ltr'>vobis</span> <span class='ocrx_word' id='word_1_93' title='bbox 1517 2270 1696 2355; x_wconf 76' lang='lat' dir='ltr'>profectum</span> <span class='ocrx_word' id='word_1_94' title='bbox 1711 2269 1849 2335; x_wconf 80' lang='lat' dir='ltr'>dicenda</span> 
     </span>
     <span class='ocr_line' id='line_1_13' title="bbox 223 2371 1848 2457; baseline -0.001 -18"><span class='ocrx_word' id='word_1_95' title='bbox 223 2375 325 2440; x_wconf 88' lang='lat' dir='ltr'>salute</span> <span class='ocrx_word' id='word_1_96' title='bbox 356 2372 577 2457; x_wconf 85' lang='lat' dir='ltr'>praeveneris,</span> <span class='ocrx_word' id='word_1_97' title='bbox 610 2373 673 2438; x_wconf 85' lang='lat' dir='ltr'>nisi</span> <span class='ocrx_word' id='word_1_98' title='bbox 705 2374 787 2437; x_wconf 88' lang='lat' dir='ltr'>hano</span> <span class='ocrx_word' id='word_1_99' title='bbox 818 2372 880 2437; x_wconf 85' lang='lat' dir='ltr'>sibi</span> <span class='ocrx_word' id='word_1_100' title='bbox 902 2372 1150 2456; x_wconf 84' lang='lat' dir='ltr'>gratulationem</span> <span class='ocrx_word' id='word_1_101' title='bbox 1173 2393 1280 2437; x_wconf 88' lang='lat' dir='ltr'>meam</span> <span class='ocrx_word' id='word_1_102' title='bbox 1303 2391 1377 2457; x_wconf 85' lang='lat' dir='ltr'>spes</span> <span class='ocrx_word' id='word_1_103' title='bbox 1400 2373 1550 2438; x_wconf 82' lang='lat' dir='ltr'>auctioris</span> <span class='ocrx_word' id='word_1_104' title='bbox 1573 2371 1719 2438; x_wconf 81' lang='lat' dir='ltr'>beneficii</span> <span class='ocrx_word' id='word_1_105' title='bbox 1741 2372 1848 2438; x_wconf 82' lang='lat' dir='ltr'>viudi-</span> 
     </span>
     <span class='ocr_line' id='line_1_14' title="bbox 222 2474 1849 2561; baseline -0.002 -20"><span class='ocrx_word' id='word_1_106' title='bbox 222 2482 317 2542; x_wconf 90' lang='lat' dir='ltr'>earet.</span> <span class='ocrx_word' id='word_1_107' title='bbox 364 2476 434 2561; x_wconf 88' lang='lat' dir='ltr'>ipse</span> <span class='ocrx_word' id='word_1_108' title='bbox 463 2475 548 2554; x_wconf 86' lang='lat' dir='ltr'>euim</span> <span class='ocrx_word' id='word_1_109' title='bbox 578 2475 696 2541; x_wconf 86' lang='lat' dir='ltr'>diceris</span> <span class='ocrx_word' id='word_1_110' title='bbox 725 2476 912 2555; x_wconf 88' lang='lat' dir='ltr'>adfuturus,</span> <span class='ocrx_word' id='word_1_111' title='bbox 947 2475 1036 2540; x_wconf 85' lang='lat' dir='ltr'>euius</span> <span class='ocrx_word' id='word_1_112' title='bbox 1059 2475 1105 2540; x_wconf 88' lang='lat' dir='ltr'>rei</span> <span class='ocrx_word' id='word_1_113' title='bbox 1127 2475 1254 2540; x_wconf 88' lang='lat' dir='ltr'>nomine</span> <span class='ocrx_word' id='word_1_114' title='bbox 1277 2475 1389 2540; x_wconf 84' lang='lat' dir='ltr'>vadari</span> <span class='ocrx_word' id='word_1_115' title='bbox 1412 2496 1463 2540; x_wconf 94' lang='lat' dir='ltr'>me</span> <span class='ocrx_word' id='word_1_116' title='bbox 1485 2475 1543 2541; x_wconf 88' lang='lat' dir='ltr'>tibi</span> <span class='ocrx_word' id='word_1_117' title='bbox 1565 2476 1599 2541; x_wconf 94' lang='lat' dir='ltr'>in</span> <span class='ocrx_word' id='word_1_118' title='bbox 1621 2474 1751 2540; x_wconf 88' lang='lat' dir='ltr'>maioris</span> <span class='ocrx_word' id='word_1_119' title='bbox 1773 2495 1849 2558; x_wconf 90' lang='lat' dir='ltr'>gra-</span> 
     </span>
     <span class='ocr_line' id='line_1_15' title="bbox 222 2577 1848 2663; baseline -0.002 -18"><span class='ocrx_word' id='word_1_120' title='bbox 222 2580 284 2645; x_wconf 90' lang='lat' dir='ltr'>tiae</span> <span class='ocrx_word' id='word_1_121' title='bbox 306 2579 437 2645; x_wconf 88' lang='lat' dir='ltr'>modum</span> <span class='ocrx_word' id='word_1_122' title='bbox 459 2579 572 2660; x_wconf 51' lang='grc' dir='ltr'>ΜΨ.</span> <span class='ocrx_word' id='word_1_123' title='bbox 621 2579 716 2643; x_wconf 87' lang='lat' dir='ltr'>velim</span> <span class='ocrx_word' id='word_1_124' title='bbox 742 2586 848 2644; x_wconf 87' lang='lat' dir='ltr'>tamen</span> <span class='ocrx_word' id='word_1_125' title='bbox 872 2578 999 2663; x_wconf 87' lang='lat' dir='ltr'>seriptis</span> <span class='ocrx_word' id='word_1_126' title='bbox 1020 2579 1085 2643; x_wconf 88' lang='lat' dir='ltr'>tuis</span> <span class='ocrx_word' id='word_1_127' title='bbox 1107 2586 1237 2662; x_wconf 89' lang='lat' dir='ltr'>sperato</span> <span class='ocrx_word' id='word_1_128' title='bbox 1259 2579 1342 2643; x_wconf 93' lang='lat' dir='ltr'>bouo</span> <span class='ocrx_word' id='word_1_129' title='bbox 1365 2577 1486 2643; x_wconf 88' lang='lat' dir='ltr'>adstrui</span> <span class='ocrx_word' id='word_1_130' title='bbox 1509 2577 1623 2661; x_wconf 81' lang='lat' dir='ltr'>fidem,</span> <span class='ocrx_word' id='word_1_131' title='bbox 1657 2585 1691 2644; x_wconf 92' lang='lat' dir='ltr'>ut</span> <span class='ocrx_word' id='word_1_132' title='bbox 1712 2578 1767 2662; x_wconf 89' lang='lat' dir='ltr'>qui</span> <span class='ocrx_word' id='word_1_133' title='bbox 1789 2578 1848 2644; x_wconf 87' lang='lat' dir='ltr'>tali</span> 
     </span>
    </p>

    <p class='ocr_par' dir='ltr' id='par_1_10' title="bbox 179 2680 1483 2768">
     <span class='ocr_line' id='line_1_16' title="bbox 179 2680 1483 2768; baseline 0.002 -24"><span class='ocrx_word' id='word_1_134' title='bbox 179 2704 204 2744; x_wconf 81' lang='lat' dir='ltr'>rs</span> <span class='ocrx_word' id='word_1_135' title='bbox 223 2683 366 2768; x_wconf 87' lang='lat' dir='ltr'>opinione</span> <span class='ocrx_word' id='word_1_136' title='bbox 390 2682 540 2763; x_wconf 84' lang='lat' dir='ltr'>delector,</span> <span class='ocrx_word' id='word_1_137' title='bbox 567 2683 666 2748; x_wconf 89' lang='lat' dir='ltr'>multo</span> <span class='ocrx_word' id='word_1_138' title='bbox 688 2681 827 2767; x_wconf 87' lang='lat' dir='ltr'>amplius</span> <span class='ocrx_word' id='word_1_139' title='bbox 849 2681 1009 2765; x_wconf 85' lang='lat' dir='ltr'>gaudeam</span> <span class='ocrx_word' id='word_1_140' title='bbox 1033 2680 1280 2746; x_wconf 79' lang='lat' dir='ltr'>confirmationis</span> <span class='ocrx_word' id='word_1_141' title='bbox 1303 2682 1483 2747; x_wconf 80' lang='lat' dir='ltr'>securitate.</span> 
     </span>
    </p>
   </div>
   <div class='ocr_carea' id='block_1_6' title="bbox 892 2938 1906 3159">
    <p class='ocr_par' dir='ltr' id='par_1_11' title="bbox 892 2938 1906 3159">
     <span class='ocr_line' id='line_1_17' title="bbox 892 2938 1174 3022; baseline 0.004 -20"><span class='ocrx_word' id='word_1_142' title='bbox 892 2938 1014 3003; x_wconf 75' lang='lat' dir='ltr'>uxum</span> <span class='ocrx_word' id='word_1_143' title='bbox 1034 2938 1174 3022; x_wconf 78' lang='lat' dir='ltr'>(uxvr).</span> 
     </span>
     <span class='ocr_line' id='line_1_18' title="bbox 923 3092 1906 3159; baseline 0 -2"><span class='ocrx_word' id='word_1_144' title='bbox 923 3092 1146 3159; x_wconf 77' lang='lat' dir='ltr'>brumae.</span> <span class='ocrx_word' id='word_1_145' title='bbox 1871 3094 1906 3157; x_wconf 83' lang='lat' dir='ltr'><em>F</em></span> 
     </span>
    </p>
   </div>
   <div class='ocr_carea' id='block_1_7' title="bbox 176 3264 1850 3662">
    <p class='ocr_par' dir='ltr' id='par_1_12' title="bbox 309 3264 1846 3348">
     <span class='ocr_line' id='line_1_19' title="bbox 309 3264 1846 3348; baseline -0.001 -16"><span class='ocrx_word' id='word_1_146' title='bbox 309 3268 447 3334; x_wconf 86' lang='lat' dir='ltr'>Litteras</span> <span class='ocrx_word' id='word_1_147' title='bbox 469 3286 559 3332; x_wconf 86' lang='lat' dir='ltr'>meas</span> <span class='ocrx_word' id='word_1_148' title='bbox 582 3287 689 3332; x_wconf 88' lang='lat' dir='ltr'>amore</span> <span class='ocrx_word' id='word_1_149' title='bbox 712 3266 891 3347; x_wconf 83' lang='lat' dir='ltr'>desideras,</span> <span class='ocrx_word' id='word_1_150' title='bbox 918 3265 976 3331; x_wconf 91' lang='lat' dir='ltr'>sed</span> <span class='ocrx_word' id='word_1_151' title='bbox 999 3265 1233 3348; x_wconf 85' lang='lat' dir='ltr'>infrequentem</span> <span class='ocrx_word' id='word_1_152' title='bbox 1256 3284 1306 3330; x_wconf 89' lang='lat' dir='ltr'>me</span> <span class='ocrx_word' id='word_1_153' title='bbox 1328 3264 1431 3329; x_wconf 88' lang='lat' dir='ltr'>videri</span> <span class='ocrx_word' id='word_1_154' title='bbox 1454 3265 1630 3331; x_wconf 89' lang='lat' dir='ltr'>eommunis</span> <span class='ocrx_word' id='word_1_155' title='bbox 1653 3266 1740 3331; x_wconf 90' lang='lat' dir='ltr'>filius</span> <span class='ocrx_word' id='word_1_156' title='bbox 1758 3265 1846 3346; x_wconf 80' lang='lat' dir='ltr'>facit,</span> 
     </span>
    </p>

    <p class='ocr_par' dir='ltr' id='par_1_13' title="bbox 176 3368 1850 3662">
     <span class='ocr_line' id='line_1_20' title="bbox 223 3368 1850 3455; baseline -0.001 -18"><span class='ocrx_word' id='word_1_157' title='bbox 223 3371 277 3455; x_wconf 89' lang='lat' dir='ltr'>qui</span> <span class='ocrx_word' id='word_1_158' title='bbox 307 3370 462 3455; x_wconf 87' lang='lat' dir='ltr'>resoripta</span> <span class='ocrx_word' id='word_1_159' title='bbox 490 3389 554 3435; x_wconf 90' lang='lat' dir='ltr'>nen</span> <span class='ocrx_word' id='word_1_160' title='bbox 583 3369 709 3454; x_wconf 87' lang='lat' dir='ltr'>repetit.</span> <span class='ocrx_word' id='word_1_161' title='bbox 756 3370 816 3434; x_wconf 89' lang='lat' dir='ltr'>boe</span> <span class='ocrx_word' id='word_1_162' title='bbox 838 3374 947 3434; x_wconf 88' lang='lat' dir='ltr'>tamen</span> <span class='ocrx_word' id='word_1_163' title='bbox 970 3368 1103 3434; x_wconf 80' lang='lat' dir='ltr'>strictim</span> <span class='ocrx_word' id='word_1_164' title='bbox 1127 3368 1248 3433; x_wconf 84' lang='lat' dir='ltr'>dixisse</span> <span class='ocrx_word' id='word_1_165' title='bbox 1271 3368 1426 3447; x_wconf 84' lang='lat' dir='ltr'>sufficiat,</span> <span class='ocrx_word' id='word_1_166' title='bbox 1460 3389 1500 3434; x_wconf 89' lang='lat' dir='ltr'>ue</span> <span class='ocrx_word' id='word_1_167' title='bbox 1522 3368 1611 3434; x_wconf 90' lang='lat' dir='ltr'>illius</span> <span class='ocrx_word' id='word_1_168' title='bbox 1633 3369 1850 3435; x_wconf 79' lang='lat' dir='ltr'>verecundiae</span> 
     </span>
     <span class='ocr_line' id='line_1_21' title="bbox 176 3472 1850 3558; baseline -0.002 -17"><span class='ocrx_word' id='word_1_169' title='bbox 176 3494 204 3541; x_wconf 79' lang='lat' dir='ltr'>au</span> <span class='ocrx_word' id='word_1_170' title='bbox 223 3475 311 3541; x_wconf 88' lang='lat' dir='ltr'>oneri</span> <span class='ocrx_word' id='word_1_171' title='bbox 339 3474 382 3539; x_wconf 87' lang='lat' dir='ltr'>sit</span> <span class='ocrx_word' id='word_1_172' title='bbox 409 3480 517 3539; x_wconf 88' lang='lat' dir='ltr'>nestra</span> <span class='ocrx_word' id='word_1_173' title='bbox 539 3473 700 3558; x_wconf 86' lang='lat' dir='ltr'>purgatio.</span> <span class='ocrx_word' id='word_1_174' title='bbox 747 3491 831 3537; x_wconf 84' lang='lat' dir='ltr'>mmo</span> <span class='ocrx_word' id='word_1_175' title='bbox 853 3472 912 3537; x_wconf 89' lang='lat' dir='ltr'>tibi</span> <span class='ocrx_word' id='word_1_176' title='bbox 934 3472 1086 3537; x_wconf 88' lang='lat' dir='ltr'>honorem</span> <span class='ocrx_word' id='word_1_177' title='bbox 1109 3472 1313 3537; x_wconf 82' lang='lat' dir='ltr'>salutationis</span> <span class='ocrx_word' id='word_1_178' title='bbox 1335 3472 1475 3555; x_wconf 88' lang='lat' dir='ltr'>inpendo</span> <span class='ocrx_word' id='word_1_179' title='bbox 1497 3492 1557 3538; x_wconf 86' lang='lat' dir='ltr'>neo</span> <span class='ocrx_word' id='word_1_180' title='bbox 1578 3492 1731 3556; x_wconf 83' lang='lat' dir='ltr'>exposco,</span> <span class='ocrx_word' id='word_1_181' title='bbox 1765 3472 1850 3554; x_wconf 88' lang='lat' dir='ltr'>quod</span> 
     </span>
     <span class='ocr_line' id='line_1_22' title="bbox 223 3574 1850 3662; baseline -0.002 -19"><span class='ocrx_word' id='word_1_182' title='bbox 223 3586 336 3662; x_wconf 85' lang='lat' dir='ltr'>sponte</span> <span class='ocrx_word' id='word_1_183' title='bbox 359 3577 502 3643; x_wconf 83' lang='lat' dir='ltr'>fauturus</span> <span class='ocrx_word' id='word_1_184' title='bbox 525 3596 579 3655; x_wconf 90' lang='lat' dir='ltr'>es,</span> <span class='ocrx_word' id='word_1_185' title='bbox 606 3584 641 3642; x_wconf 88' lang='lat' dir='ltr'>ut</span> <span class='ocrx_word' id='word_1_186' title='bbox 663 3596 721 3641; x_wconf 90' lang='lat' dir='ltr'>nos</span> <span class='ocrx_word' id='word_1_187' title='bbox 743 3576 862 3640; x_wconf 89' lang='lat' dir='ltr'>mutuis</span> <span class='ocrx_word' id='word_1_188' title='bbox 887 3626 1036 3640; x_wconf 91' lang='grc'><em>......</em></span> <span class='ocrx_word' id='word_1_189' title='bbox 1063 3575 1263 3659; x_wconf 80' lang='lat' dir='ltr'>adloqueris,</span> <span class='ocrx_word' id='word_1_190' title='bbox 1291 3595 1362 3640; x_wconf 90' lang='lat' dir='ltr'>oum</span> <span class='ocrx_word' id='word_1_191' title='bbox 1384 3574 1462 3640; x_wconf 88' lang='lat' dir='ltr'>mibi</span> <span class='ocrx_word' id='word_1_192' title='bbox 1485 3575 1569 3640; x_wconf 89' lang='lat' dir='ltr'>hano</span> <span class='ocrx_word' id='word_1_193' title='bbox 1592 3576 1696 3640; x_wconf 90' lang='lat' dir='ltr'>vieem</span> <span class='ocrx_word' id='word_1_194' title='bbox 1719 3582 1752 3640; x_wconf 91' lang='lat' dir='ltr'>et</span> <span class='ocrx_word' id='word_1_195' title='bbox 1773 3575 1850 3641; x_wconf 90' lang='lat' dir='ltr'>reli-</span> 
     </span>
    </p>
   </div>
   <div class='ocr_carea' id='block_1_8' title="bbox 222 3678 1778 3833">
    <p class='ocr_par' dir='ltr' id='par_1_14' title="bbox 222 3678 1778 3833">
     <span class='ocr_line' id='line_1_23' title="bbox 222 3678 1072 3765; baseline -0.005 -19"><span class='ocrx_word' id='word_1_196' title='bbox 222 3681 277 3765; x_wconf 91' lang='lat' dir='ltr'>gio</span> <span class='ocrx_word' id='word_1_197' title='bbox 299 3680 398 3746; x_wconf 87' lang='lat' dir='ltr'>animi</span> <span class='ocrx_word' id='word_1_198' title='bbox 420 3679 468 3745; x_wconf 90' lang='lat' dir='ltr'>tui</span> <span class='ocrx_word' id='word_1_199' title='bbox 490 3687 523 3744; x_wconf 90' lang='lat' dir='ltr'>et</span> <span class='ocrx_word' id='word_1_200' title='bbox 544 3679 741 3745; x_wconf 80' lang='lat' dir='ltr'>consuetudo</span> <span class='ocrx_word' id='word_1_201' title='bbox 765 3678 939 3763; x_wconf 87' lang='lat' dir='ltr'>promittat.</span> <span class='ocrx_word' id='word_1_202' title='bbox 987 3680 1072 3743; x_wconf 88' lang='lat' dir='ltr'>vale.</span> 
     </span>
     <span class='ocr_line' id='line_1_24' title="bbox 1769 3800 1778 3833; baseline 0 0"><span class='ocrx_word' id='word_1_203' title='bbox 1769 3800 1778 3833; x_wconf 75' lang='lat' dir='ltr'>l</span> 
     </span>
    </p>
   </div>
   <div class='ocr_carea' id='block_1_9' title="bbox 850 3936 1192 4156">
    <p class='ocr_par' dir='ltr' id='par_1_15' title="bbox 850 3936 1192 4156">
     <span class='ocr_line' id='line_1_25' title="bbox 879 3936 1192 4018; baseline -0.003 -17"><span class='ocrx_word' id='word_1_204' title='bbox 879 3936 1015 4001; x_wconf 86' lang='lat' dir='ltr'>LXVIII</span> <span class='ocrx_word' id='word_1_205' title='bbox 1038 3937 1192 4018; x_wconf 82' lang='lat' dir='ltr'><strong>(LXVII).</strong></span> 
     </span>
     <span class='ocr_line' id='line_1_26' title="bbox 850 4090 1188 4156; baseline 0.021 -9"><span class='ocrx_word' id='word_1_206' title='bbox 850 4142 854 4147; x_wconf 88' lang='lat'>.</span> <span class='ocrx_word' id='word_1_207' title='bbox 883 4091 942 4156; x_wconf 89' lang='grc' dir='ltr'>ΑΙ)</span> <span class='ocrx_word' id='word_1_208' title='bbox 965 4090 1188 4155; x_wconf 83' lang='lat' dir='ltr'><strong>TITIANVM.</strong></span> 
     </span>
    </p>
   </div>
   <div class='ocr_carea' id='block_1_10' title="bbox 152 4262 1853 4864">
    <p class='ocr_par' dir='ltr' id='par_1_16' title="bbox 152 4262 1853 4761">
     <span class='ocr_line' id='line_1_27' title="bbox 177 4262 1851 4347; baseline 0.001 -23"><span class='ocrx_word' id='word_1_209' title='bbox 177 4284 206 4325; x_wconf 78' lang='lat' dir='ltr'>rs</span> <span class='ocrx_word' id='word_1_210' title='bbox 311 4264 522 4331; x_wconf 88' lang='lat' dir='ltr'>Desideratas</span> <span class='ocrx_word' id='word_1_211' title='bbox 537 4264 669 4347; x_wconf 89' lang='lat' dir='ltr'>quidem</span> <span class='ocrx_word' id='word_1_212' title='bbox 684 4263 807 4329; x_wconf 90' lang='lat' dir='ltr'>litteras</span> <span class='ocrx_word' id='word_1_213' title='bbox 823 4270 895 4329; x_wconf 86' lang='lat' dir='ltr'>tuas</span> <span class='ocrx_word' id='word_1_214' title='bbox 911 4262 1015 4326; x_wconf 88' lang='lat' dir='ltr'>libens</span> <span class='ocrx_word' id='word_1_215' title='bbox 1032 4262 1163 4347; x_wconf 90' lang='lat' dir='ltr'>sumpsi,</span> <span class='ocrx_word' id='word_1_216' title='bbox 1184 4263 1243 4327; x_wconf 87' lang='lat' dir='ltr'>sed</span> <span class='ocrx_word' id='word_1_217' title='bbox 1259 4262 1399 4345; x_wconf 78' lang='lat' dir='ltr'>cognitio</span> <span class='ocrx_word' id='word_1_218' title='bbox 1413 4268 1541 4327; x_wconf 77' lang='lat' dir='ltr'>aonium</span> <span class='ocrx_word' id='word_1_219' title='bbox 1557 4269 1690 4339; x_wconf 84' lang='lat' dir='ltr'>tuorum,</span> <span class='ocrx_word' id='word_1_220' title='bbox 1717 4282 1851 4346; x_wconf 87' lang='lat' dir='ltr'>querum</span> 
     </span>
     <span class='ocr_line' id='line_1_28' title="bbox 223 4356 1853 4451; baseline -0.002 -17"><span class='ocrx_word' id='word_1_221' title='bbox 223 4367 316 4434; x_wconf 85' lang='lat' dir='ltr'>testis</span> <span class='ocrx_word' id='word_1_222' title='bbox 346 4373 441 4451; x_wconf 86' lang='lat' dir='ltr'>atque</span> <span class='ocrx_word' id='word_1_223' title='bbox 471 4374 615 4433; x_wconf 87' lang='lat' dir='ltr'>narrator</span> <span class='ocrx_word' id='word_1_224' title='bbox 636 4368 773 4432; x_wconf 84' lang='lat' dir='ltr'>Eusoius</span> <span class='ocrx_word' id='word_1_225' title='bbox 804 4366 880 4444; x_wconf 86' lang='lat' dir='ltr'>fuit,</span> <span class='ocrx_word' id='word_1_226' title='bbox 913 4364 1091 4430; x_wconf 87' lang='lat' dir='ltr'>uberiorem</span> <span class='ocrx_word' id='word_1_227' title='bbox 1120 4365 1201 4430; x_wconf 87' lang='lat' dir='ltr'>milri</span> <span class='ocrx_word' id='word_1_228' title='bbox 1222 4365 1339 4431; x_wconf 88' lang='lat' dir='ltr'>adtulit</span> <span class='ocrx_word' id='word_1_229' title='bbox 1360 4365 1568 4448; x_wconf 84' lang='lat' dir='ltr'>voluptatem.</span> <span class='ocrx_word' id='word_1_230' title='bbox 1615 4356 1853 4448; x_wconf 80' lang='lat' dir='ltr'>itaque&#39;hortor</span> 
     </span>
     <span class='ocr_line' id='line_1_29' title="bbox 225 4467 1852 4555; baseline 0 -21"><span class='ocrx_word' id='word_1_231' title='bbox 225 4491 262 4536; x_wconf 86' lang='lat' dir='ltr'>aa</span> <span class='ocrx_word' id='word_1_232' title='bbox 292 4490 423 4553; x_wconf 88' lang='lat' dir='ltr'>moneo,</span> <span class='ocrx_word' id='word_1_233' title='bbox 459 4478 493 4536; x_wconf 91' lang='lat' dir='ltr'>ut</span> <span class='ocrx_word' id='word_1_234' title='bbox 521 4471 603 4535; x_wconf 90' lang='lat' dir='ltr'>bene</span> <span class='ocrx_word' id='word_1_235' title='bbox 635 4477 748 4555; x_wconf 88' lang='lat' dir='ltr'>eoepta</span> <span class='ocrx_word' id='word_1_236' title='bbox 769 4490 832 4535; x_wconf 89' lang='lat' dir='ltr'>nou</span> <span class='ocrx_word' id='word_1_237' title='bbox 856 4469 989 4534; x_wconf 89' lang='lat' dir='ltr'>deseras</span> <span class='ocrx_word' id='word_1_238' title='bbox 1012 4475 1045 4533; x_wconf 89' lang='lat' dir='ltr'>et</span> <span class='ocrx_word' id='word_1_239' title='bbox 1066 4469 1242 4552; x_wconf 89' lang='lat' dir='ltr'>praemium</span> <span class='ocrx_word' id='word_1_240' title='bbox 1267 4467 1373 4533; x_wconf 89' lang='lat' dir='ltr'>laudis</span> <span class='ocrx_word' id='word_1_241' title='bbox 1397 4467 1563 4532; x_wconf 88' lang='lat' dir='ltr'>honestate</span> <span class='ocrx_word' id='word_1_242' title='bbox 1586 4469 1727 4534; x_wconf 88' lang='lat' dir='ltr'>seoteris.</span> <span class='ocrx_word' id='word_1_243' title='bbox 1775 4469 1852 4534; x_wconf 90' lang='lat' dir='ltr'>sub-</span> 
     </span>
     <span class='ocr_line' id='line_1_30' title="bbox 152 4569 1852 4667; baseline -0.002 -29"><span class='ocrx_word' id='word_1_244' title='bbox 152 4658 157 4667; x_wconf 34' lang='grc'>,</span> <span class='ocrx_word' id='word_1_245' title='bbox 223 4573 390 4657; x_wconf 91' lang='lat' dir='ltr'>iungerem</span> <span class='ocrx_word' id='word_1_246' title='bbox 412 4593 521 4638; x_wconf 90' lang='lat' dir='ltr'>euram</span> <span class='ocrx_word' id='word_1_247' title='bbox 543 4594 697 4655; x_wconf 88' lang='lat' dir='ltr'>meorum,</span> <span class='ocrx_word' id='word_1_248' title='bbox 724 4572 752 4637; x_wconf 93' lang='lat' dir='ltr'>si</span> <span class='ocrx_word' id='word_1_249' title='bbox 773 4570 851 4636; x_wconf 92' lang='lat' dir='ltr'>mibi</span> <span class='ocrx_word' id='word_1_250' title='bbox 875 4577 966 4646; x_wconf 61' lang='lat' dir='ltr'>esset,</span> <span class='ocrx_word' id='word_1_251' title='bbox 983 4570 1067 4635; x_wconf 89' lang='lat' dir='ltr'>alius</span> <span class='ocrx_word' id='word_1_252' title='bbox 1090 4570 1323 4654; x_wconf 74' lang='lat' dir='ltr'>admouendus,</span> <span class='ocrx_word' id='word_1_253' title='bbox 1350 4569 1409 4635; x_wconf 94' lang='lat' dir='ltr'>sed</span> <span class='ocrx_word' id='word_1_254' title='bbox 1431 4591 1501 4635; x_wconf 87' lang='lat' dir='ltr'>eum</span> <span class='ocrx_word' id='word_1_255' title='bbox 1524 4570 1627 4636; x_wconf 84' lang='lat' dir='ltr'>faoias</span> <span class='ocrx_word' id='word_1_256' title='bbox 1649 4571 1744 4653; x_wconf 89' lang='lat' dir='ltr'>ultro,</span> <span class='ocrx_word' id='word_1_257' title='bbox 1768 4591 1852 4653; x_wconf 89' lang='lat' dir='ltr'>quae</span> 
     </span>
     <span class='ocr_line' id='line_1_31' title="bbox 225 4672 1853 4761; baseline -0.001 -21"><span class='ocrx_word' id='word_1_258' title='bbox 225 4695 315 4742; x_wconf 91' lang='lat' dir='ltr'>meus</span> <span class='ocrx_word' id='word_1_259' title='bbox 339 4695 442 4742; x_wconf 87' lang='lat' dir='ltr'>sermo</span> <span class='ocrx_word' id='word_1_260' title='bbox 466 4685 576 4761; x_wconf 90' lang='lat' dir='ltr'>posset</span> <span class='ocrx_word' id='word_1_261' title='bbox 598 4683 766 4761; x_wconf 83' lang='lat' dir='ltr'>expetere,</span> <span class='ocrx_word' id='word_1_262' title='bbox 792 4681 901 4759; x_wconf 90' lang='lat' dir='ltr'>partes</span> <span class='ocrx_word' id='word_1_263' title='bbox 923 4673 1210 4740; x_wconf 79' lang='lat' dir='ltr'>commendationis</span> <span class='ocrx_word' id='word_1_264' title='bbox 1233 4674 1361 4745; x_wconf 86' lang='lat' dir='ltr'>omitto:</span> <span class='ocrx_word' id='word_1_265' title='bbox 1394 4673 1471 4757; x_wconf 88' lang='lat' dir='ltr'>quia</span> <span class='ocrx_word' id='word_1_266' title='bbox 1492 4672 1650 4756; x_wconf 88' lang='lat' dir='ltr'>quidquid</span> <span class='ocrx_word' id='word_1_267' title='bbox 1672 4693 1712 4738; x_wconf 82' lang='lat' dir='ltr'>ex</span> <span class='ocrx_word' id='word_1_268' title='bbox 1735 4672 1853 4739; x_wconf 81' lang='lat' dir='ltr'>bdueia</span> 
     </span>
    </p>

    <p class='ocr_par' dir='ltr' id='par_1_17' title="bbox 179 4776 1551 4864">
     <span class='ocr_line' id='line_1_32' title="bbox 179 4776 1551 4864; baseline 0.001 -25"><span class='ocrx_word' id='word_1_269' title='bbox 179 4800 207 4840; x_wconf 82' lang='lat' dir='ltr'>no</span> <span class='ocrx_word' id='word_1_270' title='bbox 227 4779 389 4845; x_wconf 79' lang='lat' dir='ltr'>amicitiae</span> <span class='ocrx_word' id='word_1_271' title='bbox 411 4779 636 4864; x_wconf 82' lang='lat' dir='ltr'>praesumitur,</span> <span class='ocrx_word' id='word_1_272' title='bbox 662 4779 736 4864; x_wconf 88' lang='lat' dir='ltr'>plus</span> <span class='ocrx_word' id='word_1_273' title='bbox 758 4777 856 4842; x_wconf 90' lang='lat' dir='ltr'>babet</span> <span class='ocrx_word' id='word_1_274' title='bbox 878 4777 1013 4861; x_wconf 88' lang='lat' dir='ltr'>gratiae,</span> <span class='ocrx_word' id='word_1_275' title='bbox 1040 4776 1068 4841; x_wconf 92' lang='lat' dir='ltr'>si</span> <span class='ocrx_word' id='word_1_276' title='bbox 1091 4785 1204 4862; x_wconf 90' lang='lat' dir='ltr'>sponte</span> <span class='ocrx_word' id='word_1_277' title='bbox 1227 4783 1417 4861; x_wconf 86' lang='lat' dir='ltr'>praestetur.</span> <span class='ocrx_word' id='word_1_278' title='bbox 1464 4777 1551 4841; x_wconf 83' lang='lat' dir='ltr'>vale.</span> 
     </span>
    </p>
   </div>
   <div class='ocr_carea' id='block_1_11' title="bbox 124 5084 1853 5829">
    <p class='ocr_par' dir='ltr' id='par_1_18' title="bbox 311 5084 1779 5240">
     <span class='ocr_line' id='line_1_33' title="bbox 311 5084 1779 5158; baseline -0.003 -17"><span class='ocrx_word' id='word_1_279' title='bbox 311 5088 687 5158; x_wconf 70' lang='lat' dir='ltr'>anune]1oraros,nae(11)</span> <span class='ocrx_word' id='word_1_280' title='bbox 793 5091 884 5150; x_wconf 78' lang='lat' dir='ltr'>tisorl.</span> <span class='ocrx_word' id='word_1_281' title='bbox 905 5092 1048 5152; x_wconf 82' lang='lat' dir='ltr'>praeripere</span> <span class='ocrx_word' id='word_1_282' title='bbox 1153 5096 1197 5139; x_wconf 85' lang='lat' dir='ltr'>tuo</span> <span class='ocrx_word' id='word_1_283' title='bbox 1215 5105 1263 5138; x_wconf 89' lang='lat' dir='ltr'>om.</span> <span class='ocrx_word' id='word_1_284' title='bbox 1285 5087 1311 5136; x_wconf 91' lang='lat' dir='ltr'>I&#39;</span> <span class='ocrx_word' id='word_1_285' title='bbox 1413 5084 1516 5154; x_wconf 75' lang='lat' dir='ltr'>iprae]</span> <span class='ocrx_word' id='word_1_286' title='bbox 1536 5087 1643 5149; x_wconf 68' lang='lat' dir='ltr'>Medius,</span> <span class='ocrx_word' id='word_1_287' title='bbox 1664 5086 1779 5149; x_wconf 78' lang='lat' dir='ltr'>om.(11l</span> 
     </span>
     <span class='ocr_line' id='line_1_34' title="bbox 313 5175 878 5240; baseline -0.004 -13"><span class='ocrx_word' id='word_1_288' title='bbox 313 5177 469 5227; x_wconf 66' lang='lat' dir='ltr'>lineatoris</span> <span class='ocrx_word' id='word_1_289' title='bbox 489 5176 530 5237; x_wconf 84' lang='lat'>(11</span> <span class='ocrx_word' id='word_1_290' title='bbox 533 5178 539 5240; x_wconf 73' lang='lat' dir='ltr'>l</span> <span class='ocrx_word' id='word_1_291' title='bbox 648 5175 677 5225; x_wconf 86' lang='grc'>15</span> <span class='ocrx_word' id='word_1_292' title='bbox 695 5179 807 5238; x_wconf 88' lang='lat' dir='ltr'>oplulonl</span> <span class='ocrx_word' id='word_1_293' title='bbox 830 5176 878 5236; x_wconf 69' lang='lat'>(11)</span> 
     </span>
    </p>

    <p class='ocr_par' dir='ltr' id='par_1_19' title="bbox 226 5256 1853 5755">
     <span class='ocr_line' id='line_1_35' title="bbox 313 5256 1853 5327; baseline -0.004 -14"><span class='ocrx_word' id='word_1_294' title='bbox 313 5263 343 5313; x_wconf 83' lang='grc' dir='ltr'><strong>Π</strong></span> <span class='ocrx_word' id='word_1_295' title='bbox 363 5264 480 5323; x_wconf 79' lang='lat' dir='ltr'>Dynanlo</span> <span class='ocrx_word' id='word_1_296' title='bbox 499 5262 540 5324; x_wconf 89' lang='grc' dir='ltr'>(Π</span> <span class='ocrx_word' id='word_1_297' title='bbox 543 5263 559 5326; x_wconf 77' lang='lat' dir='ltr'>l,</span> <span class='ocrx_word' id='word_1_298' title='bbox 580 5276 628 5312; x_wconf 88' lang='lat' dir='ltr'>om.</span> <span class='ocrx_word' id='word_1_299' title='bbox 644 5264 667 5309; x_wconf 77' lang='lat' dir='ltr'>F</span> <span class='ocrx_word' id='word_1_300' title='bbox 782 5262 813 5313; x_wconf 81' lang='lat'>18</span> <span class='ocrx_word' id='word_1_301' title='bbox 831 5277 864 5311; x_wconf 83' lang='lat' dir='ltr'>ex</span> <span class='ocrx_word' id='word_1_302' title='bbox 882 5267 940 5311; x_wconf 76' lang='lat' dir='ltr'>ante</span> <span class='ocrx_word' id='word_1_303' title='bbox 959 5276 1041 5310; x_wconf 80' lang='lat' dir='ltr'>umora</span> <span class='ocrx_word' id='word_1_304' title='bbox 1059 5266 1132 5311; x_wconf 69' lang='lat' dir='ltr'>maer.</span> <span class='ocrx_word' id='word_1_305' title='bbox 1147 5259 1186 5308; x_wconf 70' lang='lat' dir='ltr'>Fi</span> <span class='ocrx_word' id='word_1_306' title='bbox 1296 5262 1439 5327; x_wconf 75' lang='lat' dir='ltr'>¹eommunis</span> <span class='ocrx_word' id='word_1_307' title='bbox 1457 5274 1506 5308; x_wconf 90' lang='lat' dir='ltr'>om.</span> <span class='ocrx_word' id='word_1_308' title='bbox 1521 5256 1560 5306; x_wconf 73' lang='lat' dir='ltr'>F³</span> <span class='ocrx_word' id='word_1_309' title='bbox 1577 5263 1655 5320; x_wconf 74' lang='lat' dir='ltr'>spatio</span> <span class='ocrx_word' id='word_1_310' title='bbox 1673 5273 1752 5307; x_wconf 78' lang='lat' dir='ltr'>vacuo</span> <span class='ocrx_word' id='word_1_311' title='bbox 1769 5260 1853 5307; x_wconf 71' lang='lat' dir='ltr'>relicto</span> 
     </span>
     <span class='ocr_line' id='line_1_36' title="bbox 229 5342 1820 5415; baseline -0.003 -17"><span class='ocrx_word' id='word_1_312' title='bbox 229 5348 259 5398; x_wconf 83' lang='grc'>19</span> <span class='ocrx_word' id='word_1_313' title='bbox 276 5346 373 5398; x_wconf 81' lang='lat' dir='ltr'>beeF³</span> <span class='ocrx_word' id='word_1_314' title='bbox 477 5344 689 5415; x_wconf 74' lang='lat' dir='ltr'>tamen](11]F²,</span> <span class='ocrx_word' id='word_1_315' title='bbox 710 5347 819 5407; x_wconf 78' lang='lat' dir='ltr'>lamF1,</span> <span class='ocrx_word' id='word_1_316' title='bbox 842 5345 949 5396; x_wconf 75' lang='lat' dir='ltr'>ludeF⁸</span> <span class='ocrx_word' id='word_1_317' title='bbox 1053 5345 1192 5396; x_wconf 60' lang='lat' dir='ltr'>arueram</span> <span class='ocrx_word' id='word_1_318' title='bbox 1295 5343 1429 5412; x_wconf 70' lang='lat' dir='ltr'>tenuari]</span> <span class='ocrx_word' id='word_1_319' title='bbox 1449 5344 1494 5407; x_wconf 69' lang='grc' dir='ltr'>ΡΙ,</span> <span class='ocrx_word' id='word_1_320' title='bbox 1515 5342 1666 5403; x_wconf 62' lang='lat' dir='ltr'>cuneum,</span> <span class='ocrx_word' id='word_1_321' title='bbox 1688 5342 1820 5395; x_wconf 59' lang='lat' dir='ltr'>nonnam</span> 
     </span>
     <span class='ocr_line' id='line_1_37' title="bbox 227 5428 1852 5502; baseline -0.002 -17"><span class='ocrx_word' id='word_1_322' title='bbox 227 5433 306 5502; x_wconf 81' lang='lat' dir='ltr'>nnuc]</span> <span class='ocrx_word' id='word_1_323' title='bbox 325 5437 431 5496; x_wconf 76' lang='lat' dir='ltr'>luntas,</span> <span class='ocrx_word' id='word_1_324' title='bbox 453 5449 499 5485; x_wconf 87' lang='lat' dir='ltr'>nee</span> <span class='ocrx_word' id='word_1_325' title='bbox 518 5437 541 5483; x_wconf 86' lang='lat' dir='ltr'><em>F</em></span> <span class='ocrx_word' id='word_1_326' title='bbox 642 5448 742 5496; x_wconf 79' lang='lat' dir='ltr'>reposce</span> <span class='ocrx_word' id='word_1_327' title='bbox 762 5432 825 5483; x_wconf 63' lang='lat' dir='ltr'>Pil</span> <span class='ocrx_word' id='word_1_328' title='bbox 840 5450 885 5496; x_wconf 76' lang='lat' dir='ltr'>aa,</span> <span class='ocrx_word' id='word_1_329' title='bbox 907 5439 1024 5497; x_wconf 81' lang='lat' dir='ltr'>tepesco</span> <span class='ocrx_word' id='word_1_330' title='bbox 1042 5432 1153 5483; x_wconf 75' lang='lat' dir='ltr'>F²2m.</span> <span class='ocrx_word' id='word_1_331' title='bbox 1279 5433 1307 5482; x_wconf 88' lang='grc'>21</span> <span class='ocrx_word' id='word_1_332' title='bbox 1330 5434 1426 5481; x_wconf 76' lang='lat' dir='ltr'>mutulo</span> <span class='ocrx_word' id='word_1_333' title='bbox 1445 5432 1578 5493; x_wconf 78' lang='lat' dir='ltr'>alloquaris</span> <span class='ocrx_word' id='word_1_334' title='bbox 1598 5428 1664 5493; x_wconf 68' lang='grc' dir='ltr'>Μ,</span> <span class='ocrx_word' id='word_1_335' title='bbox 1687 5434 1773 5479; x_wconf 79' lang='lat' dir='ltr'>mitius</span> <span class='ocrx_word' id='word_1_336' title='bbox 1791 5433 1852 5481; x_wconf 78' lang='lat' dir='ltr'>alle-</span> 
     </span>
     <span class='ocr_line' id='line_1_38' title="bbox 226 5514 1752 5586; baseline -0.004 -17"><span class='ocrx_word' id='word_1_337' title='bbox 226 5523 310 5583; x_wconf 81' lang='lat' dir='ltr'>quarls</span> <span class='ocrx_word' id='word_1_338' title='bbox 328 5518 376 5581; x_wconf 72' lang='lat' dir='ltr'>F2,</span> <span class='ocrx_word' id='word_1_339' title='bbox 395 5522 499 5582; x_wconf 78' lang='lat' dir='ltr'>supple.-</span> <span class='ocrx_word' id='word_1_340' title='bbox 518 5522 636 5584; x_wconf 77' lang='lat' dir='ltr'>epistulis</span> <span class='ocrx_word' id='word_1_341' title='bbox 654 5523 693 5569; x_wconf 79' lang='lat' dir='ltr'>vel</span> <span class='ocrx_word' id='word_1_342' title='bbox 710 5522 790 5569; x_wconf 77' lang='lat' dir='ltr'>almttc</span> <span class='ocrx_word' id='word_1_343' title='bbox 806 5520 866 5584; x_wconf 77' lang='lat' dir='ltr'>qaid</span> <span class='ocrx_word' id='word_1_344' title='bbox 971 5518 1003 5568; x_wconf 88' lang='grc'>22</span> <span class='ocrx_word' id='word_1_345' title='bbox 1021 5516 1161 5586; x_wconf 80' lang='lat' dir='ltr'>promittat]</span> <span class='ocrx_word' id='word_1_346' title='bbox 1181 5516 1227 5582; x_wconf 70' lang='lat' dir='ltr'>Fi,</span> <span class='ocrx_word' id='word_1_347' title='bbox 1247 5519 1373 5581; x_wconf 79' lang='lat' dir='ltr'>promittit</span> <span class='ocrx_word' id='word_1_348' title='bbox 1390 5515 1450 5565; x_wconf 66' lang='lat' dir='ltr'>Fl·2</span> <span class='ocrx_word' id='word_1_349' title='bbox 1553 5517 1610 5571; x_wconf 79' lang='lat' dir='ltr'>nale</span> <span class='ocrx_word' id='word_1_350' title='bbox 1627 5532 1676 5566; x_wconf 87' lang='lat' dir='ltr'>om.</span> <span class='ocrx_word' id='word_1_351' title='bbox 1693 5514 1752 5563; x_wconf 66' lang='lat' dir='ltr'>Phi</span> 
     </span>
     <span class='ocr_line' id='line_1_39' title="bbox 314 5600 1820 5669; baseline -0.005 -12"><span class='ocrx_word' id='word_1_352' title='bbox 314 5606 347 5657; x_wconf 80' lang='grc'>24</span> <span class='ocrx_word' id='word_1_353' title='bbox 366 5607 405 5654; x_wconf 78' lang='lat' dir='ltr'>Ad</span> <span class='ocrx_word' id='word_1_354' title='bbox 424 5608 555 5656; x_wconf 81' lang='lat' dir='ltr'>Tieiauum</span> <span class='ocrx_word' id='word_1_355' title='bbox 575 5606 637 5669; x_wconf 85' lang='lat' dir='ltr'>(H),</span> <span class='ocrx_word' id='word_1_356' title='bbox 656 5620 705 5655; x_wconf 86' lang='lat' dir='ltr'>orn.</span> <span class='ocrx_word' id='word_1_357' title='bbox 720 5607 743 5653; x_wconf 81' lang='lat' dir='ltr'><em>F</em></span> <span class='ocrx_word' id='word_1_358' title='bbox 896 5605 930 5654; x_wconf 87' lang='grc'>26</span> <span class='ocrx_word' id='word_1_359' title='bbox 948 5611 1072 5654; x_wconf 75' lang='lat' dir='ltr'>enarrator</span> <span class='ocrx_word' id='word_1_360' title='bbox 1092 5603 1153 5652; x_wconf 67' lang='lat' dir='ltr'><em>W</em></span> <span class='ocrx_word' id='word_1_361' title='bbox 1291 5600 1413 5669; x_wconf 81' lang='lat' dir='ltr'>Enseiua]</span> <span class='ocrx_word' id='word_1_362' title='bbox 1432 5603 1492 5665; x_wconf 80' lang='lat' dir='ltr'>(II),</span> <span class='ocrx_word' id='word_1_363' title='bbox 1513 5603 1611 5651; x_wconf 83' lang='lat' dir='ltr'>eurtiua</span> <span class='ocrx_word' id='word_1_364' title='bbox 1630 5600 1699 5663; x_wconf 66' lang='grc' dir='ltr'>Μ,</span> <span class='ocrx_word' id='word_1_365' title='bbox 1721 5604 1763 5651; x_wconf 77' lang='grc' dir='ltr'>·ῐ·]·</span> <span class='ocrx_word' id='word_1_366' title='bbox 1783 5601 1820 5650; x_wconf 59' lang='grc' dir='ltr'>Ν</span> 
     </span>
     <span class='ocr_line' id='line_1_40' title="bbox 227 5685 1851 5755; baseline -0.002 -14"><span class='ocrx_word' id='word_1_367' title='bbox 227 5693 371 5741; x_wconf 86' lang='lat' dir='ltr'>nobiliorem</span> <span class='ocrx_word' id='word_1_368' title='bbox 389 5689 428 5740; x_wconf 63' lang='lat' dir='ltr'>Fi</span> <span class='ocrx_word' id='word_1_369' title='bbox 547 5691 578 5740; x_wconf 83' lang='grc'>27</span> <span class='ocrx_word' id='word_1_370' title='bbox 598 5693 682 5741; x_wconf 78' lang='lat' dir='ltr'>laudis</span> <span class='ocrx_word' id='word_1_371' title='bbox 700 5706 748 5743; x_wconf 85' lang='lat' dir='ltr'>om.</span> <span class='ocrx_word' id='word_1_372' title='bbox 762 5689 802 5739; x_wconf 68' lang='lat' dir='ltr'>Fss</span> <span class='ocrx_word' id='word_1_373' title='bbox 913 5693 1068 5752; x_wconf 82' lang='lat' dir='ltr'>subiungere</span> <span class='ocrx_word' id='word_1_374' title='bbox 1087 5690 1123 5738; x_wconf 78' lang='lat' dir='ltr'>F¹</span> <span class='ocrx_word' id='word_1_375' title='bbox 1245 5690 1277 5740; x_wconf 84' lang='grc'>29</span> <span class='ocrx_word' id='word_1_376' title='bbox 1296 5692 1353 5752; x_wconf 80' lang='lat' dir='ltr'>qula</span> <span class='ocrx_word' id='word_1_377' title='bbox 1372 5690 1431 5751; x_wconf 82' lang='lat' dir='ltr'>quia</span> <span class='ocrx_word' id='word_1_378' title='bbox 1448 5685 1486 5735; x_wconf 63' lang='grc' dir='ltr'><strong><em>Ν</em></strong></span> <span class='ocrx_word' id='word_1_379' title='bbox 1608 5688 1641 5737; x_wconf 83' lang='grc'>30</span> <span class='ocrx_word' id='word_1_380' title='bbox 1659 5685 1795 5755; x_wconf 78' lang='lat' dir='ltr'>amieltiae]</span> <span class='ocrx_word' id='word_1_381' title='bbox 1813 5689 1851 5751; x_wconf 83' lang='lat' dir='ltr'>II,</span> 
     </span>
    </p>

    <p class='ocr_par' dir='ltr' id='par_1_20' title="bbox 124 5775 593 5829">
     <span class='ocr_line' id='line_1_41' title="bbox 124 5775 593 5829; baseline -0.004 -1"><span class='ocrx_word' id='word_1_382' title='bbox 124 5782 127 5791; x_wconf 82' lang='grc'><em>’</em></span> <span class='ocrx_word' id='word_1_383' title='bbox 227 5792 275 5829; x_wconf 80' lang='lat' dir='ltr'>om,</span> <span class='ocrx_word' id='word_1_384' title='bbox 291 5781 314 5827; x_wconf 77' lang='lat' dir='ltr'><em>F</em></span> <span class='ocrx_word' id='word_1_385' title='bbox 415 5779 473 5827; x_wconf 79' lang='lat' dir='ltr'>nale</span> <span class='ocrx_word' id='word_1_386' title='bbox 490 5793 539 5827; x_wconf 85' lang='lat' dir='ltr'>om.</span> <span class='ocrx_word' id='word_1_387' title='bbox 554 5775 593 5825; x_wconf 67' lang='lat'>1⁸³</span> 
     </span>
    </p>
   </div>
   <div class='ocr_carea' id='block_1_12' title="bbox 304 5878 1647 5930">
    <p class='ocr_par' dir='ltr' id='par_1_21' title="bbox 304 5878 1647 5930">
     <span class='ocr_line' id='line_1_42' title="bbox 304 5878 1647 5930; baseline -0.001 -10"><span class='ocrx_word' id='word_1_388' title='bbox 304 5878 329 5930; x_wconf 77' lang='lat' dir='ltr'>Q.</span> <span class='ocrx_word' id='word_1_389' title='bbox 345 5879 461 5920; x_wconf 72' lang='lat' dir='ltr'>bunarria</span> <span class='ocrx_word' id='word_1_390' title='bbox 476 5879 627 5919; x_wconf 72' lang='lat' dir='ltr'>exundare,</span> <span class='ocrx_word' id='word_1_391' title='bbox 1615 5878 1647 5926; x_wconf 79' lang='lat'>30</span> 
     </span>
    </p>
   </div>
   <div class='ocr_carea' id='block_1_13' title="bbox 65 5912 74 5987">
    <p class='ocr_par' dir='ltr' id='par_1_22' title="bbox 65 5912 74 5987">
     <span class='ocr_line' id='line_1_43' title="bbox 65 5912 74 5987; baseline 0 0"><span class='ocrx_word' id='word_1_392' title='bbox 65 5912 74 5987; x_wconf 90' lang='lat' dir='ltr'>l</span> 
     </span>
    </p>
   </div>
   <div class='ocr_carea' id='block_1_14' title="bbox 0 0 2369 6468">
    <p class='ocr_par' dir='ltr' id='par_1_23' title="bbox 0 0 2369 6468">
     <span class='ocr_line' id='line_1_44' title="bbox 0 0 2369 6468; baseline 0 0"><span class='ocrx_word' id='word_1_393' title='bbox 0 0 2369 6468; x_wconf 95' lang='lat' dir='ltr'> </span> 
     </span>
    </p>
   </div>
  </div>
 </body>
</html>
