4744 6476
521 472 584 534 296
1105 474 1301 531 SYMMACHI
1319 474 1556 529 RELATIONES

406 660 503 720 ΤΜΓ
522 668 653 740 gerente
674 661 803 743 ignoro,
833 682 913 743 quos
935 663 1135 746 potissimum
1158 665 1385 748 praeceperitis
1408 664 1543 728 absolvi.
1590 670 1700 729 tenent
1721 664 1851 746 quidem
1864 662 1964 746 'leges
1987 662 2144 726 variorum

479 761 688 826 loriminum
717 783 806 846 reos,
839 764 897 829 sed
927 772 961 829 ut
990 765 1134 849 conpari,
1170 788 1190 829 a
1212 767 1388 831 ministerio
1418 765 1620 831 Christianae
1651 766 1733 848 legis
1763 764 1898 830 alienos.
1944 764 2023 847 quid
2050 764 2147 848 igitur

521 866 695 930 aeternitas
718 875 825 931 vestra
848 866 1013 950 decernat,
1049 870 1182 935 devotus
1204 870 1351 955 opperior
1373 877 1405 934 et
1427 889 1562 953 quaeso,
1589 877 1625 934 ut
1646 868 1810 933 fallaciam
1833 850 2029 945 retundatis,
2063 887 2145 949 quae

522 967 623 1033 divini
653 971 790 1054 pectoris
820 971 866 1035 tui
889 972 1075 1037 sollicitavit
1097 973 1257 1053 quietem,
1290 993 1372 1055 quae
1400 974 1443 1038 ad
1472 972 1569 1038 edicti
1598 973 1821 1038 necessitatem
1853 972 2029 1037 venerandi
2058 971 2146 1055 prin-

521 1071 602 1156 cipis
632 1093 739 1137 curam
771 1075 886 1156 coegit.
933 1096 983 1140 me
1014 1076 1149 1141 munivit
1177 1076 1315 1141 invidia:
1350 1076 1438 1160 apud
1460 1096 1554 1141 aures
1577 1077 1662 1140 enim
1685 1095 1794 1139 sacras
1817 1075 1922 1139 locum
1945 1081 2060 1158 postea
2083 1095 2175 1139 none

521 1173 653 1239 babebit
682 1176 826 1241 convicta
855 1178 1023 1242 mendacii.
1079 1179 1107 1242 si
1137 1178 1214 1259 quid
1243 1186 1350 1243 tamen
1381 1178 1486 1243 denuo
1516 1178 1757 1243 obtrectantium
1788 1198 1930 1241 murmur
1958 1178 2140 1260 ingesserit,

520 1283 594 1360 opto
623 1277 792 1343 iudicium:
828 1281 1032 1363 experientur
1059 1302 1111 1345 me
1134 1283 1194 1346 sub
1217 1281 1375 1365 imperiali
1399 1281 1632 1365 disceptatione
1656 1288 1871 1361 constantem,
1903 1281 1958 1363 qni
1980 1287 2143 1345 nocentem

519 1380 654 1462 probare
677 1401 739 1445 non
762 1391 907 1465 possunt.

971 1691 1067 1755 XXII
1088 1691 1233 1772 [XXXV.
1252 1692 1423 1775 XXXXII)
1457 1712 1488 1755 a.
1508 1693 1689 1756 ast-385.

605 1861 655 1926 De
685 1861 846 1925 tribunatu
878 1862 975 1925 suarii
1005 1862 1065 1926 fori
1087 1882 1188 1947 nuper
1210 1869 1278 1927 orta
1300 1862 1459 1927 contentio
1483 1881 1614 1927 cansam
1637 1862 1715 1925 mibi
1738 1861 1856 1927 adtulit
1877 1862 1985 1945 legum
2008 1861 2141 1926 arbitros
2160 1882 2188 1923 ro

520 1963 719 2045 consulendi,
746 1963 824 2028 ddd.
850 1964 972 2048 imppp.
1021 1971 1191 2047 provectus
1214 1965 1374 2045 instabat,
1402 1973 1436 2029 ut
1458 1963 1600 2029 delatum
1624 1964 1686 2028 sibi
1710 1963 1874 2028 sortiretur
1896 1963 2053 2042 officium,
2087 1985 2142 2028 ve-

517 2074 569 2131 tus
600 2088 618 2131 e
647 2067 728 2149 lege,
764 2087 846 2149 quae
876 2074 1020 2151 tempora
1049 2066 1231 2132 istiusmodi
1260 2068 1384 2131 actibus
1416 2075 1502 2132 certa
1525 2066 1683 2149 decrevit,
1715 2068 1885 2133 recusabat
1907 2067 2026 2132 bonore
2048 2068 2142 2131 dece-

519 2170 605 2235 dere.
646 2177 775 2235 secutus
799 2189 918 2234 morem
941 2172 1038 2252 longa
1060 2177 1165 2235 aetate
1188 2180 1349 2235 servatum
1374 2191 1457 2252 eum,
1484 2171 1538 2252 qui
1562 2190 1675 2235 recens
1697 2171 1876 2235 maiestatis
1898 2177 2026 2236 vestrae
2044 2170 2141 2235 bene-

518 2272 624 2337 ficium
648 2272 861 2356 praeferebat,
887 2273 1021 2351 admisi;
1049 2273 1108 2338 sed
1130 2282 1165 2339 ut
1187 2274 1354 2357 deinceps,
1381 2274 1408 2337 si
1432 2273 1512 2339 forte
1534 2293 1612 2338 usus
1634 2274 1753 2355 tulerit,
1780 2273 2011 2339 cunctationem
2033 2272 2140 2337 iudicii

517 2376 667 2440 absoluta
689 2375 792 2439 forma
814 2377 1012 2457 submoveat,
1039 2376 1136 2441 statui
1159 2396 1285 2441 sacrum
1307 2376 1447 2440 numinis
1469 2376 1567 2441 vestri
1589 2376 1751 2440 oraculum
1776 2376 1941 2453 sciscitari,
1968 2382 2073 2440 utrum
2091 2374 2140 2438 fas
2160 2396 2189 2436 rs

518 2478 559 2542 sit
587 2497 686 2542 novos
714 2479 859 2543 tribunos
890 2486 1018 2544 servata
1048 2480 1121 2562 lege
1151 2478 1273 2543 differri
1300 2500 1342 2543 an
1364 2479 1470 2561 magis
1493 2486 1618 2544 veteres
1640 2485 1785 2563 oporteat
1805 2479 1952 2562 praelata
1974 2477 2140 2543 devotione

518 2601 691 2646 removere.

994 2892 1110 2955 XXIII
1134 2892 1298 2976 (XXXVI.
1317 2892 1505 2973 XXXXIIIl
1540 2914 1569 2956 a.
1590 2895 1662 2956 385.

602 3064 705 3127 Vnum
737 3063 884 3127 levamen
913 3062 1039 3127 iniuriis
1069 3065 1150 3128 mois
1179 3064 1292 3129 tribuit
1315 3071 1466 3145 eventus,
1500 3064 1578 3129 ddd.
1603 3063 1746 3148 imppp,
1780 3070 1815 3126 ut
1838 3064 1970 3126 Romam
1992 3061 2141 3146 publicae

516 3166 663 3231 utilitatis
685 3166 792 3248 gratia
814 3187 844 3229 v.
871 3186 899 3229 c.
925 3172 956 3229 et
978 3166 1123 3231 inlustris
1146 3166 1399 3249 clementiaeque
1421 3173 1548 3232 vestrae
1579 3186 1705 3250 semper
1733 3166 1857 3230 dicatus
1887 3183 1994 3229 comes
2017 3164 2141 3247 Hespe
2159 3184 2188 3225 ao

515 3269 581 3332 rius
604 3268 797 3345 mitteretur3
834 3289 907 3331 uam
931 3270 958 3332 si
981 3290 1054 3334 eum
1077 3277 1191 3334 testem
1215 3270 1497 3352 contumeliarum,
1524 3290 1604 3353 quas
1627 3269 1760 3353 pertuli,
1787 3289 1850 3332 non
1873 3268 2042 3347 haberem,
2070 3267 2140 3350 quis

515 3370 694 3452 dubitaret,
729 3391 800 3435 eam
823 3370 1073 3454 praefecturam,
1107 3393 1190 3455 quae
1214 3374 1335 3438 Romae
1358 3381 1407 3437 est
1430 3374 1574 3456 superior
1596 3373 1727 3453 ceteris,
1753 3370 1914 3436 turbidum
1937 3369 2063 3452 aliquid
2084 3390 2141 3454 pro

515 3480 674 3557 potestate
704 3472 843 3538 fecisset
876 3474 922 3555 is,
958 3476 1107 3556 quoniam
1131 3496 1259 3560 semper
1280 3476 1405 3541 amicus
1427 3485 1477 3541 est
1498 3476 1624 3541 veritati
1647 3483 1679 3540 et
1701 3475 1819 3539 famam
1841 3475 1996 3539 bonorum
2018 3481 2142 3557 tempo-

516 3597 584 3641 rum
613 3576 707 3657 colit,
742 3577 769 3641 si
799 3576 924 3641 dederit
953 3578 1129 3643 aeternitas
1157 3586 1267 3644 restra
1296 3579 1439 3662 copiam,
1472 3586 1688 3662 contemptum
1719 3578 1827 3660 legum
1857 3597 1896 3641 ac
1925 3576 2048 3642 saeculi
2078 3596 2139 3640 non

515 3679 639 3744 silebit:
674 3700 751 3762 ego,
785 3686 820 3743 ut
848 3687 974 3763 potero,
1015 3681 1055 3746 de
1085 3682 1196 3745 multis
1225 3702 1329 3766 panca
1358 3682 1494 3747 narrabo
1524 3681 1667 3765 repetitis
1696 3679 1862 3764 paululum
1894 3679 2018 3759 causis,
2057 3699 2140 3760 qnae
2159 3699 2189 3741 aa

476 3782 610 3862 amini,
645 3788 680 3846 ut
708 3783 860 3865 arbitror,
895 3784 954 3848 bas
979 3783 1117 3849 insidias
1140 3785 1328 3850 excitarunt.
1377 3805 1447 3848 curn
1471 3805 1528 3869 pro
1550 3784 1736 3867 diligentia,
1769 3802 1853 3866 quae
1876 3781 1973 3847 debet
1994 3782 2141 3847 omnibus

514 3885 620 3950 inesse
643 3885 813 3966 iudicibus,
839 3886 965 3968 argenti
987 3886 1107 3970 publici
1129 3887 1211 3952 ratio
1235 3895 1454 3969 quaereretur,
1481 3887 1567 3968 qnod
1589 3886 1787 3952 censualium
1811 3886 1951 3950 editores
1974 3906 2139 3951 munerum

515 3988 726 4069 contulerunt,
752 3989 835 4054 inter
857 3997 982 4054 ceteras
1006 3990 1138 4055 fraudes
1160 3998 1320 4074 repertum
1344 3998 1402 4071 est,
1429 3989 1583 4071 quosdam
1608 3989 1825 4054 functionibus
1847 3989 2012 4053 absolutos
2031 4009 2141 4071 sump

513 4099 579 4155 tum
603 4091 744 4156 debitum
767 4092 813 4156 rei
836 4092 984 4175 publicae
1006 4114 1069 4157 non
1093 4092 1223 4159 dedisse
1247 4100 1295 4173 et,
1321 4100 1357 4157 ut
1379 4092 1510 4158 fallacia
1531 4094 1595 4157 ista
1616 4100 1789 4175 tegeretur,
1815 4112 1856 4156 ex
1877 4092 1985 4157 alieno
2007 4100 2140 4174 argento

513 4194 699 4260 tantundem
723 4195 928 4260 censualibus
950 4195 1043 4260 falsis
1066 4195 1168 4260 titulis
1190 4196 1386 4280 imputatam,
1413 4203 1565 4277 quantum
1589 4196 1651 4262 duo
1674 4195 1827 4285 conferre¹
1843 4194 2032 4260 debuerant.
2080 4194 2140 4259 boc
2159 4216 2187 4257 so

514 4316 586 4361 cum
609 4298 779 4362 clarissimi
801 4298 861 4362 viri
885 4306 998 4382 sponte
1021 4299 1091 4364 siue
1114 4299 1293 4365 adiectione
1317 4298 1477 4383 dispendii
1501 4298 1727 4379 reddidissent,
1754 4303 1901 4363 senatum
1924 4297 2029 4382 prisco
2052 4317 2139 4362 more

513 4401 675 4483 consului,
702 4400 780 4481 quid
802 4401 834 4464 in
858 4401 1015 4465 communi
1037 4422 1136 4466 causa
1158 4411 1282 4486 patrum
1305 4402 1455 4467 innueret
1476 4401 1660 4467 auctoritas.
1709 4401 1804 4465 dictis
1827 4400 1950 4482 aliquot
1972 4400 2138 4466 sententiis

472 4510 489 4567 3
514 4502 632 4566 factum
656 4522 761 4567 meum
784 4503 951 4568 reverendi
974 4505 1095 4570 ordinis
1118 4506 1264 4589 probavit
1285 4504 1447 4569 adsensio.
1487 4505 1661 4570 interiectis
1685 4505 1799 4569 diebus
1820 4524 1891 4568 oum
1907 4505 2040 4568 Romam
2056 4524 2088 4567 v.
2107 4524 2135 4569 o.

514 4613 546 4669 et
567 4605 741 4670 laudabilis
764 4606 904 4670 vicarius
926 4616 1152 4689 commeasset,
1186 4629 1216 4671 v.
1243 4628 1270 4672 c.
1297 4608 1481 4673 causidicus
1504 4607 1564 4673 fori
1586 4608 1650 4673 mei
1672 4608 1804 4688 Celsus,
1840 4607 1946 4672 socius
1968 4607 2054 4686 eius,
2085 4606 2139 4689 qui

600 4898 614 4946 2
634 4900 751 4956 mysterio
770 4898 796 4946 Γ
905 4901 1015 4960 nltgeuos
1036 4901 1086 4946 ΤΜ
1198 4901 1213 4949 3
1232 4905 1328 4963 operior
1348 4901 1373 4949 F
1483 4902 1557 4950 bruc
1574 4902 1686 4949 muniuit
1703 4902 1801 4948 inuidia
1819 4906 1878 4949 onte
1896 4900 1912 4948 t
1930 4914 1995 4962 quse
2014 4900 2043 4947 erl
2063 4901 2137 4949 edicti

513 4984 686 5032 collocandum
702 4985 801 5033 videtur
905 4987 921 5033 6
939 4987 1076 5035 mendaciis
1098 4987 1147 5033 ΤΜ

600 5070 666 5119 ob.
683 5072 820 5120 I'lrcodosio
833 5087 931 5134 semper
943 5075 1006 5133 Aug.
1024 5073 1275 5133 Symnracbusprnei.
1292 5072 1390 5123 orb.I'
1491 5072 1522 5122 to
1541 5070 1673 5120 uiuariil'
1756 5075 1881 5121 mibiom.
1900 5073 1926 5119 Μ
2033 5073 2061 5122 ll
2082 5068 2138 5122 ddd

513 5154 578 5217 impr
597 5156 631 5217 M,
655 5159 685 5205 lt.
706 5156 891 5218 Imperatorl',
912 5159 992 5219 cs.·p.
1014 5159 1109 5217 ’ΜΕΝ
1223 5161 1327 5206 (illatum
1350 5158 1398 5205 I'M
1521 5155 1791 5223 l2elcge]Lecttus,
1813 5161 1887 5219 eligit
1908 5158 1985 5207 ΤΜΓ
2093 5160 2136 5207 dc·

513 5257 568 5291 rere
588 5243 616 5289 M
721 5243 751 5291 13
770 5258 862 5291 morem
880 5259 928 5292 om.
951 5243 979 5290 M
1083 5244 1114 5292 ii
1134 5246 1237 5293 admissi
1258 5244 1286 5291 M
1390 5245 1420 5292 17
1439 5247 1558 5293 remoueri
1579 5247 1681 5293 latetur

601 5328 631 5377 18
652 5330 682 5376 D.
704 5330 840 5378 Theodosio
858 5344 956 5391 semper
975 5333 1040 5390 Aug.
1062 5332 1224 5389 Symmachus
1243 5334 1321 5393 prael.
1343 5334 1397 5379 urb.
1420 5329 1446 5378 Γ
1574 5329 1604 5378 19
1621 5323 1679 5379 ddd
1697 5326 1762 5391 lrn'p'r
1781 5329 1821 5390 M,
1843 5332 1874 5378 D.
1895 5332 2033 5394 Imperator
2051 5330 2082 5391 Γ,
2101 5333 2133 5391 rs.

511 5431 535 5476 p.
553 5414 641 5475 atat
747 5415 780 5463 ‘22
798 5416 906 5477 eaqu'
1009 5419 1121 5476 superior
1132 5416 1211 5463 estF
1310 5417 1343 5465 23
1362 5432 1461 5478 semper
1473 5417 1560 5464 ora?
1662 5416 1918 5477 cleopatricas
2021 5413 2061 5483 so]
2079 5414 2140 5465 etl7

513 5496 805 5566 roego]1’,erg0rsr
907 5488 1157 5550 accenseamus?
1257 5503 1290 5551 29
1309 5506 1370 5564 rctp.
1388 5501 1461 5549 ΤΜΓ
1561 5516 1609 5550 uon
1628 5503 1715 5550 om.T
1820 5502 1852 5550 ‘lo
1871 5498 2027 5568 lnpotstum]
2047 5502 2134 5565 Meyer,

512 5588 642 5647 imputans
664 5586 739 5634 ΤΜΓ
840 5584 899 5653 duo]
919 5586 948 5645 Γ,
971 5590 1010 5635 ·ii·
1034 5590 1062 5651 Τ,
1084 5588 1174 5636 om.M
1279 5590 1399 5636 debuerat
1420 5588 1454 5649 M,
1474 5589 1611 5636 debuerant
1629 5586 1835 5636 corrtolernntF
1934 5588 1963 5637 ³1
1985 5588 2139 5652 sporrtemT

513 5674 544 5722 32
564 5669 693 5739 innueret]
712 5672 741 5732 I,
761 5674 863 5720 iuuerct
882 5673 939 5735 TM,
961 5675 1059 5721 luberet
1079 5674 1160 5735 Meyer
1298 5672 1331 5721 34
1349 5688 1430 5721 comes
1449 5682 1517 5722 esset
1535 5673 1562 5720 M
1683 5689 1710 5722 u.
1730 5690 1752 5721 c.
1773 5671 1925 5741 carisidious]
1945 5673 1975 5733 Γ,
1996 5677 2135 5722 causidicus

513 5776 552 5809 uc.
576 5759 628 5805 ΤΜ
