4686 6472
790 439 840 494 DE
859 436 1056 495 SYMMAOHI
1074 436 1277 494 EPISTVLIS.
1759 434 1852 498 XXV

217 685 345 733 uersum
369 672 476 731 autem
500 665 658 750 suspicor,
685 664 783 730 libros
806 670 929 749 septem
952 662 1075 749 priores
1098 661 1275 728 secundum
1298 680 1354 726 eos
1377 659 1559 743 ordinatos,
1585 659 1702 743 quibus
1725 658 1854 724 litterae

215 786 390 871 inscriptae
420 792 528 866 erant,
561 785 682 850 maiore
711 805 752 850 ex
773 790 865 869 parte
887 802 929 849 ex
951 783 1124 849 amicorum
1147 782 1274 848 scriniis
1296 781 1491 863 conquisitos
1513 799 1602 861 esse,
1636 780 1765 846 ultimos
1787 785 1854 845 tres

218 927 323 993 paene
353 910 436 971 10100
466 925 508 972 ex
538 904 717 971 hereditate
747 902 904 970 litteraria
934 902 1074 968 auctoris
1102 902 1246 968 fluxisse.
1295 922 1336 968 ea
1364 902 1451 967 enim
1480 901 1604 967 ratione
1634 921 1754 985 magna
1780 900 1849 981 illa,

219 1046 302 1110 quae
323 1026 409 1092 inter
430 1025 514 1092 duas
537 1025 678 1111 corporis
700 1031 811 1109 partes
832 1022 1015 1105 intercedit,
1041 1022 1223 1088 differentia
1244 1022 1363 1107 optime
1385 1022 1576 1107 explicatur.

286 1147 342 1211 ‘In
367 1146 459 1212 libris
483 1152 607 1232 septem
636 1145 796 1230 prioribus
826 1144 922 1209 binae
951 1143 1112 1229 epistulae
1140 1162 1379 1227 nonnumquam
1403 1143 1452 1209 ita
1480 1142 1669 1208 coniunctae
1695 1147 1786 1222 sunt,
1820 1147 1856 1207 ut

221 1287 316 1333 uuam
339 1265 468 1333 efficere
490 1264 671 1347 rideantur,
704 1264 738 1330 id
762 1263 847 1349 quod
869 1263 903 1330 in
925 1262 1090 1330 schedulis
1119 1269 1184 1328 tam
1212 1262 1385 1329 amicorum
1408 1283 1505 1346 quam
1528 1261 1729 1327 librariorum
1751 1260 1853 1346 ipsius

221 1387 362 1453 auctoris
391 1385 542 1453 evenisse
571 1391 688 1472 potest.
736 1384 795 1451 sed
823 1384 1050 1470 inscriptiones
1079 1383 1114 1448 in
1143 1382 1306 1449 codicibus
1337 1382 1467 1468 optimis
1488 1384 1515 1447 P
1537 1390 1570 1449 01
1596 1381 1620 1446 Γ
1646 1403 1705 1467 per
1732 1382 1855 1447 maiora

221 1508 326 1592 spatia
350 1528 414 1573 non
436 1506 624 1573 omittuntur
644 1505 708 1572 nisi
731 1505 816 1572 inter
837 1506 900 1570 VH
922 1508 963 1568 42
987 1507 1100 1586 0159,
1134 1503 1190 1569 061
1213 1504 1309 1588 culpa
1331 1510 1417 1570 certe
1440 1524 1503 1570 non
1534 1503 1666 1570 editoris
1698 1502 1850 1587 primarii,

222 1627 278 1693 sed
300 1628 372 1693 eius
395 1627 521 1693 scribae
543 1632 608 1706 est,
641 1625 698 1708 qui
721 1623 931 1710 archetypum
954 1625 1110 1691 exaravit.
1157 1646 1233 1690 nam
1257 1631 1380 1710 septem
1410 1625 1531 1710 primas
1553 1624 1597 1690 ad
1618 1624 1754 1691 Decium
1784 1623 1856 1707 epi-

221 1747 321 1812 stulas
351 1746 612 1833 inscriptionibus
643 1745 812 1812 distinctas
841 1750 1017 1828 sequuntur
1042 1743 1145 1824 aliae,
1177 1763 1258 1827 quas
1288 1744 1394 1830 spatia
1421 1764 1525 1810 vacua
1554 1744 1751 1827 singulorum
1781 1763 1855 1808 rer-

224 1886 314 1932 suum
338 1866 553 1952 praecedunt,
588 1866 645 1932 sed
667 1885 753 1949 quae
775 1864 819 1930 ad
841 1864 979 1930 eundem
1001 1864 1136 1929 Decium
1159 1864 1300 1948 scriptae
1323 1870 1414 1943 sunt3
1446 1863 1617 1930 Memmius
1638 1863 1738 1947 igitur
1759 1863 1855 1948 Syrn-

222 1987 366 2069 machus‚
392 1986 503 2069 quiin
526 1985 753 2072 componendis
777 1984 924 2071 epistulis
946 2004 1010 2050 non
1031 1983 1161 2066 errarit,
1187 1984 1221 2050 in
1236 1984 1452 2050 inscribendis
1475 1983 1632 2050 titubasse
1650 2003 1713 2049 non
1735 1990 1853 2069 potest.

224 2107 331 2173 mendi
354 2125 488 2173 cansam
510 2106 617 2173 divisa
639 2106 763 2172 librarii
785 2113 818 2171 01
839 2104 1045 2171 rubricatoris
1067 2104 1174 2170 officia
1194 2105 1383 2191 praebuisse
1401 2104 1568 2181 videntur:
1594 2124 1669 2170 narn
1691 2124 1763 2170 cum
1786 2104 1857 2188 epi-

222 2227 379 2293 stularum
409 2227 572 2293 contextui
602 2227 645 2292 ab
675 2227 779 2292 altero
808 2224 985 2311 perscripto
1013 2225 1096 2291 alter
1125 2224 1348 2311 inscriptiones
1370 2225 1469 2291 minio
1492 2224 1700 2311 adpiugeret,
1734 2224 1858 2307 aliquot

221 2346 388 2431 archetypi
418 2346 497 2413 folia
527 2366 632 2413 errore
662 2345 837 2431 praeteriit.
885 2344 1014 2410 diversa
1042 2344 1170 2410 omnino
1200 2345 1280 2411 ratio
1311 2354 1361 2413 est
1390 2346 1424 2411 in
1453 2346 1534 2412 libro
1561 2352 1674 2411 octavo
1704 2352 1853 2411 010000.

222 2489 295 2534 nam
319 2475 356 2533 ut
377 2467 536 2553 epistulas
558 2465 591 2531 in
614 2485 714 2531 unum
737 2465 872 2532 coalitas
894 2464 1051 2547 omittam,
1077 2486 1160 2549 quae
1183 2466 1264 2532 nihil
1286 2466 1361 2532 nori
1383 2466 1548 2551 praebent,
1583 2465 1700 2532 desunt
1719 2465 1858 2548 inscrip-

222 2587 324 2654 tiones
347 2588 426 2652 VIII
451 2591 487 2665 1;
521 2592 579 2667 11;
610 2589 668 2663 26;
701 2589 757 2665 52;
790 2585 839 2650 IX
862 2587 1008 2667 33—483
1036 2588 1093 2664 533
1121 2588 1179 2663 63ς
1206 2590 1372 2668 67-150;
1402 2590 1480 2667 162;
1510 2588 1582 2650 153.
1628 2585 1713 2651 inter
1734 2605 1858 2669 anony-

225 2728 293 2774 mas
315 2714 424 2774 autem
447 2727 513 2773 una
538 2708 598 2790 (IX
623 2710 716 2789 112),
742 2713 778 2773 01
798 2727 839 2772 ex
861 2711 1051 2789 argumento
1072 2711 1179 2790 patet,
1204 2706 1247 2772 ad
1270 2707 1407 2772 Probum
1431 2707 1550 2792 scripta
1572 2708 1682 2789 00141),
1708 2725 1806 2787 quam
1829 2705 1858 2770 si

225 2828 438 2913 Symmachus
467 2827 553 2894 filius
583 2827 787 2911 agnovisset,
821 2826 890 2892 sine
919 2825 1016 2892 dubio
1044 2845 1116 2891 cum
1144 2825 1276 2910 reliquls
1305 2826 1348 2892 ad
1378 2826 1515 2892 eundem
1544 2825 1629 2892 datis
1665 2826 1853 2910 (166-61)

227 2948 468 3034 composuisset.
523 2967 602 3030 ergo
635 2947 802 3034 inscriptio
832 2946 902 3012 eius
929 2966 994 3011 non
1023 2966 1044 3011 a
1072 2946 1269 3012 rubricatore
1299 2945 1421 3013 codicis
1449 2945 1616 3031 archetypi
1644 2945 1765 3011 omissa
1794 2952 1854 3029 est,

226 3068 282 3134 sed
312 3069 379 3134 iam
409 3066 523 3133 editori
554 3067 615 3151 ipsi
643 3067 754 3150 ignota
775 3066 939 3133 remansit.
986 3064 1073 3131 idem
1096 3065 1266 3133 dicendum
1291 3066 1351 3132 erit
1372 3066 1414 3132 de
1436 3067 1485 3131 IX
1507 3067 1564 3147 21,
1599 3086 1681 3149 quae
1704 3065 1859 3151 inscripta

228 3195 290 3255 est:
323 3190 523 3271 Symmachus
549 3191 666 3252 nicorio
694 3192 940 3271 hispaniarum
972 3207 1046 3252 nam
1076 3206 1147 3252 cum
1169 3205 1280 3253 omnes
1304 3187 1449 3272 reliquae
1471 3207 1588 3253 nomen
1610 3187 1680 3253 sine
1702 3186 1859 3271 dignitate

227 3308 458 3394 praescriptum
488 3307 646 3390 habeant,
681 3308 762 3374 haec
791 3307 983 3392 dignitatem
1014 3307 1083 3373 sinc
1109 3307 1237 3373 nomine
1260 3328 1323 3374 non
1344 3308 1411 3374 alia
1432 3306 1473 3374 de
1496 3327 1596 3374 causa
1616 3308 1779 3393 praeferre
1802 3329 1860 3392 po·

230 3435 304 3509 test,
331 3450 429 3512 quam
451 3434 582 3515 propter
603 3428 817 3512 ignorantiam
840 3427 1027 3512 Symmachi
1049 3427 1119 3494 dlii.
1167 3436 1200 3494 et
1221 3428 1394 3495 relationes
1416 3448 1543 3512 quoque
1565 3449 1685 3513 magna
1706 3449 1746 3494 ex
1770 3435 1860 3513 parte

230 3549 296 3615 siue
317 3548 583 3634 inscriptionibus
605 3548 640 3614 in
662 3548 802 3614 auctoris
826 3547 953 3615 scriniis
975 3546 1125 3628 iacuisse,
1153 3568 1252 3634 supra
1278 3550 1320 3633 lp.
1346 3549 1448 3633 XVII)
1475 3549 1540 3614 iam
1563 3548 1714 3615 vidimus.

313 3668 396 3735 Cum
419 3668 522 3734 omnis
551 3669 761 3754 epistularum
792 3667 885 3753 copia
906 3667 939 3732 in
961 3667 1062 3733 libros
1084 3667 1213 3751 digesta
1236 3668 1293 3752 sit,
1325 3688 1383 3752 per
1412 3675 1536 3755 septem
1566 3670 1691 3754 priores
1713 3669 1860 3735 subdivi-

231 3788 333 3855 siones
356 3808 483 3871 quoque
505 3795 613 3855 sertae
635 3788 846 3875 reperiuntur.
893 3787 926 3853 in
948 3789 1068 3873 optimo
1089 3788 1175 3855 enim
1191 3788 1301 3855 codiee
1316 3788 1462 3855 Parisino
1485 3794 1613 3873 praeter
1633 3788 1858 3875 inscriptiones

231 3909 427 3993 singularum
450 3908 659 3995 epistularum
682 3908 838 3989 rubricae,
866 3913 901 3973 ut
922 3907 971 3973 ita
993 3907 1140 3991 dixerim,
1174 3908 1313 3976 maiores
1334 3916 1504 3976 occurrunt
1524 3908 1723 3976 huiusmodi:
1759 3914 1811 3993 29,
1839 3915 1857 3975 7

231 4032 364 4112 duplicis
385 4031 427 4092 od
451 4030 589 4112 Probum,
616 4033 720 4113 incipit
743 4031 785 4093 nd
809 4031 963 4092 Celsinum
989 4033 1142 4093 Titianum
1162 4031 1305 4113 fratrem,
1336 4032 1388 4111 32,
1415 4033 1455 4095 25
1479 4033 1680 4114 1101161101
1706 4035 1858 4095 Titianum

229 4170 405 4233 gomanum
434 4169 540 4233 suum,
571 4153 677 4234 incipit
705 4150 747 4213 ad
776 4152 972 4233 Hesperium,
1004 4155 1037 4216 et
1064 4149 1192 4235 plenius
1225 4153 1300 4232 136,
1327 4153 1368 4213 25
1400 4154 1436 4229 Q.
1463 4150 1540 4215 Aur.
1567 4153 1741 4233 Symmachi
1768 4172 1799 4216 v.
1828 4174 1855 4215 c.

318 4445 359 4508 19)
382 4446 524 4508 Eplstnlam
541 4445 581 4494 IX
600 4444 666 4506 112,
690 4458 756 4506 qnae
780 4445 890 4494 consulis
912 4444 1036 4507 dsstgnsti
1053 4445 1192 4495 0000011001
1209 4445 1357 4508 respondet,
1384 4445 1416 4493 ad
1433 4445 1541 4494 Probum
1561 4445 1732 4505 damnasse,
1760 4447 1857 4497 duabus

232 4533 366 4581 0011001600
389 4532 521 4594 probatum
547 4534 627 4593 prima
648 4531 714 4593 qnod
739 4532 840 4591 consul,
866 4531 897 4579 de
921 4545 971 4593 quo
994 4545 1076 4581 sermo
1100 4537 1152 4592 est,
1178 4531 1205 4579 in
1224 4530 1314 4579 GallMs
1337 4534 1417 4580 100000
1439 4533 1548 4594 sumpsit
1573 4533 1632 4594 (quo
1650 4535 1716 4581 ssim
1731 4538 1805 4595 pacto
1823 4534 1856 4581 ad

231 4621 307 4678 prisraa
330 4617 439 4678 smitam
463 4622 564 4666 taurum
584 4622 687 4666 uocatus
704 4620 831 4680 auspicia,
855 4620 943 4680 passeis
961 4618 1045 4667 diebus
1062 4618 1203 4667 Galliarum
1220 4618 1355 4680 locumque
1369 4621 1563 4679 pssctmrsmly,
1589 4619 1701 4667 0000060
1718 4620 1784 4681 quod
1802 4625 1859 4680 post
1905 4630 1907 4633 ·

233 4704 325 4768 allqnot
347 4716 427 4752 annos
444 4704 569 4764 Augustis
591 4708 618 4751 01
641 4703 748 4752 ducibus
772 4702 925 4752 militaribus
943 4707 1097 4766 reservatos,
1122 4703 1219 4765 primus
1237 4703 1310 4752 homo
1328 4704 1439 4752 cirillum
1456 4706 1566 4767 partium
1585 4705 1742 4753 consulatum
1761 4707 1858 4769 accepit

234 4790 297 4851 (0010
318 4789 396 4839 bosor
417 4792 468 4838 iam
486 4790 585 4851 pridem
601 4794 712 4849 1000001
730 4788 811 4837 ordini
828 4803 900 4838 sarua
917 4793 1038 4852 nimisque
1055 4789 1167 4854 diffletis
1184 4788 1284 4838 tandm
1301 4793 1447 4838 summatem
1463 4791 1578 4838 sistitum
1592 4793 1703 4851 paruum
1719 4794 1802 4839 cissam
1819 4805 1858 4840 re·

233 4879 319 4937 spicit).
357 4876 431 4924 annia
453 4874 677 4925 00100361-378
703 4880 802 4938 praeter
819 4876 948 4936 Augustos
972 4876 1088 4938 uirosque
1106 4890 1191 4926 eorum
1210 4889 1299 4925 novem
1317 4881 1416 4924 1001000
1434 4876 1547 4924 hemines
1565 4877 1710 4925 consulatus
1727 4879 1856 4938 gerebant,

234 4960 296 5010 iuter
320 4974 385 5023 quus
409 4967 506 5023 septem
527 4962 640 5023 magistri
658 4963 769 5011 militum
788 4962 932 5022 Dagalaittrs
952 4961 1037 5025 (366),
1064 4963 1205 5024 Lupicinus
1223 4966 1249 5010 01
1266 4961 1370 5010 lorinus
1390 4960 1474 5023 (367),
1501 4962 1587 5010 Victor
1607 4960 1692 5026 (363),
1719 4963 1859 5011 Arintheus

239 5046 319 5107 (312),
344 5047 481 5108 Aequitius
503 5044 587 5108 (371),
608 5047 771 5096 Merobaudes
790 5046 877 5109 (377),
906 5046 956 5096 duo
973 5050 1093 5110 praelecti
1112 5050 1237 5120 praeterio
1254 5047 1349 5096 Probus
1371 5046 1439 5109 (371)
1459 5056 1484 5095 01
1501 5047 1631 5097 Modestus
1652 5046 1732 5110 (372).
1770 5050 1858 5111 itaque

235 5130 372 5192 Symmachi
395 5133 520 5195 epistula,
547 5146 603 5181 cum
622 5131 752 5181 Modestus
770 5134 869 5182 Orienti
888 5135 1024 5196 praefuerit
1042 5136 1122 5182 01161
1141 5147 1239 5196 qusque
1257 5136 1338 5182 100000
1356 5135 1507 5197 sumpserit,
1533 5138 1577 5181 ant
1595 5134 1627 5182 ad
1645 5135 1752 5183 Probum
1770 5137 1856 5183 reterri

233 5217 302 5268 debet
319 5224 365 5267 001
382 5219 413 5266 ad
430 5219 536 5266 alterum
555 5232 588 5267 ex
606 5220 752 5267 consulibus
770 5220 830 5267 anni
849 5218 909 5281 373,
929 5221 1070 5269 Ausonium
1089 5226 1134 5269 aut
1150 5221 1297 5282 Olybrium,
1318 5225 1375 5282 post
1391 5233 1454 5281 quos
1472 5219 1586 5268 homines
1605 5221 1692 5268 civiles
1710 5222 1857 5284 saepissime

234 5307 304 5353 aunis
322 5305 425 5353 uomina
443 5304 575 5352 (10100001.
608 5304 639 5353 60
658 5306 777 5368 Αο00010,
798 5318 906 5367 quocum
924 5306 1088 5366 Symmachus
1106 5309 1156 5355 lam
1174 5307 1234 5355 lude
1251 5308 1281 5354 06
1300 5322 1324 5355 a.
1344 5304 1395 5355 3611
1412 5307 1502 5355 intima
1519 5307 1689 5355 iamiliarItate
1707 5307 1858 5355 coniunctus

233 5397 291 5452 erat,
311 5390 369 5438 ideo
387 5389 492 5449 cogitari
510 5390 609 5451 nequit,
629 5391 690 5453 quia
707 5392 738 5439 ad
756 5392 885 5440 consulem
902 5392 975 5441 illuns
988 5392 1146 5453 designatum
1159 5393 1258 5441 scribit:
1279 5394 1402 5440 amicitias
1419 5397 1515 5441 austras
1531 5391 1666 5440 necdum
1682 5392 1757 5440 01110
1774 5391 1858 5453 offi-

233 5478 285 5523 ciis
309 5474 479 5523 1001000100
500 5480 613 5537 promptu
636 5478 775 5524 evocatione
799 5478 917 5535 10001011,
942 5476 1059 5536 Olybrius
1083 5483 1167 5525 autem
1191 5477 1338 5526 Gratianum
1357 5494 1380 5526 a.
1400 5476 1451 5526 378
1476 5480 1503 5526 in
1521 5477 1649 5525 Orientem
1667 5478 1799 5525 comitatus
1818 5485 1858 5527 001

237 5560 340 5619 (huson.
359 5566 423 5621 grat.
443 5565 491 5609 art.
514 5559 556 5622 12,
575 5559 617 5623 55)
644 5563 730 5624 ibique
753 5563 897 5623 praelectus
915 5565 1037 5623 praetorio
1054 5565 1137 5612 100100
1154 5565 1181 5612 10
1199 5563 1288 5613 Galliis
1306 5564 1464 5612 consulatum
1482 5563 1547 5610 inire
1565 5574 1614 5610 non
1633 5564 1715 5623 potnit
1736 5563 1769 5625 (r.
1790 5565 1859 5613 indi-

235 5658 283 5695 ceru
301 5661 322 5695 s.
343 5661 368 5695 s.
388 5646 529 5709 Olybrius).
566 5648 636 5696 solus
657 5649 734 5707 Igitur
757 5648 911 5709 relinquitur
928 5649 1038 5711 Probus,
1066 5651 1110 5711 qul
1133 5651 1276 5711 praelectus
1293 5650 1398 5711 quidem
1415 5649 1501 5697 ltaliae
1518 5653 1572 5695 erat
1589 5654 1615 5695 et
1632 5650 1784 5710 plerumque
1803 5650 1858 5699 Sir·

236 5733 276 5780 ull
293 5732 428 5793 residebat,
448 5733 492 5780 sed
512 5737 540 5779 ut
558 5733 632 5781 simul
651 5747 708 5781 cum
727 5733 846 5782 Gratiano
864 5735 978 5793 Augusto
996 5737 1104 5785 trabeam
1123 5741 1244 5798 sumeret,
1263 5736 1337 5783 100110
1356 5735 1473 5782 Treuiros
1491 5736 1584 5782 evocari
1603 5736 1695 5797 potuit.

305 5832 332 5883 Q.
347 5832 463 5873 Assacsrs
477 5832 626 5874 Susannam.
1632 5835 1651 5889 d
