4686 6472
462 479 521 544 LX
1080 478 1131 532 DE
1149 474 1347 535 sultanum
1365 471 1470 533 VITA.

464 724 582 787 genero
605 703 753 769 absoluto
775 701 924 768 Flaviani
948 701 1078 768 maioris
1100 703 1254 768 memoria
1275 703 1439 784 restituta,
1466 698 1543 783 quin
1563 700 1662 767 etiam
1685 701 1829 767 oratioue
1851 700 2026 767 Theodosii
2049 701 2093 766 ad

462 831 608 891 senatum
631 823 732 889 missa
754 822 887 889 summis
910 820 1062 888 laudibus
1085 823 1393 907 celebrassemus),
1426 821 1497 907 ipse
1520 840 1649 903 quoque
1671 821 1821 887 fiduciam
1845 821 1896 888 sui
1918 821 2040 907 recepit
2061 827 2095 887 et

463 943 580 1010 officiis
602 942 816 1009 familiaribus
838 948 925 1008 66666
949 942 1186 1026 diligentiorem
1209 962 1339 1028 operam
1362 941 1527 1027 impendit,
1555 947 1675 1025 quanto
1698 942 1803 1025 magis
1825 942 1858 1006 in
1881 940 2016 1026 ancipiti
2036 941 2094 1007 illo

461 1085 565 1132 rerum
595 1070 678 1131 statu
707 1063 883 1130 amicorum
913 1063 1027 1147 opibus
1055 1063 1236 1146 indigebat.
1283 1071 1415 1130 etcum
1445 1062 1588 1147 alioquin
1609 1082 1715 1128 rorum
1738 1069 1854 1128 natura
1876 1062 1932 1143 sit,
1966 1067 2002 1127 ut
2023 1062 2095 1147 epi·
2172 1067 2176 1074 ’

462 1186 557 1253 stalis
591 1191 665 1270 post
698 1183 838 1251 auctoris
871 1184 991 1251 obitum
1026 1185 1169 1251 collectis
1199 1193 1232 1251 et
1259 1185 1355 1252 editis
1383 1184 1525 1249 maxima
1555 1204 1596 1250 ex
1626 1182 1748 1249 ultimis
1776 1183 1972 1268 temporibus
2001 1182 2095 1267 copia

463 1306 619 1392 supersit,
652 1305 710 1370 bes
740 1304 807 1370 iere
838 1305 934 1371 totius
957 1305 1100 1390 corporis
1122 1304 1217 1371 annis
1239 1313 1309 1372 octo
1333 1307 1502 1369 395-402
1526 1304 1645 1387 scripta
1667 1310 1727 1370 est.
1775 1304 1866 1369 cuius
1888 1302 2096 1386 chronologia

463 1434 498 1493 ut
518 1425 619 1491 firmis
641 1424 859 1490 fundamentis
881 1424 1026 1505 insistat,
1062 1425 1199 1510 primum
1222 1424 1263 1491 de
1286 1426 1365 1493 locis
1387 1425 1488 1491 verba
1510 1423 1624 1489 facturi
1648 1441 1774 1504 sumus,
1800 1423 1975 1505 inquibus
1998 1423 2095 1508 Sym-

462 1546 596 1612 machus
617 1552 686 1611 tum
708 1551 855 1612 versatus
877 1551 937 1611 est.

545 1667 739 1731 Asianus.
783 1668 859 1747 170,
890 1669 928 1730 19
958 1664 1000 1731 ad
1024 1665 1233 1731 flavianum:
1267 1671 1328 1749 ipsi
1349 1670 1382 1730 ia
1405 1666 1566 1730 Arabiano
1588 1667 1717 1728 domnae
1735 1666 1819 1747 filiae
1841 1685 1926 1728 meac
1948 1674 2094 1748 suspecta-

435 1760 528 1852 vmus
557 1789 740 1865 adventum;
773 1789 839 1851 ticet
868 1796 895 1851 66
924 1788 1031 1865 stiam,
1065 1789 1156 1851 decus
1185 1796 1338 1869 nostrum,
1373 1790 1530 1851 dierum
1558 1788 1809 1851 sollemnium
1837 1790 1916 1850 ratio
1939 1789 2094 1870 confestim

461 1911 610 1993 sporsdsat
632 1908 826 1990 adfuturum.
866 1907 894 1972 si
917 1905 988 1972 dies
1012 1907 1186 1972 sollemnes
1208 1906 1250 1972 de
1272 1906 1364 1973 festis
1386 1907 1548 1991 aliquibus
1570 1908 1761 1974 al'laviano
1777 1906 1981 1973 celebrandis
1995 1907 2096 1972 inter-

369 2021 374 2029 ’
461 2034 634 2115 pretemnr,
661 2027 702 2093 de
725 2047 763 2094 eo
785 2027 985 2113 potissimum
1007 2027 1123 2093 itinere
1146 2027 1350 2111 cogitandum
1374 2027 1448 2109 erit,
1476 2048 1571 2111 quem
1594 2049 1615 2094 a
1637 2029 1769 2095 consule
1792 2027 1962 2110 designato
1985 2027 2095 2093 Theo-

461 2149 538 2215 doro
566 2154 717 2215 evocatus
746 2147 853 2213 hieme
874 2168 905 2213 a.
932 2150 995 2212 398
1027 2148 1170 2234 suscepit
1197 2149 1238 2232 (v.
1262 2147 1372 2231 infra).
1419 2168 1494 2213 nam
1517 2149 1746 2215 Mediolanium
1769 2169 1788 2215 e
1810 2147 1990 2233 Campania
2012 2147 2096 2233 peti-

459 2275 550 2336 turus
572 2270 705 2335 Romam
727 2287 854 2352 quoqne
876 2266 966 2334 adire
989 2266 1139 2334 debehat.
1186 2268 1227 2335 de
1250 2268 1415 2334 Arabiane
1437 2267 1479 2333 cf,
1504 2267 1580 2334 adn.
1610 2273 1681 2334 117.

551 2390 671 2455 Bsmn.
697 2390 819 2455 stnl.
865 2394 991 2455 aestate
1013 2409 1046 2454 a.
1072 2392 1134 2455 396
1157 2410 1189 2455 v.
1214 2388 1363 2455 Formiae
1386 2392 1416 2454 3.

549 2511 675 2577 Gsnvs.
723 2531 766 2575 m.
791 2509 968 2575 Novembri
990 2529 1021 2575 a.
1049 2513 1111 2575 396
1133 2531 1166 2576 v.
1191 2510 1341 2576 Formiae
1364 2513 1394 2573 3.

553 2630 658 2696 Cous.
704 2630 789 2696 inter
811 2629 917 2713 villas,
943 2649 1024 2713 quas
1047 2630 1261 2714 Symmachus
1283 2651 1314 2694 a.
1334 2632 1395 2694 398
1420 2629 1593 2715 incipiente
1615 2630 1839 2713 frequentavit,
1867 2631 1993 2697 Gerana
2015 2650 2096 2713 quo-

464 2771 528 2834 que
549 2749 743 2816 nominatur.
789 2770 821 2815 u.
846 2749 922 2816 adn.
950 2752 1023 2815 278.

553 2871 685 2936 Cvuan.
733 2876 856 2937 aestate
878 2889 909 2935 a.
936 2872 998 2936 396
1020 2891 1052 2936 v.
1077 2869 1225 2936 Formiae
1248 2873 1279 2936 3.

552 2993 723 3058 Founssu.
774 2994 799 3076 1)
831 2994 902 3075 152,
922 2997 941 3056 5
966 2995 1028 3074 ipss
1051 2994 1181 3055 Formiis
1197 2992 1296 3055 adhuc
1310 2993 1446 3055 residere
1460 2995 1611 3072 constitui,
1638 3000 1671 3055 ut
1694 2995 1893 3077 mitigatis
1916 2997 2098 3057 autumni

466 3115 643 3179 aestibus
666 3115 707 3176 ud
728 3114 909 3177 suburbana
931 3114 1101 3176 concedam.
1142 3132 1237 3195 neque
1260 3116 1339 3175 enim
1361 3115 1503 3194 temporis
1526 3115 1586 3175 met
1606 3116 1687 3176 ratio
1707 3116 1837 3194 patitur,
1863 3124 1897 3177 ut
1911 3134 2096 3177 communem

463 3239 602 3318 patriam
631 3241 764 3296 maestus
795 3234 963 3317 6696666666.
1011 3231 1121 3297 nullus
1151 3230 1204 3296 his
1233 3231 1327 3296 annis
1357 3231 1542 3316 Symmachi
1572 3252 1699 3298 maeror
1727 3232 1880 3313 innotuit,
1915 3254 1978 3316 quo
2007 3234 2096 3300 urhis

467 3354 576 3420 oculos
599 3351 763 3420 declinare
785 3357 914 3417 coactus
937 3351 979 3416 sit
987 3354 1052 3435 ²⁶⁰),
1080 3357 1206 3436 praeter
1220 3351 1371 3417 flaviani
1393 3359 1537 3434 mortem,
1563 3352 1654 3418 cuius
1676 3353 1818 3437 nuntius,
1845 3372 1916 3419 cum
1931 3354 2097 3437 Eugenius

466 3475 498 3541 d.
525 3479 544 3539 6
568 3474 657 3558 Sept.
682 3493 713 3537 a.
741 3474 801 3536 394
832 3471 934 3539 mutus
965 3471 1088 3553 sit²⁵¹),
1123 3476 1266 3535 aestumat
1292 3474 1424 3537 aestibus
1455 3480 1491 3539 at
1518 3492 1589 3538 cum
1619 3473 1759 3539 maxime
1789 3473 1987 3540 ferventibus
2016 3474 2097 3540 For-

466 3596 550 3661 mias
572 3595 715 3679 perlatus
737 3611 810 3658 esse
833 3591 940 3658 debet.
988 3598 1020 3657 et
1042 3613 1106 3657 una
1129 3613 1200 3658 cum
1222 3592 1379 3659 Flaviano
1402 3593 1485 3675 filio,
1518 3594 1573 3678 qui
1594 3614 1695 3660 annos
1720 3597 1888 3660 394-398
1912 3594 2033 3661 maiore
2056 3615 2096 3661 ex

466 3714 613 3800 partein
636 3713 834 3799 Campaniae
855 3712 942 3778 villis
965 3711 1181 3798 consumpsit,
1212 3712 1441 3797 Symmachum
1464 3715 1529 3779 ruri
1551 3713 1652 3781 fuisse
1674 3720 1815 3796 6666666,
1842 3721 2014 3797 numquam
2037 3737 2097 3802 pa-

465 3836 523 3900 tris
547 3834 709 3900 hereditas
731 3833 814 3899 iuter
835 3832 927 3898 illam
950 3832 1145 3917 fratremque
1168 3832 1239 3899 eius
1262 3831 1536 3917 divideremus).

552 3957 580 4038 2)
613 3958 682 4034 144,
709 3957 751 4017 22
773 3954 1003 4018 commendastis
1027 3955 1102 4017 mihi
1122 3964 1207 4017 vetus
1230 3954 1377 4017 indicium
1399 3975 1507 4035 meum,
1534 3958 1588 4039 qut
1609 3976 1645 4018 66
1667 3958 1703 4019 dc
1726 3959 1825 4021 litoris
1842 3960 2001 4030 Formiani
2021 3979 2097 4041 pra-

467 4080 510 4138 tia
533 4085 560 4138 66
582 4075 764 4138 6666666666
787 4077 915 4138 sentitis.
946 4111 990 4121 —
1018 4083 1083 4156 opto
1107 4077 1138 4137 in
1162 4076 1213 4137 itta
1236 4078 1308 4138 sinu
1330 4095 1420 4158 apere
1445 4075 1614 4155 uobiscum,
1646 4079 1744 4160 qaod
1773 4086 1905 4141 restat
1927 4081 2094 4160 aestati,

467 4206 501 4260 ut
529 4205 556 4258 66
583 4198 666 4258 locist
695 4197 769 4259 mihi
789 4205 971 4277 praestet
999 4196 1271 4259 ualetudinem
1298 4205 1325 4259 66
1347 4215 1400 4259 666
1422 4198 1520 4259 autari
1540 4201 1733 4280 voluptatem.
1785 4199 1856 4280 174,
1883 4199 1923 4261 28
1944 4200 2006 4281 fuit
2027 4201 2098 4262 6666-

467 4494 555 4555 effecit.
594 4490 722 4540 tribuenda
747 4497 782 4539 est
801 4494 878 4553 ipttus
895 4494 968 4539 venia
987 4490 1112 4541 tarditatis
1129 4506 1181 4541 aon
1198 4493 1365 4553 neptepsntiae
1383 4492 1425 4541 sed
1442 4492 1614 4541 moestitudini
1630 4507 1697 4541 meae
1715 4498 1737 4542 66
1755 4492 1819 4542 bono
1836 4496 1916 4542 6666666
1933 4493 2098 4553 familiaritas

467 4578 616 4640 copulanda,
636 4579 678 4626 eui
696 4578 836 4638 auspicium
853 4577 1007 4638 fortunatius
1023 4581 1175 4639 praestitisti.

552 4662 612 4724 248)
636 4663 693 4725 153,
713 4663 728 4712 2
752 4664 781 4711 661
805 4664 952 4712 Flavianum
977 4665 1114 4713 mlnorem:
1141 4668 1210 4713 uiuat
1233 4665 1305 4713 inodo
1323 4670 1346 4714 66
1365 4668 1392 4714 in
1407 4668 1487 4726 patris
1505 4666 1591 4714 celebri
1607 4668 1724 4715 6666666666
1741 4667 1861 4714 solacium
1880 4671 1990 4714 tuamet
2009 4670 2098 4715 intua

465 4753 545 4800 salute
561 4754 666 4812 pauens
683 4753 815 4811 separatio.
853 4750 882 4799 (1.
902 4752 925 4799 Ι.
946 4752 975 4799 Is.
996 4751 1033 4801 Vl
1053 4750 1119 4801 1183
1138 4751 1199 4802 bono
1217 4752 1358 4811 nobiseum,
1377 4751 1477 4813 plateas)
1496 4752 1656 4813 clamertptt),
1685 4748 1841 4818 [faustoque]
1859 4754 1939 4800 omine
1957 4753 2097 4813 intellegitis

464 4837 585 4900 profecto,
605 4836 725 4899 quidquid
743 4840 769 4886 666
787 4839 966 4886 resitutionem
982 4841 1134 4899 pr.m...iats
1154 4840 1267 4888 inlustris
1284 4845 1308 4887 66
1326 4840 1494 4888 muetissimae
1512 4843 1572 4899 aput
1589 4851 1672 4887 omnes
1689 4838 1864 4887 reeordationis
1882 4838 2000 4887 Flauiani
2017 4840 2098 4888 senio·

465 4921 522 4991 [sib
540 4923 653 4985 adunus,
673 4922 726 4972 divi
743 4925 785 4971 avi
802 4927 880 4971 nostri
901 4924 965 4984 (soll.
986 4925 1124 4984 Theodosii)
1145 4928 1327 4975 666666666666666
1345 4939 1402 4987 esse,
1423 4927 1445 4972 si
1463 4939 1528 4987 eum,
1551 4938 1623 4987 quem
1643 4924 1737 4972 ‘vivers
1755 4923 1824 4973 nabis
1841 4923 1998 4987 servariqlue)
2018 4923 2098 4972 vobh'

466 5038 500 5047 -
520 5022 583 5072 quae
601 5009 674 5059 verba
691 5012 744 5058 etus
762 5014 823 5070 aput
840 5025 885 5058 666
902 5009 980 5069 fuisse
996 5010 1123 5073 pteriqlue)
1141 5013 1290 5060 meministis
1308 5038 1343 5047 -
1360 5014 1470 5075 optauit,
1497 5014 1532 5059 sie
1557 5014 1584 5059 in
1601 5015 1761 5061 monumenta
1778 5014 1898 5059 uirtutum
1915 5023 2019 5057 mearum
2036 5012 2098 5058 titu-

466 5098 563 5159 tosq(ue]
587 5109 741 5157 6666666666,
767 5100 796 5143 ut
820 5095 939 5158 quidquid
961 5100 989 5144 in
1014 5099 1087 5144 66666666
1110 5112 1183 5146 casea
1206 5099 1395 5146 insimulatione
1417 5100 1565 5145 6666666666
1589 5101 1639 5158 est,
1665 5098 1753 5158 promet
1776 5097 1807 5145 ab
1831 5099 1885 5144 eius
1907 5098 2025 5157 6666666666
2043 5100 2098 5144 sata

465 5182 544 5242 (uisse
567 5181 686 5230 6661666666.
724 5183 756 5233 cf.
778 5183 893 5231 Ambrae.
914 5182 945 5230 ds
963 5183 1024 5232 obit.
1046 5183 1140 5233 Theod.
1162 5181 1178 5230 4
1201 5184 1244 5245 qui
1261 5186 1336 5232 666666
1354 5186 1401 5244 its,
1427 5186 1747 5246 praesusumens,
1774 5182 1870 5243 6666666,
1896 5197 1970 5245 mam
1988 5181 2096 5241 66666666,

464 5272 565 5331 66666666
583 5267 775 5328 indulgentiam.

552 5354 611 5416 2511)
633 5355 672 5403 [lt.
693 5354 751 5402 adn.
772 5352 832 5403 247.
853 5353 903 5404 248
922 5360 992 5416 etp.
1015 5354 1073 5417 193,
1095 5354 1140 5416 lb,
1163 5354 1221 5419 152,
1245 5355 1290 5417 1ος
1312 5354 1370 5419 255,
1390 5355 1433 5406 25.

552 5440 612 5503 251)
633 5441 728 5490 866666.
749 5442 772 5487 V
791 5440 832 5489 25.

552 5527 610 5587 252)
635 5527 692 5589 158,
713 5526 746 5575 36
764 5527 794 5575 sd
812 5527 959 5576 Flavianum
978 5529 1108 5577 minorem:
1137 5531 1163 5576 iu
1180 5541 1208 5576 eo
1225 5531 1322 5589 auum,
1350 5528 1414 5590 quod
1431 5542 1474 5577 uos
1498 5527 1667 5576 discessus
1689 5532 1802 5575 noster
1825 5528 1964 5587 6666666666,
1989 5525 2099 5574 habitum

464 5628 533 5663 meae
556 5616 645 5661 mentis
668 5627 787 5672 66666666ς
814 5613 856 5661 sed
880 5611 961 5661 adhue
985 5613 1110 5662 desideriis
1134 5617 1230 5663 mutuis
1244 5618 1355 5675 praestat
1373 5613 1477 5662 suadese
1492 5617 1640 5675 patientiam
1659 5627 1733 5675 pesam
1748 5611 1926 5673 paenitendum
1943 5611 2039 5673 6666666661
2054 5626 2100 5673 per

465 5699 647 5747 iubectttitatem
665 5698 812 5758 adfectionis
829 5697 914 5747 ordiri.
951 5714 1009 5748 mou
1026 5714 1082 5747 eum
1100 5714 1232 5760 6666666666
1249 5705 1308 5749 tuus
1325 5700 1355 5749 ste
1371 5703 1492 5762 66666666,
1512 5705 1541 5748 ut
1558 5704 1604 5762 ais,
1625 5704 1736 5761 66666666
1753 5697 1874 5762 adfuerit,
1896 5703 1920 5748 et
1937 5698 2034 5757 felicem
2051 5711 2097 5745 uo·

464 5785 499 5835 bis
517 5791 540 5833 et
557 5786 722 5835 aeeeuartum
739 5784 846 5834 reditum
863 5783 1011 5835 diuidendae
1029 5789 1093 5837 tates·
1110 5801 1153 5836 666
1170 5790 1351 5838 communionis
1369 5801 1446 5837 eausa
1462 5787 1605 5848 pronubis.
